1839 3292
422 247 478 286 82

822 243 1285 280 HERODOTI

429 353 700 408 Κορινθίους
737 351 874 395 πολλά
914 367 958 394 τε
993 351 1066 394 καὶ
1096 350 1210 393 κακὰ
1241 350 1376 405 ἔλεγε·
1419 348 1620 393 ἑωυτοῖσι
1647 364 1692 392 τε

423 421 582 477 ἐδήλου
619 418 733 475 λόγῳ
764 418 839 470 ’ὡς
870 420 934 474 εἴη
963 418 1035 460 καὶ
1064 415 1188 466 πόλις
1218 417 1292 459 καὶ
1319 420 1376 472 γῆ
1417 417 1553 471 μέζων
1582 415 1692 472 ἥπερ

422 492 618 537 κείνοισι,
652 485 732 529 ἔστ’
762 487 819 529 ὂίν
851 485 1067 542 διηκόσιαι
1097 484 1197 540 νῆές
1227 494 1307 538 σφι
1338 483 1438 525 ἔωσι
1470 489 1751 540 πεπληρω-90

425 557 567 613 μέναι·
601 553 825 609 οὐδαμοὺς
841 556 925 610 γάρ
944 551 1164 607 Ἑλλήνων
1187 548 1348 600 αὐτούς
1369 549 1568 602 ἐπιόντας
1590 551 1694 595 ἄπο-

301 629 367 674 62
426 623 708 676 κρούσεσθαι.
768 623 1008 677 Σημαίνων
1039 621 1083 663 δὲ
1113 622 1262 669 ταῦτα,
1297 621 1358 676 τῷ
1389 617 1505 676 λόγῳ
1536 619 1696 674 διέβαι-

427 708 474 735 νε
522 691 565 741 ἐς
606 689 911 746 Εὐρυβιάδεα,
954 689 1092 744 λέγων
1136 690 1300 741 μᾶλλον
1347 686 1695 742 ἐπεστραμμένα·

426 758 524 812 „Ed
555 760 592 802 εἰ
624 759 787 814 μενέεις
818 757 979 811 αὐτοῦ,
1020 755 1092 800 καὶ
1121 754 1266 811 μένων
1296 755 1412 798 ἔσεαι
1447 753 1562 811 ἀνήρ
1593 752 1695 811 ἄγα-

373 979 532 1016 stoclem
561 974 698 1015 dixisse
732 986 886 1026 narrat,
919 991 1034 1031 quem

372 1042 502 1072 tamen
543 1035 731 1082 eundem,
770 1042 811 1072 ut
852 1037 950 1072 bene
984 1035 1037 1070 ibi

372 1099 506 1128 monet
528 1092 695 1128 Sintenis
722 1104 808 1141 pag.
832 1092 912 1136 51,
955 1092 1036 1127 noli

373 1148 606 1185 confundere
629 1161 717 1184 cum
729 1148 936 1184 Eretriensi
957 1147 1035 1195 illo,

372 1206 478 1242 cuius
490 1204 590 1255 apud
605 1203 771 1242 eundem
785 1201 1036 1240 Plutarchum

372 1274 466 1298 mox
491 1262 658 1298 iniicitur
687 1262 846 1302 mentio.
878 1284 928 1289 —
991 1262 1036 1296 In

371 1331 476 1369 seqq.
512 1317 560 1354 ad
580 1319 695 1355 verba
727 1315 782 1364 οἷς
812 1317 872 1368 εἴη
903 1318 1036 1354 Iacobs

371 1375 519 1411 confert
546 1376 585 1423 Ι,
623 1374 692 1415 24.
730 1376 805 1423 ΙΙΙ,
837 1376 902 1415 56.
936 1374 1037 1422 VIII,

377 1433 468 1472 137.

428 1482 503 1526 ἔστ’
533 1481 585 1525 ὅὶν
631 1482 833 1537 διηκόσιαι
868 1488 965 1537 νῆες
1000 1501 1037 1525 κ.

371 1557 405 1581 τ.
426 1544 479 1593 λ.]
502 1543 613 1580 Cous.
634 1551 731 1580 nott.
753 1543 801 1580 ad
822 1544 920 1591 VIII,
945 1546 963 1583 1
989 1543 1036 1580 de

372 1602 530 1636 navium
546 1613 722 1637 numero.

430 1653 635 1707 ου’ὂαμοῦς
652 1654 725 1709 γαρ
745 1651 945 1706 Ἑλλήνων
963 1651 1035 1695 ocv’-

372 1710 469 1761 τούς
480 1708 666 1760 ἐπιόντας
679 1709 1030 1765 ἀποκρούσεσθαι]

372 1769 397 1806 i.
420 1784 453 1807 e.
484 1770 599 1807 nullos
635 1772 725 1807 enim
745 1770 828 1821 fore
865 1770 1032 1818 Graecos,

375 1829 439 1877 qni
458 1828 550 1877 ipsos
572 1827 820 1876 aggredientes
852 1827 1034 1876 repellant.

373 1883 439 1920 Sic
468 1884 630 1921 verbum
653 1877 953 1936 ἀποκρούεσθαι
970 1884 1033 1932 lv,

373 1941 469 1980 200.
537 1939 599 1977 Ad
644 1940 767 1991 ipsam
808 1942 1034 1977 sententiam

373 2008 544 2046 compar.
587 1995 764 2048 Aeschyl.
804 1998 911 2035 Pers.
955 1997 1034 2039 346

375 2064 455 2106 seq.
477 2050 576 2103 (354
597 2067 675 2106 seq.
696 2054 859 2105 Blomf.)

574 2143 667 2194 Cap.
702 2144 824 2181 an.

430 2219 554 2274 λέγων
564 2224 712 2273 μᾶλλον
722 2221 1034 2275 ἐπεστραμμένα]

372 2277 454 2314 scil.
495 2277 568 2329 ἔπη
593 2291 603 2316 :
650 2282 847 2330 asperiora,
879 2281 1037 2316 concita-

373 2336 468 2371 tiara
505 2336 612 2372 verba
630 2337 806 2387 intelligit
835 2334 1036 2386 Schweig-

375 2388 547 2430 haeuser.
608 2393 726 2430 citans
777 2394 847 2430 VII
868 2423 878 2441 ,
942 2395 1035 2433 160.

375 2448 519 2486 Iacobs.
540 2449 580 2484 in
594 2449 745 2498 Atticis,
766 2450 832 2486 ubi
853 2448 954 2486 hunc
976 2449 1036 2486 lo-

377 2517 466 2540 cum
506 2507 667 2557 recepit,
719 2507 882 2557 explicat
920 2506 1035 2543 verba

374 2572 538 2609 nervosa,
559 2564 710 2611 gravia,
742 2567 892 2612 drenge,
922 2562 1034 2599 nach—

380 2615 577 2655 ‹lriickliche
609 2619 742 2667 Worte,
769 2620 943 2671 proprie:
971 2621 1035 2656 mit

381 2670 492 2721 Krast
508 2675 596 2710 nach
617 2678 722 2713 einem
737 2677 838 2714 Ziele
860 2675 1038 2725 geschleu-

380 2727 494 2775 dene,
519 2742 641 2781 eoque
659 2733 773 2769 etiam
789 2734 914 2779 refert,
934 2731 1038 2785 quod

380 2781 517 2820 dicitur
535 2784 754 2839 ἐπιστροφή
765 2793 837 2830 τοῦ
855 2785 975 2841 λόγου
991 2788 1038 2826 de

376 2841 413 2877 vi
434 2842 633 2895 nervisque
650 2845 1038 2885 orationisPlutarch.

1093 974 1282 1013 Tlxemist.
1312 988 1397 1026 cap.
1429 977 1492 1015 11.
1533 971 1606 1011 hac
1642 974 1681 1011 in
1711 987 1752 1012 re

1095 1032 1184 1069 dicit
1221 1031 1472 1083 ἐπιστρέφειν
1504 1027 1575 1071 τὸν
1607 1027 1752 1083 λόγον.-

1095 1090 1151 1126 die
1182 1089 1339 1139 Sprache
1364 1089 1519 1135 iinclern,
1558 1095 1601 1124 ut
1629 1086 1753 1125 reddit

1094 1146 1261 1182 Sintenis
1280 1158 1366 1195 pag.
1387 1147 1452 1185 79.
1471 1143 1638 1181 eundem
1653 1157 1753 1197 quo-

1094 1215 1169 1253 que
1189 1201 1429 1238 Herodoteae
1447 1202 1648 1239 locutiOnis
1663 1215 1754 1238 sen-

1092 1272 1179 1295 sum
1218 1257 1340 1295 videri
1369 1257 1559 1298 adjiciens.
1628 1259 1754 1296 Erunt

1092 1316 1208 1366 igitur
1236 1313 1275 1351 h.
1305 1315 1329 1351 l.
1358 1315 1474 1352 verba
1504 1327 1684 1352 conversa
1712 1315 1754 1364 (a

1092 1373 1209 1423 priori
1245 1373 1324 1410 scil.
1363 1370 1481 1408 modo
1520 1371 1656 1408 leniter
1692 1371 1754 1409 lo-

1095 1427 1257 1480 quendi:
1287 1423 1371 1468 τότε
1408 1425 1480 1479 μὲν
1509 1429 1561 1465 ait
1589 1441 1672 1479 cap.
1699 1430 1754 1469 60

1094 1486 1178 1522 init.
1210 1480 1342 1536 η’πίως
1369 1481 1470 1536 πριός
1501 1482 1568 1524 τὸν
1602 1482 1754 1536 Κορίν-

1093 1546 1192 1581 θιον
1214 1537 1437 1592 α’μείψατο)
1468 1542 1493 1578 i.
1515 1555 1548 1579 e.
1561 1544 1752 1592 asperiora,

1092 1601 1336 1636 concz'tatiora.
1394 1600 1474 1636 Nec
1497 1599 1605 1635 aliter
1623 1600 1754 1636 locum

1091 1656 1267 1706 intelligit
1287 1655 1440 1705 Negris,
1480 1654 1528 1692 ad
1560 1655 1700 1692 Herod.
1721 1657 1752 1704 1,

1092 1715 1144 1753 30
1197 1713 1290 1761 (ubi
1327 1710 1612 1762 ἐπιστρεφέως,
1648 1712 1754 1765 quod

1093 1770 1257 1820 explicat
1292 1769 1472 1819 ζωηρῶς)
1513 1767 1608 1806 haec
1636 1769 1752 1806 verba

1093 1828 1280 1873 excitans,
1310 1825 1437 1862 addita
1458 1838 1670 1876 neograeca
1689 1828 1752 1863 in-

1091 1884 1361 1934 terpretatione
1394 1881 1487 1920 hae:
1527 1880 1675 1934 ὅμιλῶν
1703 1880 1751 1933 μὲ

1093 1939 1374 1991 περισσοτέραν
1393 1937 1659 1991 σφοδρότητα.
1687 1940 1753 1977 Tu

1093 1996 1169 2034 vid.
1200 2010 1297 2049 quae
1318 1997 1387 2047 ipsi
1408 1996 1457 2033 ad
1485 1995 1525 2036 h.
1547 1997 1573 2034 l.
1601 1997 1753 2034 notavi-

1092 2066 1189 2091 mus.
1248 2056 1347 2090 Nam
1374 2054 1447 2090 allo
1470 2065 1584 2091 sensu
1603 2054 1656 2091 ibi
1675 2052 1752 2091 dici

1091 2109 1242 2147 videtur
1268 2110 1445 2163 εἴρεσθαι
1472 2108 1751 2162 ἐπιστρεφέως.

1151 2219 1211 2260 Σύ
1236 2222 1271 2262 εἰ
1292 2221 1441 2273 μενέεις
1464 2238 1500 2265 κ.
1530 2238 1562 2262 τ.
1586 2223 1641 2271 λ.]
1664 2221 1752 2271 „Tu

1093 2281 1125 2315 si
1149 2279 1204 2316 hic
1233 2282 1424 2327 manseris,
1455 2283 1487 2317 et
1517 2292 1654 2317 manens
1681 2293 1753 2318 rem

1093 2335 1171 2373 bene
1191 2339 1338 2385 gesseris
1355 2337 1433 2374 sive
1453 2338 1569 2374 virum
1583 2340 1615 2374 le
1641 2350 1752 2387 prae-

1091 2394 1242 2441 stiteris3
1274 2392 1532 2444 supplendum
1566 2394 1753 2446 relinqui-

1090 2456 1152 2486 tur
1174 2446 1311 2497 σώσεις
1330 2447 1403 2501 τήν
1419 2447 1586 2490 Ἑλλοῖὄα
1604 2451 1664 2488 vel
1682 2445 1753 2500 ὄρ-

1090 2501 1268 2554 θώσεις,
1318 2514 1407 2555 aut,
1442 2508 1472 2543 si
1515 2508 1596 2560 quis
1629 2508 1752 2555 malit,

1091 2563 1194 2615 quod
1226 2564 1414 2616 plerisque
1452 2565 1543 2601 locis
1577 2571 1751 2601 veterum

1095 2621 1282 2670 congruit,
1301 2623 1430 2667 καλῶς
1446 2622 1505 2657 vel
1520 2615 1565 2660 εὖ
1585 2617 1635 2660 ἂν
1646 2620 1748 2672 ἕχοιτ

1094 2683 1206 2727 prout
1253 2675 1352 2714 hanc
1412 2678 1558 2728 ellipsin
1602 2678 1752 2728 supplet

1095 2731 1324 2784 Tryphon.“
1393 2734 1619 2771 l‘alcken.
1665 2732 1751 2771 vid.

1094 2791 1287 2828 Lambert.
1308 2792 1393 2828 Bos.
1450 2792 1508 2828 De
1538 2792 1674 2841 ellipss.
1703 2791 1748 2829 L.

1095 2847 1163 2886 Gr.
1193 2861 1230 2899 p.
1267 2849 1347 2889 803
1381 2860 1462 2901 seq.
1500 2854 1537 2885 et
1563 2849 1753 2898 Hartung.
