1839 3292
86 691 294 728 Aponomame
330 696 360 714 o—

85 725 181 754 raculfi
200 724 283 750 iussu
301 721 361 748 Eu-

85 761 155 787 enio
179 757 327 785 dederint.

86 793 168 822 mem
180 792 279 818 clarus
298 791 364 817 arte

87 824 282 855 vaticinandi.

405 214 490 255 340

808 205 1278 245 HERODOTI

409 322 621 376 ,,λυ’κους·
668 318 722 362 οὐ
767 314 979 369 πρότερόν
1019 330 1062 356 τε
1103 311 1352 356 παύσεσθαι
1396 309 1679 366 τιμωρέοντες

413 392 614 448 ,,ἐκείνῳ,
653 388 756 440 πρὶν
785 384 814 440 ἢ
846 385 969 432 δίκας
1010 384 1118 424 δῶσι
1156 384 1245 423 τῶν
1279 379 1490 435 ἐποίησαν
1518 377 1679 428 ταύτας

412 460 514 513 „vobs
545 458 599 500 ἂν
621 454 753 504 αὐτὸς
783 453 928 506 ἕληται
958 450 1030 492 καὶ
1061 452 1241 492 δικαιοῖ·
1272 449 1440 491 τούτων
1470 448 1515 490 δὲ
1543 451 1678 490 τελεο-
1692 450 1736 485 75

411 525 604 582 ,,μένων,
648 522 774 567 αὐτοὶ
805 519 964 564 δώσειν
994 516 1173 573 Εὐηνίῳ
1213 515 1338 560 δόσιν
1366 513 1573 570 τοιαύτην
1602 513 1683 570 την

285 590 352 636 9-1
411 591 632 647 ,,πολλου’ς
676 608 750 646 μιν
788 591 1019 645 μακαριεῖν
1067 583 1320 639 άνθρεόπων
1367 583 1558 639 ἓ’χοντα.“
1621 581 1684 623 Τὰ

83 659 178 694 Quam
211 662 336 697 poenam

417 662 495 718 μὲν
523 658 761 717 χρηστήρια
788 654 925 700 ταῦτά
957 668 1035 709 σφι
1065 653 1269 709 ἐχρήσθη.
1331 653 1373 695 οἱ
1407 652 1452 695 δὲ
1477 649 1686 694 Ἀπολλω-

419 734 587 785 νιῆται,
619 726 850 781 άπόῤῥητα
876 723 1174 778 ποιησάμενοι,
1204 719 1449 775 προέθεσαν
1466 723 1553 762 τῶν
1571 717 1688 788 ἀστέ-

397 805 488 841 Ξων
528 794 716 849 ἀνδράσι
756 792 996 845 διαπρῆξαι.
1057 792 1100 833 οἱ
1135 790 1182 833 δέ
1213 802 1292 844 σφι
1326 788 1562 843 διέπρηξαν
1592 789 1745 831 datie-80

421 867 667 921 κατημένου
678 860 877 916 Εὐηνίου
899 859 944 901 ἐν
966 858 1118 915 θώκῳ,
1151 857 1352 908 ἐλθόντες
1374 859 1416 900 οἱ
1442 858 1690 910 παρίζοντο,

421 935 495 978 καὶ
524 932 682 988 λόγους
714 930 871 978 ἄλλους
899 928 1144 979 ἐποιεῦντο,
1177 927 1219 977 ἐς
1251 925 1274 969 ὃ
1303 925 1564 980 κατέβαινον
1591 929 1692 968 συλ-

422 1000 688 1056 λυπεύμενοι
726 1001 786 1056 τῷ
826 994 969 1039 πάθεϊ.
1030 995 1166 1049 ταύτῃ
1197 993 1241 1036 δὲ
1270 992 1530 1048 ὑπάγοντες,
1576 993 1692 1047 εἰρώ·

396 1077 525 1113 3τεον
540 1070 662 1119 „tiva
682 1067 806 1120 δίκην
824 1063 881 1106 ἂν
911 1063 1066 1113 ἕλοιτο,
1098 1064 1133 1104 εἰ
1156 1060 1749 1116 ἐθέλοιενἈπολλωνιῆταιὸὅ

399 1139 581 1191 4,,δίκας
591 1137 834 1189 ὑποστῆναι
849 1130 1002 1174 δώσειν
1012 1135 1100 1174 τῶν
1117 1127 1422 1185 ἐποίησαν.“”0
1433 1129 1489 1181 δὲ,
1505 1128 1583 1172 οὐκ
1596 1130 1695 1185 α’κη-

428 1204 543 1256 κοώς
553 1204 600 1247 τό
615 1202 897 1257 θεοπρόπιον,
912 1200 1045 1242 εἵλετο
1059 1200 1190 1248 εἴπας·
1210 1199 1277 1250 ,,εἰ’
1290 1198 1352 1247 τίς
1369 1198 1412 1239 οἱ
1424 1199 1522 1253 δοίη
1535 1197 1697 1253 α’γρούς

429 1276 542 1327 ,,τῶν
569 1270 738 1322 ἀστῶν,
769 1266 990 1323 ὀνομάσας
1019 1270 1134 1309 τοῖσι
1170 1262 1379 1321 ἠπίστατο
1410 1262 1519 1309 εἶναι
1550 1268 1697 1310 καλλί-

430 1432 505 1484 τήν
523 1432 697 1480 πολλούς
733 1448 801 1485 μιν
827 1434 1034 1483 μακαριεῖν

377 1486 609 1540 ἀνθρώπων
640 1489 791 1541 ἔχοντα]
824 1492 849 1528 i.
882 1504 913 1526 e.
945 1501 1039 1538 „quo

379 1544 574 1596 (munere)
602 1551 764 1585 ornatum
785 1547 925 1583 multos
946 1547 1038 1592 fore,

380 1607 441 1655 qui
461 1604 708 1654 praedicaturi
733 1608 863 1651 essent,
896 1605 974 1639 sive
998 1608 1040 1638 ut

380 1659 734 1711 Schweighaeuser.
750 1662 1039 1710 interpretatur:

383 1718 523 1767 donum,
544 1721 645 1755 cuius
659 1732 766 1755 causa
778 1718 881 1754 multi
894 1718 1043 1753 homines

382 1776 519 1812 beatum
542 1774 641 1812 illum
674 1777 743 1811 sint
763 1773 1045 1824 praeclieatu1·i.“

380 1833 572 1868 Nimirum
605 1832 808 1868 accusativi
855 1838 890 1867 et
920 1830 1048 1866 infmi-

383 1889 452 1926 tivi
491 1895 678 1925 structura
720 1889 853 1925 transit
893 1900 1048 1939 quoque

385 1946 425 1982 in
447 1947 750 1982 enuntiationem
777 1943 986 1991 adiectam,
1008 1950 1051 1980 ut

385 2003 459 2050 VI,
506 2004 612 2049 117,
651 2015 701 2038 ne
733 2002 841 2053 plura
869 2001 1048 2046 afferamt,

386 2055 463 2110 τήν
490 2057 634 2109 pendet
663 2059 710 2095 ab
742 2057 899 2108 ἔχοντα,
944 2056 1049 2109 quod

388 2116 515 2166 ipsum
536 2116 697 2152 refertur
719 2115 765 2151 ad
789 2114 876 2165 μὶν,
908 2116 973 2166 qui
996 2121 1049 2151 est

391 2173 529 2209 obiecti
559 2173 814 2219 accusativus,
844 2185 933 2208 cum
954 2173 1051 2210 πολ.-

390 2226 487 2276 λοῦς
505 2230 664 2267 subiecti
682 2230 729 2266 sit
749 2230 995 2266 accusativus.

588 2309 679 2360 cap.
710 2309 847 2348 XCIV.

445 2360 648 2417 ἐχρήσθη]
670 2364 753 2405 vid.
779 2366 861 2411 vn,
888 2362 1053 2403 1441121-

392 2433 467 2472 que
487 2429 582 2460 nott.
635 2424 692 2458 De
724 2435 818 2459 voce
843 2418 1053 2470 άπόῤῥητα

392 2477 470 2515 vid.
491 2486 587 2516 nott.
609 2477 657 2515 ad
676 2479 755 2525 IX,
777 2478 844 2518 45.
865 2477 906 2516 ἐν
928 2473 1053 2530 θώκῳ

392 2532 449 2583 (in
469 2536 578 2583 sella,
607 2537 647 2572 in
674 2533 795 2587 sedili)
832 2535 985 2585 ponitur
1012 2541 1054 2570 ut

393 2591 431 2637 1,
469 2594 542 2632 181
568 2592 746 2639 0011.v1,
776 2594 850 2639 63,
882 2592 947 2627 ubi
976 2589 1052 2628 vid.

394 2653 511 2696 nott.,
533 2649 756 2685 observante
778 2646 997 2698 Schweigh.

453 2703 492 2749 ἐς
518 2700 541 2742 δ’
566 2704 802 2757 κατέβαινον
834 2701 1056 2744 συλλυπεύ-

399 2761 530 2810 μενοι]
560 2763 584 2799 ἰ.
610 2775 644 2799 e.
675 2762 782 2800 donec
809 2761 1056 2799 descenderunt

398 2828 429 2854 s,
458 2822 624 2856 venerunt
644 2818 693 2856 ad
713 2821 786 2857 viri
816 2819 1056 2857 calamitatem

1093 1430 1169 1468 und
1216 1430 1533 1471 commiserandam.
1608 1430 1757 1468 Similia

1095 1487 1286 1540 quaedam
1314 1495 1463 1525 exstant
1497 1490 1537 1535 I,
1581 1489 1646 1529 90.
1679 1488 1757 1527 116

1096 1546 1182 1582 coll.
1204 1546 1292 1584 118.
1327 1546 1554 1581 Latinorum
1580 1545 1760 1582 decurrere

1096 1602 1145 1639 (ul
1172 1615 1288 1651 preces
1317 1615 1406 1638 cum
1430 1601 1532 1638 hisce
1564 1606 1761 1652 comparat

1096 1657 1367 1696 Mitscherlich.
1389 1658 1577 1698 adHorat.
1602 1657 1673 1696 Od.
1693 1658 1759 1706 111,

1099 1718 1151 1756 29
1165 1745 1174 1763 ,
1199 1717 1266 1755 58.

1158 1790 1283 1849 ταύτῃ
1316 1791 1358 1833 δὲ
1384 1791 1630 1847 ὑπάγοντες]
1671 1794 1696 1834 i.
1727 1807 1761 1830 e.

1103 1854 1158 1889 ita
1178 1865 1252 1888 eum
1262 1851 1442 1902 fallentes.
1485 1851 1569 1889 Vid.
1596 1858 1692 1889 nott.
1715 1850 1765 1888 ad

1105 1910 1210 1956 VIII,
1246 1911 1335 1949 106,
1406 1911 1504 1947 Hinc
1539 1909 1660 1946 iufra:
1713 1907 1768 1956 (ἇς

1107 1965 1383 2015 ἐξαπατηθείς.
1462 1967 1629 2017 Intelligi
1685 1967 1768 2004 vult

1114 2022 1466 2071 Wesselingius
1534 2023 1768 2072 „simulatum

1107 2079 1274 2127 dolorem,
1332 2093 1408 2131 quo
1447 2082 1642 2117 Eueuium
1687 2081 1769 2117 cal-

1106 2135 1181 2173 lide
1220 2137 1426 2173 illexerunt
1464 2144 1500 2174 et
1538 2137 1767 2185 fefellerunt,

1105 2194 1205 2239 sive,
1227 2194 1281 2229 uti
1302 2193 1435 2230 Conon
1453 2223 1463 2241 ,
1491 2192 1606 2247 τέχνῃ
1628 2190 1768 2232 ἱλασά-

1108 2264 1235 2300 μενοι.
1291 2251 1410 2286 Notus
1435 2250 1476 2288 iu
1505 2251 1642 2287 talibus
1661 2251 1767 2288 verbi

1109 2319 1196 2342 usus
1236 2319 1283 2342 ex
1302 2306 1475 2358 Euripid.
1503 2306 1768 2344 Andromach.

1109 2361 1210 2403 428:
1235 2357 1265 2415 ᾦ
1288 2359 1329 2402 6'
1349 2360 1585 2416 ὑπήγαγον,
1606 2363 1647 2401 h.
1673 2378 1707 2401 e.
1729 2363 1768 2404 ἒ-

1112 2417 1274 2458 δελέασα
1311 2419 1378 2458 καὶ
1420 2420 1650 2471 ἐξηπάτησα
1701 2419 1768 2459 καὶ

1110 2474 1419 2528 προετρεψάμην
1471 2492 1491 2514 e
1533 2478 1768 2515 scholiastae

1111 2531 1293 2589 doctrina.
1341 2535 1506 2585 Appian.
1526 2536 1572 2572 Β.
1593 2536 1675 2572 civ.
1703 2535 1768 2582 III,

1111 2591 1163 2629 37
1188 2590 1217 2643 ᾧ
1246 2587 1297 2640 δή
1323 2589 1489 2640 μάλιστα
1512 2590 1757 2643 ὑπαχθέντες

1113 2659 1184 2695 qua
1204 2659 1240 2683 ¹re
1254 2650 1404 2685 maxime
1417 2648 1593 2686 clelz'm'ti.“
1610 2670 1665 2676 —
1681 2648 1770 2692 Qui-

1112 2703 1181 2739 bus
1202 2702 1423 2755 Schweigh.
1452 2704 1557 2742 addit
1576 2702 1770 2742 Plutarch.

1113 2760 1247 2799 Solon.
1281 2775 1314 2798 c.
1345 2763 1369 2801 8
1398 2762 1465 2799 fin.
1491 2774 1578 2813 pag.
1607 2763 1680 2807 82,
1729 2763 1769 2800 2-

1112 2815 1359 2869 ὕπαχθέντες
1400 2818 1442 2859 οἱ
1475 2820 1681 2871 Μεγαρεῖς
1721 2818 1773 2870 τῇ
