1839 3292
354 173 439 213 294
754 170 1215 207 HERODOTI

353 280 506 324 λόεντα
537 279 776 334 ἱδρυμένον
800 275 1051 332 Ἀργιόπιόν
1089 292 1134 319 τε
1163 280 1307 331 χῶρον
1344 276 1623 331 καλεόμενον,

325 352 405 404 Βτῇ
438 348 509 391 καὶ
540 347 773 402 Δήμητρος
812 345 1076 399 Ἐλευσινίης
1119 344 1216 398 ἱρὸν
1251 340 1387 400 ἧσται.
1446 343 1625 399 ἀνέμενε

355 417 399 459 ὁὲ
429 417 560 458 τοῦδε
590 416 755 463 εἵνεκα,
788 415 861 455 ἵνα
891 411 946 467 ἢν
975 411 1033 468 μὴ
1076 410 1268 469 ἀπολίπῃ
1294 414 1371 456 τὸν
1401 418 1548 470 χῶρον
1578 413 1626 456 ἐν

354 488 415 539 τῷ
433 483 656 536 ἐτετάχατο
681 480 704 524 ὁ
728 479 1052 535 Ἀμομφάρετός
1068 497 1111 524 τε
1141 482 1213 525 καὶ
1237 478 1260 523 ὁ
1282 482 1421 535 λόχος,
1448 480 1653 525 ‹imai-1

328 554 442 593 4τοῠ
468 549 652 604 μένωσι,
681 549 862 604 βοηθέοι
894 548 1033 593 ὀπίσω
1062 547 1171 604 παρ’
1204 549 1409 600 ἐκείνους.
1466 549 1557 592 Καὶ
1585 551 1633 593 οἳ

356 634 400 660 τε
432 616 543 672 ἀμφὶ
578 616 655 659 τὸν
684 616 1011 672 Ἀμομφάρετον
1051 617 1341 674 παρεγίνοντό
1368 629 1470 673 σφι,
1499 617 1573 661 καὶ
1601 614 1629 673 ἡ

330 687 491 736 5ἴππος
529 683 557 740 ἡ
589 689 677 727 τῶν
713 687 953 741 βαρβάρων
996 688 1248 740 προσέκειτο
1278 690 1409 729 πᾶσα.
1471 687 1515 729 οἱ
1541 685 1628 741 γάρ

359 753 534 797 ἱππόται
565 754 740 796 ἐποίευν
764 752 860 797 οἷον
888 755 958 798 καὶ
979 755 1175 798 ἐώθεσαν
1192 753 1356 797 ποιέειν
1375 755 1480 797 αἰεί·
1512 753 1658 798 ἰδόν-5

358 837 426 871 τες
457 821 500 863 ὁὲ
522 820 599 863 τὸν
627 825 772 877 χῶρον
790 823 936 866 κεινὸν
958 823 1004 867 ἐν
1024 827 1085 881 τῷ
1115 821 1335 877 ἐτετάχατο
1368 822 1631 879 οῖ”Ελληνες

361 894 459 945 τῇσι
490 888 726 945 προτέρῃσι
755 890 959 947 ἡμέρῃσι,
998 890 1194 946 ἤλαυνον
1223 889 1328 941 τούς
1358 892 1517 942 ἵππους
1547 890 1631 934 αἰεὶ

362 957 410 1001 τὸ
442 956 612 1010 πρόσω·
645 957 717 999 καὶ
748 957 836 1010 ἅμα
864 957 1199 1014 καταλαβόντες,
1230 959 1494 1011 προσεκέατό
1523 970 1614 1014 σφι.

471 1024 736 1078 Μαρδόνιος
766 1025 833 1074 δὲ,
867 1025 924 1076 ὠς
954 1026 1141 1070 ἐπύθετο
1158 1026 1261 1076 τοὺς
1277 1027 1490 1082 Ἕλληνας
1508 1026 1633 1070 ἀποι-

369 1094 577 1149 χομὲνους
607 1091 693 1136 ὑπὸ
710 1091 872 1145 νύκτα,
903 1091 989 1136 εἶδέ
1019 1110 1063 1136 τε
1083 1094 1159 1139 τόν
1175 1098 1324 1150 χῶρον
1353 1095 1530 1150 ἐρῆμον,
1561 1111 1635 1138 κα·

364 1162 489 1211 λε’σας
519 1159 596 1203 τόν
615 1163 884 1217 Ληρισσαῖον
916 1162 1126 1218 Θώρηκα,
1156 1163 1231 1207 καὶ
1258 1162 1364 1215 τοὺς
1391 1161 1634 1220 ἀδελφεοὺς
1649 1169 1692 1202 10

233 1023 299 1068 58

32 1088 93 1115 lam
122 1088 310 1122 Mardonius,

32 1122 146 1149 hostem
157 1123 230 1148 mire
240 1131 310 1148 con-

31 1159 175 1183 taunucus.
192 1161 256 1183 tola
275 1163 308 1182 a-

32 1190 78 1216 cie
105 1190 306 1218 dhnicandum

33 1230 143 1253 censet.

310 1374 389 1411 seq.
426 1359 530 1397 hunc
551 1359 711 1396 fluvium
740 1372 808 1409 pro
831 1360 972 1396 oeroes

312 1419 408 1466 (IX,
435 1418 507 1465 91)
527 1415 683 1453 brachio
705 1415 829 1453 habet.
850 1417 974 1467 Equi-

313 1474 403 1510 dem
418 1472 513 1509 nihil
533 1472 636 1524 quod
657 1472 813 1509 afferam
837 1471 973 1509 habeo.

314 1529 425 1576 Quod
446 1531 548 1566 enim
570 1531 652 1581 quis
666 1531 757 1566 olim
780 1528 854 1566 huc
873 1542 975 1566 com·

314 1594 420 1638 parat
442 1583 484 1625 τὸ
511 1585 656 1625 Μόλου
677 1587 843 1636 ῥεῖθρον
873 1584 975 1636 apud

314 1642 509 1681 Plutarch.
542 1643 641 1694 Syll,
685 1646 736 1684 19
769 1656 856 1694 pag.
894 1641 975 1682 464

314 1702 371 1748 A,
403 1707 467 1737 aut
487 1697 530 1740 τό
553 1701 682 1751 ῥεῦμα
709 1702 782 1739 τοῦ
803 1700 977 1750 ΠἸωρίου

316 1759 409 1809 ibiq.
434 1770 518 1808 cap.
548 1760 596 1796 17
621 1769 708 1807 pag.
725 1755 827 1805 463,
850 1756 888 1793 id
904 1757 980 1791 mi-

315 1816 419 1851 nime
453 1815 657 1850 convenire
689 1820 804 1864 patet.
868 1813 978 1851 Couf.

315 1873 360 1909 C.
380 1873 428 1908 Ο.
451 1871 601 1909 Mffller.
627 1869 857 1908 Orchomeu.
885 1882 974 1920 pag.

316 1928 414 1970 488.
468 1929 548 1965 Nec
581 1928 702 1978 magis
734 1926 831 1963 mihi
861 1928 981 1978 liquet

318 1984 366 2022 de
388 1998 434 2022 eo
455 1985 561 2032 loco,
593 1987 659 2036 qui
686 1986 878 2034 Agriopius
909 1996 981 2020 vo·-

319 2049 448 2091 catur,
486 2042 553 2078 ubi
581 2042 726 2078 Cereris
765 2041 981 2077 Eleusiniae

321 2098 456 2146 aedes,
487 2111 604 2150 quam
623 2098 699 2136 duo
721 2099 826 2134 mille
853 2110 982 2148 passus

323 2157 370 2193 ab
405 2158 555 2192 Heraeo
595 2162 795 2203 remotam,
825 2155 891 2191 ubi
913 2153 984 2190 ad-

324 2212 400 2249 huc
417 2213 551 2249 ruinae
572 2212 772 2250 cuiusdam
803 2212 984 2248 ecclesiae

323 2270 590 2316 inveniuntur,
630 2269 679 2306 ad
709 2267 985 2319 Sphragidium

325 2333 556 2364 exstructam
574 2327 687 2363 fuisse
699 2332 844 2376 putant,
874 2325 982 2361 oblo-

326 2390 467 2436 quente
503 2384 674 2435 quamvis
707 2383 803 2419 Gaii.
833 2383 858 2418 l.
890 2381 917 2418 l.
950 2381 984 2417 V

325 2455 363 2491 p.
380 2441 462 2481 295
477 2453 557 2490 seq.
609 2441 675 2477 Tu
692 2438 770 2476 vid.
789 2441 908 2475 Kruse
934 2439 984 2485 11,

332 2500 347 2535 1
382 2510 472 2547 pag.
499 2495 594 2537 595.
630 2495 846 2533 Herodotus
875 2494 986 2531 huius

328 2554 459 2603 templi
500 2555 675 2590 meminit
703 2554 780 2601 IX,
811 2556 878 2594 62.
920 2551 987 2592 65·

337 2611 407 2648 101
442 2611 611 2661 itemque
631 2611 838 2648 Pausanias
856 2610 941 2654 IX,
962 2607 988 2648 4

332 2665 368 2709 ᾗ.
390 2666 428 2705 Q.
452 2688 502 2693 —
532 2664 648 2718 ἧσται
670 2666 709 2705 h.
728 2668 753 2706 l.
783 2666 889 2703 idem
919 2678 990 2703 va-

331 2722 407 2757 lere
445 2722 593 2760 videtur
629 2732 742 2777 atque
778 2724 933 2774 ἵδρυται
958 2735 991 2759 S·

331 2777 542 2831 ἱδρυμένον
563 2780 666 2820 ἐστί;
691 2781 910 2829 collocatum,
930 2792 991 2818 ex-

1029 1362 1201 1396 structum
1249 1361 1322 1404 est,
1363 1358 1537 1410 quamvis
1579 1359 1693 1395 Butt-

1030 1429 1161 1452 mann.
1180 1416 1246 1452 Gr.
1267 1416 1358 1453 mai.
1375 1417 1392 1451 1
1411 1428 1501 1466 pag.
1519 1413 1600 1456 544
1611 1422 1694 1452 not.

1031 1467 1161 1523 ἧσθαι
1182 1485 1251 1523 pro
1265 1471 1459 1524 ἱδρῦσθαι
1472 1472 1565 1524 poni
1584 1484 1694 1523 posse

1032 1535 1162 1580 neget.

1092 1586 1134 1625 οἳ
1152 1599 1192 1624 τε
1216 1580 1322 1636 ἀμφὶ
1350 1582 1421 1624 τόν
1439 1578 1695 1636 Ἀμομφάρε-

1033 1641 1123 1693 τον]
1165 1641 1252 1679 Vid.
1285 1640 1421 1678 Matth.
1461 1643 1528 1679 Gr.
1559 1643 1626 1678 Gr.
1658 1642 1697 1687 ξ.

1035 1701 1116 1741 583
1138 1712 1226 1750 pag.
1253 1700 1374 1739 1159.
1395 1700 1470 1735 Pro
1490 1699 1596 1749 vulg.
1619 1713 1697 1737 πα-

1036 1755 1242 1808 ρεγένοντο
1264 1755 1368 1807 quod
1384 1757 1537 1793 retinuit
1550 1753 1699 1793 Sohae-

1036 1814 1104 1850 fer.
1135 1827 1155 1850 e
1178 1811 1289 1850 codd.
1320 1814 1498 1851 revocavi
1526 1826 1616 1850 cum
1635 1826 1700 1849 re·-

1036 1871 1149 1922 liquis
1172 1869 1259 1908 edd.
1281 1871 1559 1922 παρεγίνοντο.
1583 1891 1633 1898 -·
1653 1871 1700 1906 In

1036 1928 1113 1964 fine
1140 1939 1224 1978 cap.
1254 1928 1393 1964 verba:
1423 1926 1491 1966 καὶ
1519 1923 1602 1978 ἅμα
1627 1942 1702 1966 κα-

1036 1981 1296 2035 ταλαβόντες,
1335 1982 1574 2033 προσεκέατό
1615 1996 1702 2032 σφι,

1038 2043 1163 2091 attigit
1195 2039 1333 2083 Matth,
1363 2043 1430 2080 Gr.
1452 2042 1519 2080 Gr.
1541 2042 1580 2087 §.
1603 2040 1700 2087 565,

1038 2105 1117 2136 not.
1138 2101 1165 2138 2
1193 2110 1284 2148 pag.
1319 2097 1438 2138 1114.
1496 2099 1564 2135 Est
1597 2097 1703 2133 enim

1038 2166 1191 2193 sensus:
1233 2154 1382 2191 simulac
1430 2157 1516 2191 istos
1563 2154 1702 2200 (Grae-

1040 2215 1119 2262 cos)
1161 2212 1317 2247 assecuti
1350 2215 1479 2260 essent,
1512 2211 1702 2248 instabant

1040 2271 1105 2307 iis:
1137 2268 1261 2304 sobaltl
1281 2267 1336 2305 als
1365 2269 1415 2305 sie
1434 2268 1606 2306 dz'eselben
1622 2270 1703 2306 ein-

1038 2325 1155 2375 361ιοίιέ
1172 2325 1307 2362 hatten.

1245 2415 1338 2466 Cap.
1360 2415 1496 2452 Lvm.

1098 2491 1182 2534 ὑπό
1199 2489 1345 2545 νύκτα]
1380 2495 1406 2531 i.
1428 2508 1461 2531 e.
1482 2495 1545 2532 sub
1557 2498 1703 2542 noctem,

1045 2559 1086 2589 ut
1125 2553 1201 2599 lx,
1254 2554 1320 2592 60.
1389 2552 1525 2602 Attigit
1567 2550 1705 2588 Matth.

1045 2611 1113 2648 Gr.
1136 2609 1202 2646 Gr.
1225 2610 1262 2653 ξ.
1286 2608 1388 2655 593,
1423 2609 1506 2646 init.
1534 2622 1573 2659 p.
1598 2609 1707 2648 1187

1045 2667 1214 2718 itemque
1235 2665 1333 2702 Gail.
1367 2667 1422 2702 Le
1442 2664 1574 2716 philol.
1595 2665 1646 2701 lv
1663 2678 1704 2715 p.

1047 2722 1142 2763 295.
1162 2746 1211 2751 --
1233 2724 1291 2759 De
1309 2721 1467 2760 Thorace
1477 2721 1554 2759 vid.
1574 2722 1643 2768 IX,
1668 2723 1705 2759 1.

1050 2804 1099 2810 —-
1122 2781 1166 2816 In
1181 2793 1287 2832 seqq.
1308 2777 1356 2815 ad
1376 2776 1424 2819 τοὶ
1443 2779 1609 2830 πολέμια
1628 2776 1705 2815 vid.
