1839 3292
415 192 502 234 3⁰4

291 305 359 354 65
418 302 493 354 τός
525 319 570 348 τε
599 301 790 346 ἀπέθανε
828 302 901 345 καὶ
931 302 975 344 οἱ
1002 300 1257 357 τριηκόσιοι.

815 193 1273 232 HERODOTI

1308 303 1386 347 Ἐν
1419 305 1464 348 δὲ
1495 307 1688 349 Πλαται-

413 374 490 428 ῇσι
520 373 563 414 οἱ
592 371 760 423 Πέρσαι
794 368 853 420 ὥς
883 367 1123 423 ἐτράποντο
1162 367 1249 412 ὑπὸ
1287 372 1377 412 τῶν
1415 374 1687 428 Λακεδαιμο-

413 440 543 489 νίων,
574 438 763 493 ἔφευγον
794 434 954 479 οὐδένα
987 435 1156 491 κόσμον
1187 436 1229 487 ἐς
1257 435 1307 480 τὸ
1339 439 1609 491 σρατόπεδον
1637 439 1687 484 τὸ

416 506 615 558 ἑωυτῶν,
645 505 720 548 καὶ
749 504 790 555 ἐς
810 503 858 548 τὸ
880 510 1017 562 τεῖχος
1046 505 1095 548 τὸ
1125 503 1316 557 ξύλινον,
1347 503 1397 548 τὸ
1425 505 1686 562 ἐποιήσαντο

387 573 466 616 Ξέν
495 573 630 629 μοίρῃ
661 576 715 629 τῇ
747 575 947 629 Θηβαΐδι.

1010 571 1175 628 Θώυμα
1203 571 1249 615 δέ
1278 588 1382 626 μοι,
1429 573 1542 624 ὅκως
1569 575 1687 628 παρὰ
1700 582 1745 616 20

417 645 495 697 τῆς
525 640 758 696 Δήμητρος
796 641 844 684 τό
879 641 1010 691 ἄλσος
1040 642 1313 696 μαχομένων,
1359 638 1462 683 οὐδὲ
1493 638 1553 692 εἷς
1582 640 1687 698 ἐφά-

416 725 471 764 νη
500 712 586 752 τῶν
617 708 822 763 Περσέων
858 708 958 752 οὔτε
988 706 1180 751 ἐσελθών
1211 708 1253 758 ές
1286 707 1334 751 τὸ
1366 707 1553 762 τέμενος,
1586 710 1688 754 οὔτε

416 775 727 828 ἐναποθανών,
757 777 857 830 περί
882 793 926 820 τε
956 777 1005 820 τὸ
1036 775 1136 830 ἱρόν
1164 776 1207 818 οἱ
1235 780 1427 819 πλεῖστοι
1457 776 1504 819 ἐν
1531 781 1591 836 τῷ
1620 782 1686 833 βε-

391 843 544 901 3βήλῳ
576 845 743 888 ἔπεσον.
783 843 920 887 δοκέω
953 845 1021 896 δὲ,
1053 847 1149 888 εἴτι
1170 846 1265 900 περὶ
1297 850 1384 888 τῶν
1401 847 1537 889 θείων
1553 862 1687 902 πρηγ-

417 912 567 968 μοέτων
598 911 765 956 δοκέειν
795 914 879 962 δεῖ,
909 911 936 967 ἡ
965 911 1070 963 θεὸς
1099 912 1209 969 αὐτή
1231 926 1367 970 σφεας
1397 915 1480 958 οὐκ
1503 914 1743 967 ἐδέξατο,ἓὸ

416 980 720 1036 ἐμπρήσαντας
757 979 806 1023 τὸ
847 979 943 1034 ἱρὸν
980 980 1029 1023 τὸ
1072 981 1119 1024 ἐν
1152 981 1361 1026 Ἐλευσῖνι
1409 982 1686 1039 ἅνακτόριον.

417 1047 538 1105 Αὕτη
567 1049 646 1105 μέν
675 1064 758 1092 νυν
786 1045 813 1104 ἦ
843 1047 955 1105 μάχη
985 1048 1053 1092 ἐπὶ
1084 1053 1267 1094 τοσοῦτο
1293 1049 1474 1107 ἐγένετο.

359 1265 511 1311 ponunt
558 1260 668 1306 ⁸inter
721 1258 945 1297 Mamomatz·
988 1265 1025 1296 et

361 1317 469 1355 Khan
484 1316 528 1368 of
544 1316 707 1354 Sakona.

569 1375 662 1425 Cap.
691 1373 810 1411 LXV.

418 1425 565 1470 οὐδένα
583 1428 753 1481 κόσμον]
786 1429 896 1468 Conf.
912 1429 1023 1466 allata

361 1485 410 1524 ad
439 1489 549 1535 VIII,
578 1491 630 1528 60
661 1489 695 1533 §.
722 1490 761 1527 3.
818 1486 922 1523 Infra
950 1487 1020 1534 IX,

359 1546 436 1584 66:
475 1542 540 1584 τὸν
575 1539 698 1583 αὐτόν
727 1539 875 1594 κόσμον
898 1558 1021 1593 κατη-

358 1600 479 1652 γέετο.
517 1603 574 1638 De
595 1614 693 1638 muro
718 1601 832 1649 ligneo
853 1599 928 1638 vid.
950 1601 1019 1647 IX,

361 1657 413 1697 15
435 1659 522 1695 coll.
538 1661 591 1699 70
609 1665 645 1694 et
666 1657 713 1695 de
726 1657 861 1694 Cereris
871 1657 1019 1708 templo

356 1715 436 1763 IX,
467 1715 533 1755 57.
567 1717 635 1755 62.

415 1771 507 1823 περί
527 1785 566 1809 τε
586 1768 629 1810 τὸ
649 1767 736 1821 ἵρόν
765 1770 806 1809 οἵ
823 1771 1018 1819 πλεῖστοι]

356 1829 415 1864 Ita
446 1842 466 1864 e
498 1827 583 1864 cod.
601 1828 821 1864 Florentino
852 1841 941 1864 cum
964 1841 1021 1864 re-

358 1891 475 1922 centt.
506 1884 691 1924 dedimus,
731 1885 940 1934 Vulgatum
954 1898 1022 1924 πε-

359 1940 400 1992 ρὶ
428 1939 471 1981 τό
505 1938 614 1994 ἱρᾶν,
646 1941 687 1981 οἵ
706 1938 748 1979 δὲ
768 1944 943 1980 πλεῖστοι
959 1955 1022 1977 re-

358 1999 484 2035 nuum
488 2005 555 2035 unt
584 1997 778 2036 Schaefer.
820 2005 857 2034 et
885 1996 1019 2035 Matth.

357 2056 409 2092 At
437 2057 653 2106 iunguntur
682 2054 755 2092 hoc
796 2056 881 2092 loco
923 2049 1020 2094 ου’δὲ

359 2107 433 2158 εἷς
465 2137 515 2142 —
538 2127 587 2152 τε
602 2143 612 2161 ,
643 2114 749 2149 cuius
775 2113 897 2149 simile
927 2110 1020 2163 quid

355 2170 567 2219 reperimus
605 2170 677 2217 vl,
731 2172 756 2210 9
795 2170 882 2206 coll.
922 2175 1019 2205 nott.

357 2225 407 2262 ad
436 2227 507 2273 xl,
553 2230 589 2266 1.
638 2226 735 2264 Gail.
775 2227 850 2271 (Le
887 2224 1017 2276 philol.

355 2283 408 2318 IV
448 2295 532 2333 pag.
574 2284 654 2322 289
696 2286 793 2333 seq.)
844 2281 935 2332 περὶ
972 2278 1017 2321 vd

357 2335 444 2388 ἷρόν
474 2339 666 2388 intelligit:
718 2339 808 2376 dans
845 2339 1018 2375 l’e'tendue

357 2396 398 2432 cle
440 2395 463 2432 Γ
498 2395 645 2434 Hieron.
676 2417 732 2423 —
788 2397 849 2432 Ex
880 2395 1017 2431 eodem

353 2454 573 2489 Florentino
604 2465 698 2489 mox
744 2450 830 2489 dedi
862 2451 1015 2499 ἐδέξατο

353 2522 421 2558 pro
443 2508 606 2556 ἐδέκετο,
638 2508 742 2561 quod
764 2516 848 2560 post
869 2508 1016 2546 Sohae-

352 2565 477 2602 serum
520 2567 757 2603 retinuerunt
792 2564 930 2603 Matth.
979 2572 1017 2603 et

352 2621 521 2660 Belxker.

413 2676 455 2717 τὸ
477 2676 562 2729 ἱρὸν
577 2676 620 2718 τό
644 2677 688 2718 ἐν
703 2674 897 2717 Ἐλευσῖνι
916 2673 1016 2717 οἷνα-

356 2732 661 2786 x169z011]Vulg0
676 2731 1015 2787 αἰέἕκτορον,(μ1εῑε

354 2804 444 2828 sane
472 2793 607 2829 usitata
641 2800 694 2830 est
723 2792 868 2840 forma,
897 2806 1014 2846 quam

1081 1256 1119 1296 h.
1158 1259 1185 1300 l,
1233 1257 1448 1310 medicans,
1502 1260 1743 1298 Florentinus

1080 1316 1177 1353 liber
1188 1330 1275 1353 cum
1287 1317 1366 1354 aliis
1377 1318 1547 1368 praebet.
1577 1318 1610 1353 E
1641 1318 1743 1355 San-

1082 1373 1191 1410 crofti
1255 1374 1352 1411 libro
1426 1376 1584 1426 aliisque
1653 1387 1741 1411 cum

1081 1428 1302 1480 Schweigh.
1361 1437 1397 1468 et
1445 1432 1561 1468 Gaisf.
1615 1433 1741 1482 recepi

1079 1482 1344 1538 ἅνακτόριον,
1390 1501 1487 1539 quae
1517 1488 1641 1525 forma
1670 1488 1742 1526 ad-

1076 1545 1203 1580 iectivi
1225 1545 1340 1580 etiam
1359 1546 1491 1582 nititur
1520 1546 1742 1583 auctoritate

1078 1600 1221 1638 Suidae
1257 1602 1294 1647 (I
1323 1615 1362 1652 p.
1394 1604 1474 1642 167
1511 1616 1542 1639 s.
1571 1615 1610 1639 v.
1640 1599 1742 1642 ἅνα-

1077 1654 1183 1709 κτες)
1210 1664 1246 1694 et
1262 1656 1442 1709 Hesychii
1463 1659 1513 1698 Τ,
1537 1659 1554 1694 Ι
1574 1672 1612 1709 p.
1636 1660 1742 1706 3293

1076 1715 1129 1751 ita
1169 1721 1212 1751 ut
1251 1714 1425 1751 additum
1463 1716 1743 1753 substantivum

1077 1768 1120 1810 τὸ
1155 1768 1238 1821 ἷρὸν
1276 1772 1457 1819 minime,
1504 1778 1547 1809 ut
1574 1770 1743 1809 Valcke-

1077 1830 1207 1865 naerio
1245 1829 1369 1865 visum
1410 1835 1511 1876 erat,
1556 1841 1742 1878 superva-

1079 1898 1196 1922 cuum
1223 1883 1356 1921 haberi
1374 1885 1542 1937 indeque
1569 1886 1652 1922 eiici
1670 1885 1741 1923 de-

1078 1942 1185 1990 beat,
1234 1949 1419 1994 tanquam
1463 1956 1485 1979 e
1537 1943 1741 1993 marginali

1077 2000 1201 2049 glossa
1237 1998 1438 2040 adscitum.
1496 1999 1662 2036 Vocatur
1697 1996 1740 2039 τὸ

1079 2050 1306 2107 ἀνάκτορον
1345 2070 1376 2093 ε.
1415 2071 1457 2096 το
1496 2050 1740 2123 ανακτόριον

1079 2110 1188 2164 ἷερόν
1216 2114 1296 2149 sive
1324 2114 1438 2150 etiam
1468 2128 1512 2152 το
1549 2108 1739 2152 οἷνακειον

1077 2167 1434 2220 (cf.He1nsterhus.
1466 2176 1503 2205 et
1530 2169 1660 2206 Solan.
1691 2168 1740 2206 ad

1075 2226 1235 2262 Lucian.
1273 2227 1378 2262 Tim.
1418 2228 1471 2265 23
1528 2238 1617 2276 pag.
1657 2228 1738 2267 387

1074 2283 1123 2320 T.
1165 2283 1182 2317 Ι
1220 2283 1334 2333 Bip.)
1374 2282 1563 2332 templum
1593 2282 1738 2319 Cereris

1072 2339 1289 2375 Eleusiniae
1320 2352 1386 2376 sua
1416 2340 1570 2389 propria
1598 2351 1641 2376 ac
1671 2351 1738 2376 so-

1071 2396 1477 2446 lemniappellatione3
1501 2408 1737 2448 quamquam

1074 2454 1189 2488 etiam
1210 2452 1255 2489 de
1277 2454 1439 2489 aliorum
1461 2451 1621 2489 deorum
1643 2451 1736 2489 dea-

1073 2522 1208 2545 rumve
1245 2511 1396 2560 templis
1436 2507 1475 2545 id
1504 2509 1735 2546 vocabulum

1074 2564 1246 2602 adhiberi
1300 2564 1507 2603 ostendunt
1542 2564 1734 2616 Euripidis

1072 2623 1146 2660 loci
1177 2624 1214 2658 in
1236 2621 1498 2660 Andromach.
1513 2621 1581 2663 43.
1614 2623 1735 2663 1157.

1071 2678 1247 2730 Iphigen.
1269 2681 1389 2717 Taur.
1411 2678 1479 2718 41.
1500 2681 1567 2719 66.
1588 2677 1732 2715 Troad.

1074 2737 1139 2776 15.
1180 2738 1263 2774 Ion.
1313 2737 1366 2778 55
1405 2749 1427 2772 a
1456 2734 1731 2772 Valckenaerio

1071 2794 1236 2832 excitati.
1277 2795 1336 2831 De
1360 2793 1494 2832 Cereris
1512 2790 1635 2843 templo
1653 2789 1730 2830 vid.
