1839 3292
279 172 363 213 514

322 280 421 325 perio
430 291 563 322 everso,
585 280 721 325 legatos
735 279 895 320 mittunt3
917 280 998 323 qui-

323 328 390 361 bus
421 327 483 361 ille
517 327 674 360 l'ahulam
708 330 837 367 narrat,
875 326 903 366 Ι,
929 326 996 359 141

323 377 394 408 not.
421 373 466 406 cf.
490 372 519 414 I,
542 373 600 405 76.
632 373 742 413 Iones,
767 371 996 405 continentem

322 419 533 461 habitantes,
570 419 760 461 Harpagus
793 417 934 460 subigit,
968 418 998 459 l,

323 466 402 499 169.
426 485 472 489 ——
506 466 603 497 Iones
627 463 795 497 insulares
819 464 892 506 (cl'.
918 463 996 504 V11,

324 511 400 555 95.)
440 510 576 544 Biantis
599 521 625 543 s.
652 510 777 543 Pittaci
801 513 998 543 commento

324 557 442 591 Croesi
465 555 649 599 imperium
674 556 861 600 effugiunt,
889 557 915 598 1,
939 555 999 590 27.

322 605 416 648 Cyro
441 603 535 635 ultro
561 614 596 634 se
620 602 760 644 dedunt,
786 602 813 643 Ι,
840 602 918 635 169.
951 620 997 626 -

320 648 429 683 Dario
460 647 629 682 tributum
658 649 821 691 pendunt,
854 649 915 689 ΙΙΙ,
940 647 997 681 90.

320 695 381 738 VI,
414 693 471 727 42.
506 699 644 738 pontem
678 694 712 727 in
746 694 833 728 Istro
866 695 997 727 factum

320 739 528 782 custodiunt,
559 741 616 781 lv,
648 740 706 776 98.
741 744 780 774 ut
810 739 999 774 dissolvant

320 798 342 822 a
373 786 516 831 Scythis
547 786 672 820 moniti
703 790 788 828 etc.,
822 786 879 827 lv,
913 786 992 820 133.

320 832 389 866 136
429 845 522 876 seqq.
554 852 600 857 -—-
646 831 764 865 Ioniae
811 832 993 866 calamitas

323 884 400 913 orta
430 891 472 912 ex
506 878 602 912 Naxo
634 882 669 912 et
696 878 840 919 Mileto,
875 878 914 919 V,
947 877 994 911 28

317 937 411 969 seqq.
434 944 478 950 —
496 924 613 957 Ioniae
631 924 858 957 defectionem
877 935 898 958 a
911 925 995 958 Pcr-

318 972 378 1013 sis,
390 970 547 1004 llistiaeo
572 971 665 1003 clam
689 971 906 1010 adhortante,
923 971 994 1004 He-

318 1022 439 1051 cataeo
472 1028 555 1050 vero
579 1016 817 1054 dissuadente,
851 1016 995 1050 molitur

316 1063 549 1107 Aristagoras,
569 1063 610 1104 V,
620 1061 770 1096 35-38.
795 1063 893 1096 Iones
914 1074 992 1095 cum

315 1109 583 1143 Atheniensibus
617 1109 745 1142 Sardes
787 1113 905 1151 captas
937 1108 992 1142 in-

317 1156 476 1196 cendunt,
511 1155 555 1196 V,
590 1154 668 1188 100.
695 1154 773 1188 101.
809 1156 851 1188 ad
878 1156 993 1197 Ephe-

315 1213 393 1235 sum
420 1200 555 1245 proelio
579 1200 666 1234 victi
683 1213 704 1235 a
719 1201 846 1243 Persis,
871 1201 905 1234 in
918 1202 992 1234 bel-

313 1247 350 1280 lo
377 1251 609 1291 perseverant,
641 1259 671 1280 c.
716 1247 784 1280 102
817 1258 910 1290 seqq.
947 1248 990 1281 ad

315 1294 472 1337 Cyprum
507 1293 605 1327 Iones
637 1293 741 1336 mari,
773 1294 900 1327 Persae
921 1298 991 1327 ter-

312 1341 354 1373 ra
378 1339 530 1381 vincunt,
558 1352 588 1373 c.
613 1339 681 1373 108
691 1350 784 1382 seqq.
802 1341 907 1374 Cares
930 1341 989 1373 ‹le-

314 1385 476 1420 fectionis
520 1386 634 1419 socios
668 1387 810 1427 habent,
852 1398 881 1419 c.
922 1387 990 1420 117

312 1444 408 1476 seqq.
439 1432 561 1465 Ionum
586 1432 705 1465 classis
738 1432 781 1465 ad
813 1432 988 1474 Miletum,

313 1478 376 1520 VI,
407 1478 442 1512 8.
480 1478 644 1512 militaris
674 1478 888 1519 exercitatio,
925 1490 988 1512 au-

311 1527 407 1558 ctore
429 1524 614 1568 Dionysio,
636 1536 664 1557 c.
692 1525 736 1557 11
761 1536 831 1568 seq.
867 1524 990 1568 ingen-

312 1575 383 1604 tem
415 1571 592 1614 accipiunt
623 1571 771 1612 cladem,
803 1582 826 1604 a
858 1571 988 1604 Samiis

311 1616 450 1657 deserti,
472 1628 501 1650 c.
528 1616 572 1650 14
593 1627 686 1660 seqq.
711 1636 756 1641 -
785 1617 884 1650 Iones
917 1622 989 1650 ter-

312 1662 362 1696 tio
386 1662 422 1696 in
445 1662 645 1696 servitutem
671 1662 821 1703 redacti,
847 1662 903 1701 VI,
926 1662 984 1696 31.

309 1707 368 1742 32.
402 1711 441 1741 ut
464 1713 606 1742 mutuas
627 1708 717 1741 inter
741 1720 778 1742 se
810 1708 986 1751 pactiones

309 1754 450 1795 faciant,
489 1755 535 1788 ab
559 1755 776 1798 Artapherne
797 1754 920 1795 coacti,
954 1767 985 1788 c.

309 1801 367 1834 42.
393 1805 557 1845 tyrannos
577 1810 698 1834 eorum
723 1800 817 1834 eiicit
841 1801 985 1834 Mardo-

309 1847 398 1887 nius,
432 1858 461 1880 c.
494 1846 551 1880 43.
571 1864 618 1871 --
657 1847 780 1879 Ionum
812 1857 919 1880 naves
949 1846 985 1880 in

309 1891 434 1926 Xerxis
457 1892 582 1933 classe,
607 1892 684 1934 VII,
708 1891 755 1926 94
778 1904 848 1935 seq.
885 1893 984 1926 Iones

308 1950 387 1972 cum
423 1940 536 1974 Xerxe
569 1938 760 1972 militantes
784 1939 982 1972 Themisto-

307 1985 378 2017 cles
425 1985 468 2018 ad
516 1985 749 2018 defectionem
805 1985 983 2027 sollicitat,

307 2031 399 2072 VIII,
425 2031 481 2064 22.
507 2031 551 2064 cf.
579 2031 656 2072 VII,
680 2030 737 2064 51.
767 2031 878 2073 Iones,
903 2043 982 2075 pro-

306 2076 446 2110 ditionis
471 2077 515 2111 ad
541 2076 757 2110 Salaminem
790 2083 981 2120 accusatos,

303 2123 450 2156 adiuvat
487 2124 710 2157 Ariaramnes
743 2124 861 2161 Persa,
888 2124 982 2165 VIII,

304 2168 362 2203 90.
388 2170 541 2203 Graecos
565 2170 609 2203 ad
634 2171 761 2204 Delum
779 2170 980 2211 sollicitant,

304 2219 344 2249 ut
376 2215 514 2250 Ioniam
551 2216 710 2260 liberent,
743 2228 774 2250 c.
799 2216 879 2250 132.
914 2216 979 2258 lx,

800 173 832 210 l.
862 172 911 208 ΙΝ
916 172 1023 209 DEX
1055 171 1248 210 RERUM.

1097 279 1248 314 90—92.
1279 283 1357 324 post
1388 290 1542 324 pugnam
1568 278 1614 314 ad
1647 278 1771 323 Myca-

1098 327 1167 368 len,
1202 326 1266 365 lx,
1288 326 1334 359 98
1358 338 1451 369 seqq.
1481 325 1578 359 Ionia
1599 325 1726 359 iterum
1749 335 1772 359 a

1097 371 1214 406 Persis
1237 372 1365 412 deficit,
1388 373 1448 413 IX,
1474 372 1552 405 104.
1571 391 1616 396 --
1639 372 1692 405 De
1715 371 1772 410 10-

1099 429 1183 451 num
1218 418 1379 452 libertate
1402 418 1635 452 conservanda
1660 418 1772 458 Grae-

1098 475 1220 497 corum
1253 463 1474 504 deliberatio3
1506 465 1604 498 Iones
1637 463 1772 497 Insula-

1100 521 1155 544 res
1179 509 1213 542 in
1237 521 1420 542 commune
1441 510 1613 544 sociorum
1630 508 1770 552 recepti,

1102 557 1165 596 lx,
1178 555 1244 589 106
1261 561 1330 589 not.
1355 557 1451 589 lones
1465 555 1667 589 mercenarii
1680 556 1771 598 apuli

1099 602 1404 641 Psammiticlnun,
1439 603 1484 643 Il,
1506 602 1574 636 153
1598 607 1667 635 not.
1691 601 1770 635 163.

1101 649 1180 681 coll.
1204 653 1275 681 not.
1301 649 1344 682 ad
1369 648 1432 689 III,
1453 647 1488 681 4.
1529 648 1624 683 vitae
1646 647 1769 681 cultio-

1101 694 1149 727 ris
1173 700 1342 732 auctores,
1363 695 1419 734 lv,
1437 693 1482 728 95
1506 699 1577 728 not.
1601 705 1701 727 sensu
1719 693 1772 726 la-

1103 740 1196 780 tiori,
1234 741 1294 781 lv,
1327 740 1372 773 98
1396 744 1466 774 not.
1489 740 1613 774 Ionum
1638 739 1770 775 foc-(lus,

1095 786 1156 828 VI,
1179 786 1202 820 7
1226 791 1295 820 not.
1325 786 1360 829 *)
1384 798 1465 829 opes
1493 787 1646 827 navales,
1674 785 1732 828 VI,
1747 784 1771 818 8

1095 837 1165 866 not.
1192 833 1270 874 Vll,
1295 831 1340 865 94
1365 838 1433 866 not.
1458 834 1554 866 sedes
1580 832 1710 876 priores
1735 830 1771 864 in

1095 879 1244 920 Achaia,
1272 879 1298 919 l,
1324 877 1391 912 145
1416 885 1484 913 not.
1521 879 1599 917 VH.
1623 876 1681 912 94.
1716 887 1769 912 sc-

1097 925 1156 957 des
1180 925 1372 966 duodecim,
1400 925 1475 965 vll,
1497 924 1543 958 95
1567 929 1637 959 not.

1051 971 1168 1004 Ionius
1194 970 1300 1011 sinus,
1326 971 1382 1010 Vl,
1407 971 1473 1005 127
1498 976 1568 1005 not.

1050 1017 1212 1060 Iphiclus,
1238 1021 1335 1059 pater
1356 1017 1552 1060 Protesilai,
1576 1016 1641 1058 IX,
1666 1013 1745 1050 116.

1049 1063 1257 1107 Iphigeniae
1280 1063 1373 1105 apud
1397 1063 1534 1097 Tauros
1558 1064 1685 1103 cultus,
1708 1061 1770 1104 IV,

1096 1109 1164 1142 103
1197 1113 1266 1143 not.
1298 1109 1355 1152 m)

1047 1155 1127 1199 Ipm'
1183 1152 1335 1198 (Ἰπνοὶ,
1369 1154 1390 1188 i.
1426 1165 1456 1188 e.
1490 1154 1642 1197 Furni),
1673 1153 1770 1186 locus

1093 1200 1236 1244 quidam
1261 1201 1296 1234 in
1320 1201 1419 1235 Pelio
1444 1207 1578 1241 monte,
1603 1199 1679 1244 VII,
1700 1198 1769 1233 188

1093 1251 1164 1281 not.
1189 1247 1268 1290 ***)

1047 1294 1143 1334 Iron,
1168 1293 1246 1333 VII,
1264 1292 1310 1326 62
1333 1295 1404 1327 not.

1046 1341 1148 1374 [rasa
1188 1336 1382 1383 (Ἴρασα),
1407 1349 1531 1372 nomeu
1555 1336 1708 1384 regionis
1731 1335 1767 1372 in

1092 1385 1225 1426 Africa,
1250 1386 1310 1426 IV,
1338 1384 1404 1419 158
1430 1389 1501 1418 not.

1045 1432 1158 1465 Ireues
1177 1431 1443 1475 Spartanorum,
1465 1431 1526 1471 IX,
1550 1428 1595 1464 85
1619 1432 1690 1465 not.

1045 1479 1090 1519 Is,
1126 1478 1209 1511 urbs
1237 1481 1271 1511 et
1303 1478 1340 1512 fl.
1372 1476 1602 1522 Babyloniae,
1638 1476 1668 1517 Ι,
1699 1473 1767 1509 179

1090 1527 1161 1557 not.
1186 1524 1210 1566 †

1044 1524 1230 1614 Isagoras?
1247 1569 1412 1602 Tisandri
1436 1569 1501 1610 fil„
1534 1570 1689 1610 spectata
1711 1566 1768 1600 fa-

1090 1615 1191 1650 milia
1223 1620 1335 1656 natus,
1369 1616 1409 1656 V,
1445 1614 1503 1648 66.
1539 1614 1579 1655 V,
1617 1613 1664 1646 72
1695 1617 1766 1646 not.

1090 1663 1312 1695 Cleomenem
1353 1661 1500 1703 Spartae
1541 1670 1661 1703 regem
1685 1659 1766 1692 adv.

1089 1707 1303 1741 Clisthenem
1329 1708 1491 1747 advocat,
1523 1710 1556 1739 et
1579 1707 1766 1739 Alcmaeo-

1088 1753 1187 1787 nidas
1209 1753 1354 1788 Athenis
1378 1752 1490 1794 eiicit3
1514 1763 1596 1785 mox
1627 1751 1703 1795 ipse
1726 1761 1766 1784 e-

1086 1800 1208 1841 iectus,
1234 1800 1276 1840 V,
1300 1798 1451 1832 69-73.

1040 1847 1220 1880 Ischenous
1244 1850 1340 1887 pater
1366 1845 1549 1889 Pytheae,
1573 1842 1650 1885 VII,
1684 1841 1766 1878 181.

1088 1892 1179 1933 xm,
1206 1891 1263 1925 92.

1040 1939 1150 1972 Iseion
1173 1949 1199 1971 s.
1225 1937 1327 1970 Isidis
1351 1936 1535 1980 oppidum,
1558 1934 1605 1975 II,
1621 1933 1667 1967 59
1691 1937 1763 1970 not.

1041 1986 1116 2025 Isis,
1141 1984 1359 2028 Aegyptiaca
1394 1984 1469 2022 dea,
1503 1981 1650 2015 Graecis
1688 1983 1765 2025 Δη-

1085 2029 1217 2074 μήτηρ,
1243 2030 1288 2072 ΙΙ,
1322 2028 1367 2063 59
1399 2032 1469 2062 not.
1495 2027 1574 2062 156.
1609 2027 1673 2060 Isis
1707 2038 1763 2060 ea-

1085 2079 1164 2110 ‹lem
1191 2087 1282 2120 quae
1307 2077 1422 2116 Ceres,
1446 2074 1493 2114 ΙΙ,
1518 2073 1564 2107 59
1589 2077 1658 2107 not.
1692 2073 1760 2116 Η)

1083 2123 1185 2156 Isidis
1222 2122 1340 2166 imago
1373 2121 1574 2163 muliebris,
1620 2119 1761 2152 bubulis

1083 2169 1250 2203 instructa
1285 2168 1467 2208 cornibus,
1517 2166 1562 2206 ll,
1601 2164 1645 2198 41
1688 2169 1759 2198 not.

1084 2215 1195 2249 Orum
1220 2219 1253 2249 et
1276 2214 1459 2254 Bubastia,
1481 2212 1668 2247 servandos
1690 2212 1757 2246 La-

344 2420 380 2465 ’)
404 2420 494 2454 Add.
518 2419 686 2454 Lehnert.
709 2418 762 2452 De
785 2419 879 2453 foed.
905 2418 1012 2453 Ionic.
1037 2431 1074 2464 p.
1097 2420 1154 2454 26.

351 2475 399 2520 ⁴⁶)
433 2477 515 2512 vid.
546 2478 589 2512 G.
617 2479 803 2511 Hermann.
833 2477 878 2510 ad
905 2477 1060 2520 Euripid.
1085 2477 1241 2522 Iphigen.
1262 2476 1298 2510 in
1314 2476 1421 2510 Taur.
1440 2488 1477 2521 p.
1501 2474 1630 2509 XXIX
1658 2485 1754 2520 seqq.

259 2522 630 2568 Muraview-Apostol
647 2524 748 2557 Reise
769 2524 855 2556 nach
874 2524 1024 2557 Taurien
1043 2536 1076 2568 p.
1097 2525 1152 2558 70.
1173 2525 1229 2558 72.

348 2580 410 2624 ‘’*)
434 2582 533 2615 Conf.
551 2581 716 2614 Muchar:
740 2581 809 2613 Das
831 2582 901 2614 Bad
920 2581 1064 2616 Gastein
1085 2581 1214 2625 (Grfitz
1245 2581 1359 2625 1834)
1383 2592 1420 2625 p.
1442 2580 1499 2616 25.
1515 2579 1572 2615 26.

349 2636 392 2678 †)
435 2637 487 2671 De
514 2639 591 2682 ipsa
616 2650 701 2672 voce
730 2639 821 2674 conf.
843 2638 999 2673 Lobeck.
1028 2639 1119 2673 Diss.
1147 2639 1221 2672 Ide
1240 2639 1392 2674 nominn.
1411 2637 1477 2674 Gr.
1505 2637 1546 2672 L.
1566 2634 1754 2680 monosyll.

259 2680 482 2725 Regiomont.
507 2685 605 2721 1833.
628 2698 663 2730 p.
688 2685 742 2719 13.

349 2738 416 2782 ††)
440 2742 512 2774 Isis
540 2742 791 2786 Aegyptiorum
806 2741 921 2788 lingna
938 2748 992 2776 est
1015 2750 1135 2784 terra,
1160 2748 1198 2776 ut
1215 2742 1263 2777 ait
1284 2741 1531 2787 Mythograph.
1554 2739 1751 2780 Vaticanus,

257 2795 359 2830 quem
381 2795 492 2832 nuper
516 2789 613 2822 Bode
630 2789 762 2832 edidit,
784 2790 814 2823 11
832 2791 865 2833 5.
883 2790 939 2824 90.
