1839 3292
409 194 466 265 'no

813 224 1272 261 HERODOTI

409 332 515 377 ἑπτὰ
543 333 644 384 νέας
664 333 830 388 ἔχοντες
850 333 1158 389 ἐπεβώθησαν·
1193 334 1430 377 Λευκάδιοι
1449 334 1506 385 δὲ,
1538 337 1671 388 τρεῖς’

280 401 348 447 46
405 402 536 452 ἔθνος
582 401 726 452 ἐόντες
767 398 892 443 οὗτοι
932 400 1138 455 Δωρικόν
1168 399 1250 444 ἀπὸ
1289 404 1531 455 Κορίνθου.
1575 405 1626 444 Ν
1650 427 1670 433 -

410 472 598 515 σιωτέων
628 471 686 520 δὲ,
716 470 946 525 Αἰγινῆται
975 468 1208 525 τριήκοντα
1235 471 1503 524 παρείχοντο.
1558 467 1671 524 ἦσαν

409 539 487 595 μέν
527 550 607 591 σφι
653 537 726 579 καὶ
758 535 885 580 ἄλλαι
923 536 1254 593 πεπληρωμέναι
1286 537 1396 589 νέες,
1436 535 1545 580 ἀλλὰ
1576 542 1727 595 τῇσι85

407 607 486 662 μὲν
515 606 593 660 τὴν
623 604 798 648 ἑωυτῶν
827 604 1091 661 ἐφύλασσον,
1121 606 1355 660 τριήκοντα
1373 607 1418 648 δὲ
1446 609 1544 661 τῇσι
1575 604 1672 660 ἄρι-

408 687 487 718 στα
513 672 766 730 πλωούσῃσι
795 673 842 716 ἐν
872 678 1091 729 Σαλαμῖνι
1120 673 1438 729 ἐναυμάχησαν.

1498 675 1672 729 Αἰγινῆ-

380 749 484 785 Ξται
515 742 559 784 δέ
593 743 675 784 εἰσι
707 742 910 796 Δωριέες,
941 742 1023 786 ἀπὸ
1055 741 1353 796 Ἐπιδαύρου·
1395 746 1449 798 τῇ
1477 741 1520 784 δὲ
1550 739 1669 796 νήσῳ

406 810 624 864 πρότερον
663 808 833 864 οὕνομα
869 806 924 867 ἦν
965 810 1148 866 Οἰνώνη.
1207 809 1311 865 μετὰ
1342 810 1387 852 δὲ
1421 809 1668 866 Αἰγινήτας,

408 879 637 929 Χαλκιδέες
660 877 736 929 τοὶς
762 878 819 921 ἐπ’
837 878 1079 936 Ἀρτεμισίῳ
1103 881 1240 921 εἴκοσι
1260 877 1560 933 παρεχόμενοι,
1597 879 1669 922 καὶ
1680 886 1725 920 90

403 944 646 998 Ἐρετριέες
677 949 752 997 τὰς
792 945 918 990 ἑπτά·
949 941 1073 990 οὗτοι
1105 947 1149 990 ‹3²0-
1170 946 1316 997 Ἴωνές
1346 948 1438 990 εἰσι.
1471 947 1577 1000 μετὰ
1608 947 1666 998 δὲ,

405 1017 530 1058 Κεῖοι
566 1013 643 1066 τοὶς
684 1013 816 1066 αὐτὰς
858 1014 1164 1069 παρεχόμενοι·
1207 1014 1338 1065 ἔθνος
1375 1013 1447 1057 ἐόν
1473 1013 1668 1058 Ἰωνικὸν

348 1188 422 1226 hoc
444 1188 491 1225 ad
511 1186 706 1224 Periandri
727 1194 899 1237 tempora
921 1187 1010 1237 qui·
1065 1193 1216 1221 auctore
1226 1187 1248 1223 l.
1271 1188 1294 1223 1.
1316 1200 1402 1237 pag.
1420 1187 1472 1227 43
1494 1187 1630 1225 eodem
1653 1201 1724 1239 po-

348 1245 439 1282 dam
468 1246 650 1292 referunt,
671 1243 710 1279 id
732 1256 821 1279 cum
840 1245 960 1279 Kruse
979 1244 1005 1280 l.

345 1303 370 1341 l.
384 1316 423 1353 p.
439 1303 533 1343 285.
555 1303 636 1343 356
658 1300 705 1338 de
720 1301 869 1337 colonia
889 1313 1006 1336 reno-

340 1367 427 1396 vata
459 1360 670 1409 intelligere
717 1359 862 1394 malim.
923 1356 1002 1393 Sed

340 1418 508 1453 multum
557 1422 687 1466 postea
739 1416 866 1451 floruit
912 1414 1000 1451 urbs

339 1472 552 1510 mercatura
572 1473 733 1522 insigni,
754 1485 871 1525 quam
896 1471 1001 1507 locus

340 1531 420 1581 ipse
459 1530 610 1579 egregie
646 1528 862 1565 adiuvabat.
921 1529 1002 1565 Sita

345 1588 448 1623 enim
475 1587 564 1622 urbs
591 1587 629 1621 in
650 1587 873 1636 peninsula,
904 1598 1002 1637 quae

345 1644 467 1680 canali
497 1649 580 1694 post
608 1642 794 1679 disiuncta
829 1656 849 1679 a
878 1644 1003 1679 conti-

343 1702 462 1747 nenti,
482 1700 627 1736 insulae
642 1701 1000 1751 assumsitspeciem.

343 1759 454 1795 Nunc
477 1757 630 1794 Santam
649 1755 821 1794 Illam-am
850 1764 1001 1794 vocant.

342 1816 459 1851 Plura
489 1816 609 1851 Kruse
638 1815 663 1854 l.
684 1815 709 1851 l.
740 1828 779 1865 p.
813 1814 892 1854 357
921 1827 1001 1866 seq.

344 1873 440 1908 Gail.
463 1870 511 1907 ad
532 1871 682 1922 Scylac.
708 1873 725 1907 Ι
758 1885 796 1921 p.
819 1873 895 1911 381
920 1884 1000 1923 seq.

342 1926 518 1965 Boeckh.
549 1928 662 1978 Corp.
691 1928 878 1977 Inscriptt.
909 1929 936 1964 Ι.
977 1932 996 1968 1

342 1999 381 2035 Ρ.
413 1986 465 2026 58
498 1985 581 2021 coll.
614 1986 780 2022 Sintenis
813 1983 861 2020 ad
896 1985 999 2022 Plut.

341 2040 594 2079 Themistocl.
615 2041 668 2082 24
689 2056 728 2093 p.
754 2042 844 2082 153.

539 2132 632 2184 Cap.
663 2133 797 2169 XLVI.

399 2211 616 2263 Αἰγινῆται
643 2209 686 2250 δέ
723 2211 799 2250 εἰσι
826 2210 1000 2260 Δωριέες

343 2263 423 2309 vind
439 2265 716 2319 Ἐπιδαύρου]
749 2269 883 2318 Attigit
905 2268 998 2305 haec

339 2325 512 2363 Eustath.
523 2325 571 2363 ad
581 2326 889 2377 DionysPerieg.
903 2326 998 2365 511.

340 2384 614 2432 Aeginetarum
636 2390 703 2420 'res
734 2383 886 2419 navales
918 2383 998 2432 ipse

338 2441 445 2489 attigi
484 2439 532 2476 ad
569 2441 668 2488 VIII,
712 2441 747 2479 1.
808 2440 879 2484 Qui
919 2452 996 2490 quo

337 2508 449 2532 sensu
478 2495 540 2534 hic
569 2503 754 2534 vocentur
782 2497 994 2543 Dorienses,

340 2550 549 2603 disquisivit
579 2555 620 2591 C.
643 2554 687 2591 Ο.
708 2554 858 2590 Mijller.
879 2553 995 2602 Aegi-

338 2615 430 2645 nett.
452 2622 539 2660 pag.
561 2609 625 2657 42,
647 2611 882 2662 reliquorum
901 2611 994 2646 scri-

337 2671 493 2715 ptorum
528 2665 574 2702 de
606 2668 880 2717 Aeginetarum
917 2667 995 2703 ori-

337 2722 427 2771 gine
448 2722 566 2758 allatis
586 2726 825 2769 testimoniis,
845 2726 884 2760 in
907 2725 993 2776 qui-

339 2778 407 2814 bus
422 2785 465 2815 tu
483 2777 559 2815 vid.
571 2781 808 2829 potissimum
824 2782 988 2817 Pausan.

337 2836 384 2884 Π,
423 2836 476 2876 29
505 2837 542 2881 §.
575 2835 614 2878 5.
673 2838 800 2890 Atque
833 2838 992 2876 Miillero

1062 1243 1242 1293 pulorum
1271 1245 1430 1294 impetu,
1452 1257 1528 1295 quo
1558 1246 1723 1282 Dorien-

1062 1313 1118 1335 ses
1128 1299 1420 1337 Lacedaemonii
1429 1302 1599 1352 Lyttum,
1611 1300 1723 1338 The-

1061 1369 1156 1403 ram,
1177 1358 1323 1393 Melum
1344 1356 1617 1407 condjderunt,
1639 1360 1723 1395 Do-

1058 1414 1197 1450 rienses
1226 1415 1369 1464 Argivi,
1400 1416 1465 1466 qui
1492 1414 1609 1452 iidem
1629 1422 1722 1453 tunc

1059 1472 1239 1520 temporis
1277 1471 1516 1522 Epidaurum
1566 1485 1721 1524 quoque

1058 1528 1252 1575 tenebant,
1279 1529 1317 1564 in
1341 1529 1504 1576 Cretam,
1526 1528 1720 1578 Rhodum,

1060 1585 1154 1632 Con,
1195 1584 1383 1632 Cnidum,
1412 1587 1719 1624 Halicarnassum

1060 1648 1173 1693 atque
1203 1644 1317 1678 etiam
1337 1643 1527 1692 Aeginam
1564 1644 1719 1681 colonos

1061 1697 1320 1747 deduxerunt,
1381 1699 1477 1737 duce
1512 1702 1717 1741 Triacone.

1059 1757 1156 1792 Hinc
1174 1757 1288 1805 igitur
1309 1756 1592 1808 explicandum,
1613 1756 1718 1808 quod

1058 1813 1333 1862 Aeginetarum
1366 1815 1539 1861 maiores,
1552 1816 1718 1851 Dorien-

1057 1883 1126 1915 ses,
1156 1869 1349 1920 Epidauro
1375 1885 1405 1910 s.
1437 1872 1542 1922 Argo
1564 1870 1717 1908 oriundi

1056 1928 1203 1977 ipsique
1241 1928 1452 1977 Aeginetae
1489 1929 1717 1979 plerumque

1056 1979 1257 2021 Dorienses
1279 1983 1510 2033 habeantur,
1542 1987 1608 2038 qui
1634 1987 1717 2022 Do-

1056 2041 1133 2076 rica
1151 2039 1351 2077 habuerint
1366 2043 1547 2080 instituta.
1605 2043 1716 2079 Prius

1056 2099 1201 2134 insulae
1230 2111 1374 2135 nomen
1394 2096 1552 2149 Οἰνώνη
1574 2099 1622 2136 ad
1638 2100 1716 2135 Pe-

1057 2155 1249 2204 lasgorum
1288 2162 1475 2204 aetatem,
1515 2157 1580 2207 qui
1623 2156 1715 2192 olim

1056 2213 1255 2263 plerasque
1267 2213 1448 2248 Graeciae
1469 2214 1642 2263 regiones
1654 2220 1715 2249 te-

1055 2282 1185 2316 nuere,
1206 2268 1354 2305 videtur
1372 2269 1626 2317 referendum,
1640 2268 1713 2306 du-

1055 2333 1160 2362 ctum
1188 2325 1345 2362 forsitan
1377 2327 1423 2362 ab
1461 2323 1610 2376 Οἰνόης
1639 2339 1713 2363 no-

1053 2383 1171 2430 mine,
1207 2382 1310 2434 quod
1340 2384 1379 2418 in
1407 2384 1532 2419 Attica
1560 2384 1713 2419 inveni-

1052 2445 1135 2486 tur3
1176 2453 1223 2475 ex
1251 2452 1325 2491 qua
1364 2440 1443 2490 ipsa
1481 2438 1521 2476 hi
1548 2441 1711 2491 Pelasgi,

1052 2497 1118 2547 qui
1138 2497 1251 2546 primi
1270 2497 1413 2532 insulae
1433 2497 1538 2533 fuere
1550 2498 1709 2544 incolae,

1050 2554 1088 2588 in
1108 2566 1193 2588 eam
1209 2554 1348 2589 fuerint
1370 2554 1541 2604 ingressi.
1600 2554 1710 2591 Conf.

1049 2611 1199 2650 Miiller.
1230 2611 1255 2646 l.
1284 2611 1309 2648 l.
1335 2624 1373 2660 p.
1402 2613 1426 2650 8
1459 2624 1537 2663 seq.
1559 2632 1615 2638 —
1646 2610 1709 2648 Ad

1050 2667 1197 2703 articuli
1207 2680 1320 2703 usum
1341 2668 1378 2702 in
1391 2669 1514 2705 verbis
1536 2665 1623 2714 τὰς
1650 2663 1709 2707 ἐπ’

1048 2719 1284 2776 Ἀρτεμισίῳ
1315 2724 1365 2760 cf.
1394 2723 1530 2763 Matth.
1551 2727 1617 2762 Gr.
1639 2726 1705 2764 Gr.

1049 2783 1083 2828 ξ.
1102 2783 1183 2822 267
1203 2795 1240 2831 p.
1258 2780 1353 2821 550.

1108 2840 1222 2878 Κεῖοι
1241 2858 1295 2866 -
1316 2833 1528 2892 Ἀθηνέων
1548 2837 1569 2891 ]
1629 2841 1706 2877 Pro
