1839 3292
417 233 474 274 52
825 231 1282 268 HERODOTI

390 339 631 396 &raanan
667 342 856 394 κορυφῇ.
915 341 969 382 OE
1007 340 1052 382 δὲ
1092 337 1296 388 πεσόντες
1335 336 1422 380 ἀπὸ
1463 339 1544 379 τοῦ
1572 340 1687 390 Παρ-

418 412 584 465 νησσοῦ
614 408 735 450 λίθοι
765 408 826 449 ἔτι
854 407 926 448 καὶ
946 405 987 456 ἐς
1015 404 1147 460 ἡμέας
1176 400 1290 460 ἦσαν
1321 405 1430 456 σόοι,
1461 404 1507 447 ἐν
1535 407 1596 460 τῷ
1626 419 1686 446 τε-

419 477 541 533 μένεϊ
575 479 651 530 τῆς
692 477 910 529 Προνηίης
934 471 1168 529 Ἀθηναίης
1197 474 1408 528 κείμενοι,
1439 472 1481 522 ἐς
1509 472 1557 515 τὸ
1589 471 1687 514 ἐνέ-

421 549 593 597 σκηψαν
625 543 696 584 διὰ
725 545 813 584 τῶν
843 540 1081 597 βαρβάρων
1112 539 1360 595 φερόμενοι.
1407 538 1586 582 Τούτων
1608 538 1687 593 μέν
1700 546 1744 580 10

419 627 504 654 νυν
553 613 642 652 τῶν
689 608 866 664 ἀνδρῶν
912 608 1023 665 αὕτη
1064 607 1148 652 ἀπὸ
1196 611 1277 651 τοῦ
1318 610 1420 663 ἱροῦ
1462 606 1686 662 ἀπαλλαγή

417 681 594 735 γίνεται.

300 756 368 802 40

92 821 250 848 Artemisio
268 821 339 847 reli-

91 860 139 882 cto
160 855 280 890 [c.²l.],
293 856 370 882 clas-

90 889 131 915 sis
150 890 334 916 Graecorum

91 923 166 958 petit
175 922 357 951 Salaminem

524 755 579 801 ‘0
609 757 654 800 δὲ
679 755 896 810 Ἑλλήνων
925 755 1130 805 ναυτικὸς
1159 754 1343 809 στρατός
1372 752 1458 797 ἀπὸ
1486 757 1567 797 τοῦ
1591 753 1688 806 Ἀρ-

428 827 636 883 τεμισίου,
663 822 908 878 Ἀθηναίων
940 821 1195 878 δεηθέντων,
1240 824 1282 874 ἐς
1311 827 1544 879 Σαλαμῖνα
1572 823 1687 866 κατί-

396 901 518 949 Ξσχει
560 892 636 944 τὰς
679 896 796 948 νῆας.
866 894 1002 935 τῶνδε
1043 891 1088 934 δὲ
1136 893 1277 934 εἵνεκα
1324 889 1688 946 προσεδεήθησαν

426 961 576 1005 αὐτῶν
606 966 721 1016 σχεῖν
761 958 875 1014 πρὸς
913 963 1146 1016 Σαλαμῖνα
1183 957 1417 1016 Ἀθηναῖοι,
1459 959 1532 1003 ἵνα
1562 956 1742 1001 αὐτοὶ15

420 1188 502 1231 dno*
543 1193 593 1245 τῇ
616 1186 816 1242 θΤαμπείῃ
833 1184 1018 1241 κορυφῇ]

363 1249 512 1285 Mavult
548 1245 800 1285 Valckenaer.
831 1243 1020 1297 Ἵὶκμπέῃ,

363 1311 408 1341 ut
427 1305 548 1354 magis
579 1305 625 1341 sit
655 1303 841 1339 Ionicum.
878 1301 1021 1351 Hyam-

360 1374 430 1413 pea
441 1361 647 1399 vocabatur
667 1359 840 1396 Parnassi
861 1371 944 1409 pars
956 1371 1022 1394 su-

366 1431 437 1469 per
463 1416 631 1468 Delphos
660 1415 708 1453 ad
738 1417 924 1453 orientem
954 1428 1025 1451 ex-

365 1487 538 1524 surgens,
553 1475 620 1510 ubi
630 1486 722 1510 saxa
733 1473 900 1509 maxime
913 1484 1025 1522 prae-

365 1532 504 1582 cipitia,
524 1530 627 1567 unde
641 1531 872 1567 facinorosos
894 1536 929 1565 et
947 1530 1024 1564 im-

365 1589 448 1639 pios
471 1587 630 1625 deiicere
649 1588 834 1634 solebant,
865 1584 1024 1636 (vocan-

366 1652 430 1681 tur
445 1652 574 1681 autem
593 1642 854 1681 Phaedriadae
869 1643 881 1689 )
903 1644 1027 1679 octin-

367 1708 502 1751 gentos
523 1700 638 1752 pedes
668 1713 780 1752 supra
801 1698 968 1750 Delphos
991 1706 1027 1735 et

368 1757 445 1795 duo
482 1759 587 1794 mille
616 1757 732 1809 pedes
769 1769 881 1807 supra
920 1769 1027 1792 mare

369 1815 590 1852 eminentia.
638 1814 724 1851 Vid.
745 1814 786 1852 C.
811 1815 856 1851 O.
876 1813 1026 1849 Mtiller.

368 1869 598 1909 Orchomen.
639 1884 728 1922 pag.
767 1870 863 1911 494.
886 1871 1027 1921 ,Kruse

368 1929 469 1965 Hell.
490 1929 515 1965 l.
536 1929 560 1965 l.
582 1941 669 1978 pag.
692 1929 813 1969 5-8.
842 1925 1026 1965 Valcken.

369 1983 418 2022 de
452 1998 545 2035 rupe
572 1986 773 2035 Hyampea
810 1982 1029 2020 laudaverat

367 2042 545 2078 Perizon.
578 2040 627 2078 ad
654 2042 802 2077 Aeli-au.
822 2041 865 2079 V.
889 2042 937 2076 H.
958 2042 1027 2088 XI,

370 2096 396 2138 5
440 2104 476 2134 et
513 2099 744 2148 Wesseling.
783 2095 831 2133 ad
869 2095 1027 2138 Diodor,

369 2154 542 2199 XV1,28
564 2155 648 2191 coll.
689 2154 737 2191 ad
762 2155 830 2200 XI,
859 2152 921 2201 14,
962 2154 1027 2189 ubi

370 2208 434 2246 hic
473 2211 631 2262 scriptor
665 2211 713 2248 ad
751 2210 886 2246 aedem
918 2212 1028 2246 istam

369 2267 577 2315 Minervae,
617 2269 737 2304 Persis
762 2266 939 2303 divinitus
967 2267 1030 2302 fu-

371 2324 467 2373 gatis
484 2352 494 2371 ,
535 2323 703 2375 Delphos
734 2322 846 2361 tradit
868 2325 1029 2360 erexisse

370 2387 570 2430 tropaeum
592 2380 772 2433 additque
793 2381 1030 2431 epigramma

371 2442 527 2486 tropaeo
548 2436 638 2474 huic
657 2438 902 2487 inscriptum,
926 2436 1029 2488 quod

372 2492 462 2529 inde
483 2495 663 2531 analectis
681 2495 837 2531 inseruit
856 2493 1027 2531 Brunck.

371 2549 425 2583 III
440 2563 478 2599 p.
503 2553 578 2591 178
600 2564 658 2588 nr.
683 2550 759 2592 143
782 2551 868 2587 coll.
881 2551 1027 2587 Iacobs.

372 2605 655 2647 Animadverss.
686 2609 737 2645 Τ.
773 2609 840 2658 111,
879 2610 899 2647 1
936 2620 1025 2659 pag.

373 2662 470 2716 37q.

431 2718 536 2766 ἦσαν
566 2715 673 2770 σόοι]
707 2721 898 2759 Sancrofti
935 2722 1030 2758 liber

374 2785 465 2809 cum
484 2775 562 2810 aliis
584 2778 693 2815 σῶοι.
750 2778 829 2816 Sed
861 2782 961 2816 conl.
981 2780 1029 2826 ΙΙ,

379 2832 471 2872 181.
490 2831 534 2879 V,
557 2833 622 2872 96.
647 2833 782 2872 Matth.
803 2837 868 2874 Gr.
898 2837 964 2874 Gr.
990 2837 1029 2882 ξ.

1081 1186 1160 1229 124
1175 1201 1263 1239 pag.
1285 1187 1380 1229 246.
1411 1211 1460 1216 —
1495 1187 1539 1223 In
1562 1199 1669 1239 seqq.
1693 1184 1743 1223 ad

1078 1246 1239 1282 verbum
1271 1239 1506 1295 ἐνσκήπτειν
1525 1246 1623 1280 conf.
1644 1250 1742 1280 nott.

1079 1301 1127 1338 ad
1148 1304 1177 1346 I,
1204 1302 1296 1342 105.
1326 1302 1532 1338 Pausanias
1553 1302 1604 1346 X,
1626 1303 1679 1340 23
1703 1302 1743 1345 §-

1079 1361 1117 1404 3,
1146 1360 1264 1395 utitur
1283 1359 1400 1395 verbo
1436 1352 1742 1408 κατασκήπτειν.

1080 1415 1330 1466 Participium
1366 1409 1588 1466 φερόμενοι
1635 1414 1743 1465 attigi

1080 1472 1130 1510 ad
1150 1474 1248 1521 VIII,
1271 1474 1338 1513 28.

1308 1562 1399 1613 Cap.
1420 1562 1504 1599 XL.

1138 1641 1311 1692 κατίσχει
1349 1638 1420 1686 τᾶς
1448 1638 1580 1690 νῆας]
1629 1639 1742 1677 conf.

1081 1706 1179 1736 nott.
1215 1698 1263 1735 ad
1283 1699 1346 1746 VI,
1370 1700 1445 1738 101
1480 1704 1516 1734 et
1536 1695 1624 1733 add.
1641 1698 1740 1745 Vm,

1082 1755 1149 1796 41.
1188 1754 1255 1796 42.
1312 1756 1406 1791 Mox
1440 1767 1530 1791 cum
1559 1752 1740 1790 Bekkero

1084 1812 1172 1849 dedi
1208 1812 1335 1850 τῶνδε
1372 1808 1423 1850 δὲ
1466 1810 1623 1858 εἵνεκα,
1674 1811 1741 1848 ubi

1085 1868 1281 1906 Schaeser.
1320 1875 1356 1905 et
1383 1866 1518 1905 Matth.
1557 1881 1606 1903 ex
1639 1868 1741 1905 Sau-

1086 1927 1194 1963 crofti
1215 1927 1309 1962 libro
1326 1924 1417 1962 dant
1438 1926 1519 1963 ταῖν
1537 1921 1578 1962 δὲ
1599 1923 1745 1963 εἵνεκα.

1085 1984 1136 2020 At
1156 1982 1233 2020 vid.
1256 1983 1337 2031 vn,
1359 1981 1397 2022 5.
1419 1981 1486 2022 53.
1509 1980 1610 2029 vm,
1632 1981 1701 2023 75.

1142 2098 1249 2145 σχεῖν
1260 2091 1359 2143 πρός
1372 2090 1598 2145 Σαλαμῖνα]
1613 2092 1744 2131 Adlo-

1085 2155 1279 2189 cutionem
1300 2151 1401 2188 conf.
1421 2157 1518 2187 nott.
1541 2150 1589 2187 ad
1609 2152 1671 2197 vl,
1689 2152 1744 2192 92

1087 2216 1123 2246 et
1146 2207 1328 2246 Schaefer
1356 2207 1404 2244 ad
1430 2208 1622 2246 Lambert.
1652 2209 1742 2246 Bos.

1085 2267 1142 2301 De
1180 2267 1298 2316 ellips.
1338 2266 1383 2300 L.
1420 2265 1485 2302 Gr.
1527 2277 1614 2315 pag.
1647 2266 1742 2304 316.

1085 2324 1153 2359 Est
1183 2335 1271 2359 vero
1307 2321 1468 2358 Salamis
1510 2321 1633 2357 insula
1672 2321 1743 2356 be-

1087 2392 1135 2415 ne
1155 2380 1244 2426 sita,
1275 2385 1358 2415 tum
1386 2376 1434 2414 ad
1454 2390 1536 2414 rem
1564 2378 1742 2415 bellicam

1085 2435 1176 2472 inde
1221 2434 1507 2482 instituendam,
1548 2441 1632 2470 tum
1691 2432 1742 2470 ad

1083 2493 1323 2530 securitatem
1336 2503 1481 2539 eorum,
1494 2504 1590 2543 quae
1606 2492 1644 2527 in
1657 2497 1741 2528 tuto

1083 2550 1260 2586 collocari
1297 2549 1491 2595 volumus,
1530 2560 1742 2598 procuran-

1083 2605 1173 2642 dam
1193 2606 1459 2657 optimumque
1471 2605 1741 2655 beffirecepta-

1083 2664 1226 2700 culum.
1302 2661 1413 2698 Unde
1459 2661 1744 2712 explicandum,

1085 2719 1189 2772 quod
1219 2720 1282 2755 illa
1304 2726 1447 2766 aetate,
1476 2720 1598 2755 Persis
1614 2719 1741 2754 immi-

1085 2777 1284 2824 uentibus,
1314 2777 1353 2812 in
1383 2775 1482 2812 hanc
1502 2776 1741 2827 potissimum

1084 2835 1248 2872 insulam
1280 2832 1530 2880 Athenienses
1548 2832 1739 2881 mulieres,
