1839 3292
12 544 98 588 164

475 214 939 255 CALLIOPE.
996 215 1077 252 IX.

1327 217 1413 257 303

157 327 210 382 δὴ
236 325 311 369 καὶ
350 326 393 368 οἱ
422 323 545 368 ἄλλοι
584 322 848 378 ἐτράποντο,
886 323 959 365 καὶ
989 320 1106 373 εἶξαν
1132 326 1246 365 τοῖσι
1274 325 1414 365 Λακε-

128 394 429 449 δδαιμονίοισι.
487 398 685 436 πλεῖστον
712 392 796 448 γάρ
827 404 962 447 σφεας
990 388 1181 446 ἐδηλέετο
1210 388 1237 446 ἡ
1269 389 1415 446 ἐσθής,

154 463 314 517 ἐρῆμος
344 462 478 505 ἐοῦσα
508 460 674 504 ὅπλων·
716 459 828 514 πρὸς
856 459 939 513 γὰρ
971 458 1146 509 ὁπλίτας
1170 457 1312 510 ἐόντες
1341 466 1452 513 γυ-5

156 536 313 587 μνῆτες
335 529 483 586 ἀγῶνα
512 530 752 573 ἐποιεῦντο.

809 528 1026 570 Ἐνθαῦτα
1062 527 1093 583 ἤ
1131 543 1176 570 τε
1209 528 1306 583 δίκη
1335 529 1417 569 τοῦ

155 600 300 654 φόνου
337 603 418 642 τοῦ
447 600 695 648 Λεωνίδεω,
733 594 840 639 zato}
882 594 930 637 τὸ
972 594 1258 649 χρηστήριον,
1303 600 1418 639 τοῖσι

155 667 455 723 Σπαρτιήτῃσι
494 667 540 708 ἐκ
580 664 843 716 Μαρδονίου
881 662 1138 705 ἐπιτελέετο·
1176 662 1250 704 καὶ
1289 664 1417 718 νίκην

157 735 401 788 ἀναιρέεται
429 734 660 786 καλλίστην
681 731 882 775 ἁπασέων
897 735 986 773 τῶν
1014 728 1134 784 ἡμεῖς
1153 731 1276 785 ἴδμεν
1296 733 1416 772 Παυ-

126 806 306 858 Ξσανίης
335 801 358 846 ὁ
389 802 700 857 Κλεομβρότου
729 803 808 842 τοῦ
833 797 1185 849 Ἀναξανδρίδεω.
1234 801 1340 851 (τῶν
1369 797 1416 841 δὲ
1432 805 1474 838 10

153 870 398 924 κατύπερθέ
449 871 491 912 οἱ
537 867 767 924 προγόνων
811 865 863 909 τοὶ
900 864 1126 920 οὐνόματα
1170 865 1336 920 εἴρηται
1372 865 1417 915 ἐς

127 941 405 994 3Λεωνίδην·
434 936 567 981 ὠύτοὶ
584 937 669 992 γάρ
703 948 782 991 σφι
810 933 1073 990 τυγχάνουσι
1095 930 1269 985 ἐόντες.)
1295 931 1417 975 Ἀπο-

151 1006 334 1063 θνήσκει
365 1007 411 1050 δὲ
440 1008 698 1060 Μαρδόνιος
727 1003 815 1047 ὑπὸ
846 1000 1149 1057 Ἀειμνήστου,
1179 997 1341 1054 ἀνδρὸς
1370 999 1418 1042 ἐν

152 1075 335 1131 Σπάρτῃ
365 1077 565 1130 λογίμου·
597 1073 644 1124 ὃς
671 1072 814 1128 χρόνῳ
841 1071 1024 1124 ὕστερον
1052 1067 1157 1124 μετὰ
1184 1067 1239 1111 τοὶ
1270 1069 1415 1124 Μηδι-
1471 1078 1554 1117 722

153 1144 209 1186 κά
247 1143 353 1197 ἔχων
390 1143 555 1197 ἄνδρας
595 1142 872 1197 τριηκοσίους
913 1139 1121 1193 συνέβαλε
1166 1137 1213 1180 ἐν
1246 1140 1414 1179 Στενυ-

154 1210 321 1268 κλήρῳ,
352 1209 545 1265 πολέμου
573 1208 736 1263 ἐόντος,
764 1210 1053 1263 Μεσσηνίοισι
1080 1208 1206 1248 πᾶσι·
1236 1203 1311 1247 καὶ
1341 1201 1417 1247 αὖ·
1431 1209 1472 1244 15

295 1429 388 1480 Cap.
416 1428 553 1465 LXIV.

153 1504 181 1558 ’ἤ
203 1522 243 1547 τε
264 1508 354 1558 δίκη
385 1509 461 1546 τοῦ
487 1501 633 1556 φόνου]
669 1504 757 1543 Vid.

96 1566 203 1613 Vm,
247 1564 338 1604 114.
371 1584 418 1593 -—
442 1562 505 1600 Ad
522 1563 756 1599 locutionem

96 1623 213 1670 νίκην
233 1615 490 1671 ἀναιρεῖσθαι
518 1619 620 1656 conf.
643 1621 756 1656 allata

94 1677 142 1714 ad
164 1679 233 1725 VI,
263 1679 315 1718 70
345 1684 382 1714 et
409 1676 498 1714 add.
518 1677 620 1713 Plut.
644 1676 755 1714 The-

93 1735 254 1771 mistocl.
302 1735 372 1782 15,
424 1728 647 1784 (οἶρᾶμενοι
690 1734 754 1772 νί-

93 1795 210 1841 uma),-
277 1790 343 1826 ubi
402 1790 570 1827 Sintenis
603 1797 753 1840 praeter

95 1855 267 1884 nostrum
286 1847 416 1884 locum
437 1848 535 1883 bene
558 1846 667 1884 affert
676 1849 754 1884 Ho-

96 1904 238 1940 merica
252 1905 398 1939 nemini
414 1917 491 1939 non
505 1910 596 1939 nota
618 1905 754 1950 κῦδος,

96 1959 208 2007 κλέος
230 1989 240 2007 ,
279 1958 397 2011 τιμήν
449 1955 632 2010 ἆρέσθαι.
696 1962 755 1996 De

97 2019 178 2067 ipso
199 2017 272 2053 loci
293 2023 519 2066 argumento
550 2017 683 2053 confer
707 2018 755 2054 sis

95 2071 291 2110 Plutarch.
327 2074 505 2123 Compar.
535 2073 690 2110 Aristid.
718 2080 755 2110 et

97 2130 178 2167 Cat.
201 2132 226 2169 2
246 2142 333 2180 pag.
357 2131 435 2170 353
456 2131 503 2168 D.
532 2129 595 2166 Ad
618 2143 755 2167 vocem

95 2182 321 2238 κατύπερθε
351 2185 454 2224 conf.
474 2187 585 2223 allata
606 2186 654 2224 ad
672 2188 753 2236 Vll,

97 2242 190 2283 204.

151 2295 231 2337 ’ὑπὸ
251 2293 527 2349 Ἀειμνήστου]
539 2299 594 2335 Ita
612 2299 650 2335 in
671 2300 755 2350 ple-

100 2353 222 2405 risque
260 2353 371 2391 codd.
410 2356 592 2406 scriptum
633 2363 754 2394 exstat

99 2409 212 2460 idque
229 2411 340 2447 etiam
352 2425 474 2448 unum
497 2425 631 2448 verum
645 2412 750 2449 vide-

99 2471 161 2502 tur
182 2467 448 2518 Wesselingio.
486 2470 581 2510 Diss.
610 2469 752 2509 Herod.

99 2522 170 2568 VI,
199 2523 264 2559 fin.
289 2536 374 2573 pag.
394 2526 459 2563 61.
481 2528 548 2565 62.
580 2525 656 2562 Viri
671 2540 755 2576 per-

95 2581 220 2628 petuae
249 2582 426 2616 memoriae
453 2594 584 2619 nomen.
653 2584 755 2619 San—

99 2635 208 2671 crofti
229 2636 323 2672 liber
351 2648 439 2671 cum
465 2638 537 2674 alio
559 2638 623 2675 dat
651 2635 754 2690 Ἀρι-

99 2689 297 2741 μνήστου,
332 2690 431 2742 quod
466 2693 569 2730 idem
600 2694 754 2733 exhibet

99 2748 205 2784 Valla
234 2755 269 2784 et
300 2747 491 2784 Plutarch.
520 2751 672 2791 Arisfid.
703 2755 752 2793 19

98 2805 181 2842 init.
207 2806 293 2844 coll.
312 2803 585 2846 Pseudo-plut.
608 2809 642 2844 11
664 2822 752 2860 pag.

814 1394 895 1432 873
917 1393 965 1428 D.
997 1391 1106 1428 Cous.
1132 1390 1246 1427 etiam
1279 1390 1379 1427 infra
1401 1389 1472 1437 IX,

813 1452 994 1557 72ᾆρόνῳ
1014 1500 1181 1554 ’ὕστερον
1194 1499 1288 1554 μετά
1307 1499 1355 1542 τὰ
1375 1506 1475 1554 Μη-

815 1560 927 1610 δικοῖ]
959 1562 1125 1597 Plenum
1158 1561 1291 1612 utique
1324 1559 1476 1597 dicendi

812 1631 934 1669 genus
954 1620 1088 1655 Nostro
1116 1616 1221 1654 haud
1242 1614 1476 1670 infrequens,

811 1682 854 1712 ut
889 1675 1052 1712 vidimus
1087 1673 1136 1711 ad
1164 1676 1240 1722 ΙΙΙ,
1284 1678 1352 1716 36.
1389 1675 1472 1723 Vll,

811 1735 878 1773 33.
908 1733 962 1779 v,
993 1735 1044 1773 21
1079 1733 1165 1769 0011.
1194 1733 1252 1779 Π,
1286 1729 1379 1772 154.
1405 1732 1469 1780 lv,

813 1791 904 1828 166.
962 1788 1064 1824 Infra
1101 1789 1183 1835 IX,
1241 1788 1295 1829 75
1344 1785 1471 1841 χρόνῳ

809 1840 975 1896 ὕστερον
997 1840 1160 1884 τούτων.
1205 1846 1284 1892 ΙΧ,
1315 1846 1391 1885 83:
1423 1843 1473 1883 ’ὗ-

812 1901 932 1954 στὲρῳ
956 1900 1087 1952 μέντοι
1109 1897 1237 1954 χρόνῳ
1256 1898 1351 1951 μετοὶ
1373 1905 1472 1940 ταῦ-

811 1974 859 1997 τοι
897 1972 969 1995 nec
1014 1972 1163 2009 prorsus
1194 1959 1363 1995 alienum
1400 1960 1472 2006 lx,

812 2013 883 2055 84:
917 2014 1127 2054 ἔπειτεν-
1148 2014 1309 2068 δευτέρῃ
1328 2013 1470 2069 ἡμέρῃ.

812 2071 922 2116 Quod
962 2070 1000 2109 h.
1029 2073 1054 2108 l.
1089 2078 1325 2108 memoratur
1355 2085 1471 2122 proe—

810 2129 925 2173 lium,
957 2128 996 2164 id
1030 2127 1076 2165 ad
1107 2130 1261 2165 tertium
1289 2129 1471 2179 pertinuit

810 2186 955 2222 bellum
984 2186 1283 2233 Messmxiacum,
1316 2183 1363 2221 de
1393 2197 1470 2236 quo

810 2245 1026 2280 notavimus
1075 2243 1260 2279 nonnulla
1307 2240 1356 2278 ad
1400 2243 1470 2287 IX,

811 2299 877 2340 35.
916 2299 1180 2350 Stenyclermn,
1215 2299 1380 2350 priscam
1407 2312 1472 2335 re-

809 2368 904 2406 gum
941 2359 1150 2394 Messeniae
1186 2357 1344 2405 sedem,
1386 2370 1474 2394 me-

809 2419 934 2450 morat
972 2416 1136 2454 Pansan.
1173 2415 1244 2462 IV,
1293 2417 1317 2454 3
1360 2415 1398 2459 ξ.
1431 2411 1470 2452 4.

808 2471 977 2522 itemque
1008 2484 1167 2522 campum
1195 2470 1471 2522 Stenyclericum

810 2527 885 2574 lv,
927 2530 979 2567 33
1014 2529 1050 2572 ᾗ·
1086 2528 1125 2567 5.
1155 2528 1228 2572 IV,
1280 2530 1331 2567 16
1363 2529 1399 2574 ξ·
1429 2526 1470 2575 4,

810 2584 876 2619 ubi
913 2582 988 2621 vid.
1029 2584 1199 2620 Siebeus.
1241 2597 1331 2634 pag.
1373 2585 1468 2624 128.

814 2642 905 2679 163.
965 2640 1046 2677 Sita
1093 2640 1164 2676 fuit
1210 2640 1321 2688 urbs,
1375 2646 1470 2677 teste

811 2696 998 2733 Strabone
1027 2697 1114 2733 VIII
1143 2709 1229 2746 pag.
1260 2700 1339 2738 361
1370 2710 1401 2734 s.
1430 2711 1472 2747 p.

810 2753 890 2794 555
925 2754 974 2790 A.
1014 2754 1053 2788 in
1099 2751 1226 2789 media
1262 2754 1470 2801 Messenia3

808 2809 912 2846 unde
946 2822 1127 2861 campum
1166 2810 1472 2864 Stenyclericum
