1839 3292
410 207 494 249 158

807 208 1267 246 HERODOTI

408 315 637 373 ἐχρήσατο·
667 316 816 370 λέγων,
848 314 906 366 ὦς
935 319 999 368 „sl
1027 317 1085 372 μὴ
1116 317 1309 360 δώσουσι
1335 317 1385 361 τὸ
1406 317 1669 374 αἰτεόμενον,
1683 327 1726 362 10

411 383 583 438 ,,ἐπάξει
597 383 674 438 τὴν
704 383 906 439 στρατιὴν
922 387 1009 425 τῶν
1035 381 1264 438 Ἑλλήνων,
1295 385 1367 427 καὶ
1397 387 1671 440 πολιορκέων

387 450 710 506 2,,ἐξαιρήσει.“
769 450 905 506 λέγων
945 443 1008 492 οἶν
1047 453 1211 501 ταῦτα,
1251 450 1446 507 συνέλεγε
1475 452 1670 509 χρήματα

411 519 572 576 μεγάλα
610 517 727 571 παρὰ
755 519 1019 572 Καρυστίων
1047 534 1091 561 τε
1130 518 1202 561 καὶ
1234 520 1436 573 Παρίων·
1477 523 1643 564 οἳπνν-

411 586 654 642 θανόμενοι
691 585 769 641 τήν
805 602 848 629 τε
876 585 1086 640 ”Ανδρον,
1133 585 1192 637 ὡς
1228 585 1528 640 πολιορκέοιτο
1558 588 1724 633 διότι15
1753 576 1839 617 673*

411 655 598 710 ἐμήδισε,
630 653 702 696 καὶ
736 653 1046 708 Θεμιστοκλέα,
1090 651 1147 704 ὥς
1176 655 1239 711 εἴη
1271 654 1318 697 ἐν
1350 656 1450 711 αἴνῃ
1489 657 1668 712 μεγίστῃ

383 726 505 765 3τῶν
535 724 798 775 στρατηγῶν,
829 722 1042 770 δείσαντες
1061 725 1208 775 ταῦτα,
1239 723 1428 778 ἔπεμπον
1460 721 1666 777 χρήματα.

411 791 470 833 Εἰ
511 788 556 832 δὲ
593 786 644 843 δή
690 802 802 837 τινες
840 789 913 830 καὶ
943 788 1066 831 ἄλλοι
1106 788 1262 833 ἔδοσαν
1289 790 1554 846 νησιωτέων,
1587 789 1670 834 οὐκ

411 857 491 913 ἔχω
517 858 672 899 εἰπεῖν·
713 853 849 898 δοκέω
882 856 926 898 δέ
956 872 1076 906 τινας
1104 858 1177 900 καὶ
1207 856 1365 909 ἄλλους
1395 860 1564 909 δοῦναι,
1594 859 1670 902 καὶ

383 924 473 968 4οὐ
512 924 695 973 τούτους
724 921 934 978 μούνους.

993 925 1067 966 καί
1103 940 1171 967 τοι
1202 926 1487 980 Καρυστίοισί
1514 940 1562 980 γε
1591 926 1670 969 οὐ-

412 993 507 1045 δὲν,
546 989 707 1034 τούτου
744 992 906 1041 εἵνεκα,
946 994 1026 1033 τοῦ
1055 996 1196 1035 κακοῦ
1224 993 1442 1049 ὑπερβολή
1480 993 1726 1048 έγένετο·20

414 1058 581 1113 Πάριοι
610 1058 655 1101 δὲ
690 1057 978 1113 Θεμιστοκλέα
995 1058 1182 1112 χρήμασι
1212 1060 1491 1116 ἱλασάμενοι,
1519 1061 1671 1116 διέφυ-

381 1133 494 1182 5γον
523 1124 572 1168 τὸ
602 1124 854 1180 στράτευμα.

920 1127 1231 1182 Θεμιστοκλέης
1259 1129 1337 1183 μέν
1365 1146 1472 1181 νυν,
1511 1127 1552 1179 ἐξ
1577 1127 1670 1171 Ἀν-

414 1196 524 1247 δρου
554 1191 840 1249 ὁρμετόμενος,
869 1192 1065 1249 χρήματα
1093 1194 1214 1249 παρὰ
1235 1196 1478 1253 νησιωτέων
1506 1195 1671 1240 ἐκτέετο

411 1261 556 1318 λάθρη
584 1265 670 1306 τῶν
699 1260 841 1305 ἄλλων
871 1264 1132 1318 στρατηγῶν.

353 1501 558 1558 Ἀνδρίους
612 1516 813 1556 perperam
873 1503 1015 1542 habent

354 1560 451 1615 πρὸς
478 1560 653 1614 βασιλέα.

411 1616 519 1671 παρὰ
543 1616 814 1670 Καρυστίων.]
844 1618 902 1653 De
937 1618 1014 1656 Ca-

355 1678 480 1726 rysta'ae‘s
519 1675 621 1712 conf.
657 1673 800 1713 Herod.
833 1675 905 1722 IV,
944 1677 1011 1714 33.

355 1733 426 1781 VI,
458 1734 525 1773 99.
582 1732 640 1768 Ac
660 1731 820 1767 refertur
843 1731 1014 1781 Carystus

355 1790 455 1826 inter
513 1789 789 1840 antiquissimas
832 1788 1013 1824 Euboeae

356 1847 491 1891 urbes,
534 1846 613 1881 iam
648 1846 816 1880 Homero
845 1851 935 1881 nota
975 1851 1012 1880 et

357 1903 404 1939 ab
421 1903 545 1938 Attica
565 1903 626 1939 vel
646 1900 798 1938 condita
825 1902 886 1938 vel
901 1902 1011 1937 inco-

356 1960 401 1995 lis
441 1959 610 2008 repleta,
648 1971 746 2009 quae
789 1957 883 1994 adeo
928 1964 1012 2008 post

356 2016 455 2052 bella
470 2016 620 2051 Persica
642 2028 731 2051 cum
748 2016 786 2050 in
804 2013 1014 2051 Athenien-

355 2073 454 2109 sium
498 2071 708 2109 devenisset
741 2071 951 2119 ditionem,
991 2083 1014 2107 a

354 2129 537 2166 Romanis
589 2129 733 2178 accepit
786 2129 1011 2164 libertatem.

354 2187 546 2222 Marmore
565 2185 605 2221 in
627 2185 771 2223 viciniis
792 2191 899 2221 eruto
918 2185 1014 2222 vini-

355 2255 430 2294 que
456 2243 598 2291 egregii
626 2242 772 2279 cultura
800 2242 893 2278 olim
925 2241 1013 2278 urbs

353 2300 523 2335 maxime
543 2299 730 2335 celebrata
750 2305 816 2344 est,
831 2310 928 2349 quae
943 2296 1013 2333 ad-

355 2354 430 2391 huc
448 2367 516 2391 suo
542 2356 700 2391 nomine
719 2361 875 2391 vocatur
899 2353 1013 2403 Cary-

356 2416 408 2449 sto
433 2426 461 2448 s.
488 2411 604 2447 Castel
622 2411 747 2447 Rosso.
790 2410 875 2448 Vid.
900 2411 1013 2445 Man-

357 2475 452 2504 nert.
473 2469 570 2513 vill,
581 2482 617 2518 p.
630 2470 711 2507 262
722 2481 778 2519 sq.
794 2465 1011 2504 Tzschuck.

358 2524 405 2560 ad
423 2525 510 2560 Mel.
530 2526 587 2572 ΙΙ,
621 2527 666 2570 7,
698 2526 722 2564 9
747 2531 841 2561 nott.
874 2536 1011 2573 exegg.

360 2582 458 2624 (Vol,
483 2582 549 2618 111.
569 2582 613 2617 P.
631 2582 665 2616 11
687 2594 774 2631 pag.
794 2581 907 2628 695.)
954 2582 1012 2616 De

360 2636 481 2673 Pariis
500 2638 601 2674 conf.
632 2638 739 2683 VllI,
770 2640 832 2677 62.
862 2638 905 2673 In
935 2650 1014 2687 seq.

359 2705 428 2742 pro
445 2695 715 2745 Θεμιστοκλῆα
729 2693 816 2730 dedi
827 2695 1016 2743 Θεμιστο-

358 2747 464 2794 κλέα,
490 2749 592 2800 quod
610 2752 848 2787 Florentinus
866 2758 901 2787 et
914 2751 1016 2787 San-

357 2805 467 2843 crofti
485 2807 580 2842 liber
599 2808 821 2857 praebuere,
846 2809 1016 2859 itemque

1075 1504 1203 1544 εἰπεῖν
1231 1501 1318 1554 (pro
1349 1499 1488 1555 εἶπαι),
1517 1505 1564 1542 ab
1590 1503 1728 1542 eodem

1070 1561 1289 1598 Florentino
1329 1561 1499 1598 allatum.
1568 1561 1631 1598 Ad
1667 1563 1729 1598 lo-

1070 1620 1265 1655 cutionem
1284 1615 1326 1656 ἐν
1339 1616 1430 1671 αἴνῃ
1444 1618 1602 1673 μεγίστῃ
1625 1615 1729 1657 εἶναι

1070 1675 1170 1716 cons.
1210 1673 1343 1711 Matth.
1372 1675 1409 1719 ξ.
1440 1674 1493 1714 95
1527 1687 1616 1726 pag.
1644 1677 1728 1716 207

1070 1739 1107 1768 et
1133 1738 1231 1771 nott.
1252 1730 1300 1767 ad
1322 1732 1395 1777 111,
1426 1729 1492 1770 74.

1126 1790 1197 1827 τοῦ
1217 1789 1345 1826 κακοῦ
1367 1783 1571 1838 ’ὑπερβολή
1599 1784 1728 1839 ἐγένε-

1069 1843 1132 1894 το]
1154 1845 1280 1881 Valla:
1305 1843 1479 1892 Carystiz's
1502 1856 1543 1881 ne
1559 1843 1626 1880 hac
1645 1845 1730 1894 qui-

1068 1901 1142 1938 dem
1164 1914 1202 1938 re
1223 1902 1371 1949 contigit
1396 1900 1554 1949 effugere
1579 1900 1728 1939 cladem.

1069 1959 1230 2008 Propius
1250 1957 1297 1994 ad
1322 1959 1401 2007 ipsa
1419 1958 1554 1994 verba:
1588 1956 1729 1999 Quam-

1071 2027 1175 2065 quam
1215 2014 1390 2064 Carystiis
1418 2014 1556 2063 quidem
1589 2014 1729 2050 minime

1069 2071 1151 2108 inde
1173 2071 1300 2108 dilatio
1316 2084 1344 2107 s.
1364 2083 1461 2106 mora
1474 2069 1557 2120 fuit
1578 2069 1728 2106 calami-

1070 2130 1169 2174 tatis,
1195 2127 1270 2178 qust
1290 2127 1365 2163 scil.
1388 2127 1486 2176 ipsos
1502 2124 1602 2162 affici
1612 2138 1728 2174 opor-

1070 2185 1154 2220 tuit.
1203 2184 1400 2220 Invenitur
1423 2195 1500 2218 vox
1523 2178 1730 2233 ’ὑπερβολή

1071 2240 1206 2288 (mora,
1222 2240 1422 2289 procrasiin
1432 2238 1514 2289 ztio)
1532 2238 1634 2289 apud
1653 2239 1730 2275 Po-

1070 2297 1148 2347 lyb.
1173 2297 1284 2343 XIV,
1316 2299 1352 2343 9,
1376 2298 1400 2336 8
1417 2302 1510 2332 teste
1531 2293 1729 2345 Schweig-

1069 2352 1272 2400 haeuser-o,
1305 2353 1369 2404 qni
1401 2351 1447 2388 de
1466 2353 1582 2389 verbo
1610 2350 1729 2402 ὕπερ-

1069 2407 1287 2460 βάλλεσθαι
1338 2408 1526 2457 dafferenclt'
1572 2409 1729 2445 notione

1068 2465 1197 2502 laudat
1226 2465 1365 2503 Herod.
1401 2465 1487 2512 Vll,
1529 2467 1611 2506 206
1644 2464 1730 2514 (ubi

1069 2523 1170 2559 conf.
1208 2521 1320 2573 nott.)
1352 2529 1387 2558 et
1422 2523 1499 2570 IX,
1541 2522 1608 2562 51.
1663 2522 1730 2558 Tu

1068 2579 1153 2615 add.
1187 2581 1267 2626 IX,
1315 2578 1382 2619 46.
1450 2579 1556 2616 Bene
1594 2578 1730 2627 Negris

1073 2637 1230 2686 exponit
1265 2630 1467 2686 εἷναβολῆ,
1512 2632 1731 2685 ’ὑπέρθεσις

1071 2695 1144 2731 τοῦ
1169 2694 1308 2731 κακοῦ.
1327 2713 1381 2719 -
1417 2694 1461 2728 Ιιι
1482 2691 1560 2728 fine
1578 2703 1661 2740 cap.
1679 2688 1729 2726 ad

1072 2750 1237 2785 sormam
1284 2747 1432 2788 ἑκτέετο
1477 2747 1556 2786 vid.
1594 2744 1730 2785 Matth.

1073 2807 1140 2843 Gr.
1161 2808 1228 2844 Gr.
1253 2806 1290 2851 ξ.
1314 2808 1363 2846 10
1383 2817 1474 2857 pag.
1488 2803 1555 2844 44.
