1839 3292
549 190 894 226 URANIA.
954 189 1087 225 v111.

1398 195 1454 233 87

191 303 349 344 εἰπεῖν·
391 296 676 352 ,,Δημάρητε,
715 294 797 339 οὐκ
842 297 930 339 ἔστι
962 295 1074 346 ὅκως
1103 295 1156 340 οὐ
1187 295 1296 351 μέγα
1325 312 1364 339 τι
1395 300 1454 339 σι’-

160 375 292 418 3,,υος
322 366 439 409 ἔσται
469 369 520 421 τῇ
551 364 749 420 βασιλέος
788 367 980 420 στρατιῇ.

1040 364 1141 406 τάδε
1182 364 1265 419 γάρ
1304 363 1453 420 ἀρίδη-

189 440 282 487 ,,λα,
315 433 477 489 ἐρήμου
508 432 661 487 ἐούσης
681 435 757 486 τῆς
776 431 980 485 Ἀττικῆς,
1013 431 1080 474 ὅτι
1101 437 1228 474 θεῖον
1256 433 1305 476 τὸ
1324 438 1454 488 φθεγ-

189 501 428 558 „yo'pevov³
478 498 562 542 οἷπὸ
616 498 856 548 Ἐλευσῖνος
896 497 965 540 ἰὸν
1005 499 1048 550 ἐς
1087 502 1297 556 τιμωρίην
1333 500 1508 556 Ἀθη-35

160 571 384 623 4,,ναίοισί
425 584 468 610 τε
508 567 582 610 καὶ
611 572 724 609 τοῖσι
762 564 1034 622 συμμάχοισι.

1094 568 1167 610 καὶ
1207 568 1265 623 ἦν
1298 568 1376 624 μέν
1406 584 1453 623 γε

189 634 472 692 ,,κατασκήψῃ
515 635 557 684 ἐς
587 634 663 690 τὴν
695 632 1060 690 Πελοπόννησον,
1092 636 1302 686 κίνδυνος
1334 634 1453 692 αὐτῷ

190 721 263 758 „te
293 703 462 760 βασιλέϊ
488 702 562 746 καὶ
590 706 644 758 τῇ
675 705 854 758 στρατιῇ
882 705 934 756 τῇ
964 701 1011 744 ἐν
1040 706 1094 758 τῇ
1123 701 1288 759 ἠπείρῳ
1322 704 1451 746 ἔσται·

190 771 270 828 ,,ὴ“ν
308 771 353 814 δὲ
392 771 460 814 ἐπὶ
496 770 574 820 τὰς
611 774 720 826 ’νῆας
759 768 972 825 τράπηται
1016 768 1092 820 τὰς
1133 770 1180 812 ἐν
1218 774 1451 825 Σαλαμῖνι,

158 839 294 893 5,,τὸν
323 838 530 882 ναυτικὸν
559 837 745 890 στρατόν
783 835 1059 880 κινδυνεύσει
1099 836 1302 892 βασιλευς
1342 837 1509 881 ἄπο-4ο

184 907 395 964 „fiai-sav.

455 905 534 960 τὴν
577 905 621 948 δὲ
666 903 803 960 ὁρτήν
842 905 1004 960 ταύτην
1043 902 1201 960 ἄγουσι
1226 905 1454 961 Ἀθηναῖοι

184 973 296 1028 ,,ἀνά
325 975 467 1018 πάντα
499 973 592 1016 ἔτεα
621 977 674 1029 τῇ
705 973 856 1030 Μητρὶ
886 973 959 1016 καὶ
988 977 1041 1030 τῇ
1070 975 1238 1030 Κούρῃ,
1269 973 1342 1017 καὶ
1373 972 1449 1016 αὐ-

128 1089 238 1127 Idem
275 1091 368 1135 feci,
412 1092 525 1142 paulo
556 1091 712 1127 inferius
745 1097 781 1127 et

127 1148 227 1194 VIII,
248 1150 300 1187 73
321 1147 386 1183 fin.
410 1151 461 1189 68
485 1149 519 1193 ξ.
548 1150 581 1186 1.
604 1149 669 1187 87.
694 1147 783 1187 112.

128 1205 197 1251 IX,
226 1205 288 1243 16.
314 1205 376 1243 18.
396 1202 462 1244 46.
481 1207 545 1245 82.
565 1201 628 1243 84.
641 1205 705 1243 89.
736 1204 786 1239 At

128 1261 237 1307 VIII,
270 1262 322 1301 88
352 1261 488 1312 reliqui
521 1256 646 1307 εἶπαι,
680 1260 785 1296 cuius

129 1317 214 1353 loco
226 1329 324 1352 unus
335 1317 524 1353 Sancrofti
539 1317 635 1352 liber
645 1315 782 1363 εἰπεῖν,

129 1374 298 1424 itemque
329 1373 435 1421 VHI,
470 1374 559 1412 118.
590 1370 783 1411 128140

130 1429 168 1475 ς,
188 1431 225 1468 2.
252 1430 329 1476 IX,
353 1431 377 1470 8
392 1458 402 1476 ‚
431 1429 496 1465 ubi
516 1441 613 1464 unus
625 1429 785 1463 Floren-

130 1487 229 1522 tinus
270 1483 333 1521 dat
376 1485 513 1524 εἰπεῖν.
571 1485 645 1521 vix
682 1484 785 1520 enim

130 1539 226 1578 mihi
245 1540 435 1590 credibile,
464 1543 590 1592 ipsum
608 1539 785 1577 Herodo-

122 1605 206 1635 tum
225 1598 265 1634 in
284 1599 418 1635 talibus
443 1598 572 1635 formis
603 1604 784 1634 constan-

121 1661 180 1691 ter
199 1655 340 1704 egisse:
367 1668 458 1706 quas
480 1668 569 1691 cum
588 1653 636 1690 ad
662 1667 782 1690 uuam

121 1724 297 1748 normam
319 1711 490 1762 redigere
515 1712 563 1748 ob
593 1712 778 1747 librorum

121 1775 356 1805 vetustorum
410 1768 619 1805 dissensum
669 1769 779 1804 nobis

122 1822 420 1876 haudquaquam
439 1826 569 1873 liceat,
601 1825 719 1860 malui
738 1826 779 1860 in

122 1882 277 1931 siugulis
290 1882 379 1919 locis
401 1881 575 1919 codicum
589 1882 783 1933 potiorum

122 1938 230 1989 sequi
268 1940 540 1976 auctoritatem.

181 1989 256 2033 ov'u
277 1994 354 2033 ἔστι
373 1992 477 2042 ὅκως
499 1989 566 2043 ου’]
596 1995 622 2031 i.
647 1995 780 2044 asieri

122 2052 263 2100 nequit,
287 2053 392 2101 quin:
422 2051 467 2088 de
491 2065 565 2102 quo
596 2050 779 2102 loquendi

122 2119 261 2155 genere
299 2107 373 2145 vid.
408 2107 524 2144 modo
564 2110 686 2144 Zeun.
730 2107 778 2144 ad

122 2163 248 2213 Viger.
280 2178 317 2213 p.
345 2166 427 2205 235
459 2178 536 2215 seq.
595 2163 774 2214 Xenoph.

122 2219 245 2256 Anah.
267 2222 324 2268 ΙΙ,
347 2220 383 2267 4,
407 2223 444 2261 3.
465 2220 656 2273 Aristoph.
679 2219 774 2260 Ach.

126 2278 218 2316 116.
240 2277 338 2328 qu.
374 2280 469 2318 238.
500 2278 776 2328 Plat.Apolog.

125 2332 231 2368 Soor.
253 2347 289 2384 p.
302 2336 354 2374 27
374 2335 421 2370 E.
448 2336 540 2371 Mox
562 2329 628 2374 ἄπ’
646 2331 776 2373 Ἑλευ-

125 2391 232 2435 σῖιός
261 2387 323 2429 ι’ὀν
343 2404 363 2426 e
389 2392 606 2428 Florentino
627 2392 777 2443 alioque

124 2443 218 2480 libro
258 2448 462 2496 repositum
498 2448 514 2496 (
533 2447 679 2485 dudum
715 2450 778 2484 iu-

125 2498 237 2536 bente
253 2503 480 2553 VVesseling.
519 2506 613 2542 Diss.
634 2504 778 2541 Herod.

130 2557 185 2591 ΧῙ
212 2570 248 2606 p-
274 2559 365 2607 167)
389 2574 456 2610 pro
479 2555 559 2601 ἐόν.
582 2582 635 2588 -
656 2562 777 2597 Paulo

128 2620 216 2648 ante
229 2612 314 2649 dedi
326 2615 576 2667 βασιλέοςριό
588 2619 777 2668 βασιλῆος

127 2675 163 2704 et
183 2669 291 2715 σίνος
303 2684 369 2720 pro
382 2673 617 2724 6i1›og‚quoj
631 2672 776 2711 Sohae-

123 2726 223 2761 serus
252 2740 339 2763 cum
353 2727 486 2766 Matth.
511 2737 547 2767 et
563 2729 689 2768 Bekk.
714 2744 777 2767 re·-

125 2781 247 2834 liquit.

893 1085 988 1128 τοὲδε
1008 1087 1083 1141 γάρ
1109 1084 1298 1141 ἆρίὸηλα]
1324 1091 1350 1127 i.
1372 1104 1406 1127 e.
1441 1090 1502 1127 hoc

842 1148 929 1183 enim
945 1146 1173 1196 manzfestum
1192 1151 1255 1184 est.
1291 1146 1408 1198 Apud
1418 1148 1502 1183 Ho-

842 1215 994 1238 merum
1038 1203 1231 1240 invenitur
1271 1202 1345 1240 hoc
1390 1217 1503 1241 sensu

843 1255 1049 1310 ἄρίζηλοςε
1087 1258 1134 1296 de
1166 1259 1240 1311 qua
1274 1273 1368 1297 voce
1400 1261 1499 1297 conf.

841 1317 1065 1352 Buttmann.
1099 1317 1275 1366 Lexilog.
1304 1318 1322 1352 I
1348 1330 1387 1366 p.
1419 1316 1500 1357 252

841 1385 936 1423 seq„
970 1372 1033 1421 qui
1055 1370 1156 1408 idem
1180 1387 1217 1422 p.
1235 1372 1325 1412 147.
1355 1372 1402 1408 de
1421 1374 1500 1424 syl-

841 1440 927 1475 laba
961 1428 1033 1492 ᾆ-ᾆῖ
1052 1440 1181 1476 multis
1210 1439 1365 1476 vocibus
1388 1452 1500 1489 prae-

839 1498 961 1546 posita
996 1497 1172 1546 disputat.
1195 1517 1246 1523 -—
1281 1493 1342 1531 Ad
1363 1508 1500 1531 vocem

839 1555 1033 1606 τιμωρίην
1067 1553 1168 1589 conf.
1205 1558 1302 1588 nott.
1341 1550 1390 1587 ad
1417 1552 1498 1599 Vn,

844 1611 935 1649 169.
973 1631 1030 1638 --
1068 1605 1123 1660 ἦν
1156 1630 1212 1635 —
1251 1603 1497 1662 κατασκήψῃ

840 1672 914 1702 est:
972 1669 1005 1704 si
1053 1667 1250 1715 ingruerit,
1311 1665 1497 1701 inciderit:

837 1721 883 1758 de
904 1736 980 1774 quo
1012 1722 1089 1762 vid.
1118 1729 1214 1760 nott.
1245 1719 1294 1758 ad
1315 1722 1407 1770 V11,
1444 1723 1496 1761 10

895 1877 973 1919 ἆνὰ
992 1876 1122 1919 πάντα
1144 1877 1247 1928 ἔτεα]
1268 1879 1293 1918 i.
1314 1892 1347 1916 e.
1364 1891 1497 1928 qaoque

838 1951 940 1976 anno,
992 1939 1048 1972 De
1081 1945 1275 1987 tempore,
1307 1948 1383 1986 quo
1409 1948 1496 1970 lua-

834 2007 911 2044 gna
953 1995 1146 2030 Eleusinia
1194 1992 1494 2038 celebrabantur,

835 2064 925 2087 cum
973 2052 1066 2087 olim
1122 2049 1360 2086 dissentirent
1423 2048 1492 2084 viri

836 2107 957 2154 docti,
986 2120 1089 2143 nunc
1112 2105 1268 2158 quidem
1289 2106 1337 2142 ob
1370 2103 1491 2140 diser-

834 2172 918 2200 tum
936 2163 1118 2200 Herodoti
1146 2162 1406 2199 testimouium
1429 2160 1493 2196 ni·-

833 2220 888 2257 hil
918 2219 1077 2256 dubium
1095 2248 1104 2264 ,
1144 2232 1297 2270 quoque
1326 2230 1426 2254 anuo
1454 2222 1492 2253 et

835 2276 990 2330 quidem
1026 2290 1158 2312 mense
1196 2274 1493 2321 Boedromioue,

835 2336 899 2386 qui
936 2347 1024 2371 cum
1046 2333 1263 2382 Septembri
1285 2338 1413 2367 nostro
1439 2331 1491 2366 sic

834 2392 920 2428 satis
949 2391 1148 2436 convenit,
1192 2390 1256 2425 illa
1284 2388 1396 2424 fuisse
1427 2399 1492 2422 ce-

833 2448 990 2487 lebrata.
1062 2447 1177 2483 Plura
1227 2446 1401 2481 Creuzer.
1450 2444 1490 2479 in

836 2504 1010 2556 Symbol.
1041 2502 1094 2540 IV
1131 2514 1219 2552 pag.
1239 2499 1333 2541 493.
1378 2500 1491 2537 Voci-

835 2562 903 2598 bus
924 2562 974 2613 τῇ
1007 2557 1145 2609 Μητρὶ
1175 2556 1243 2596 καὶ
1270 2558 1318 2610 τῇ
1348 2552 1488 2607 Κούρῃ

832 2618 1029 2653 neminem
1051 2616 1169 2665 fugit,
1202 2612 1362 2650 iudicari
1385 2613 1488 2650 Cere-

834 2687 903 2710 rem
952 2679 1065 2722 atque
1115 2670 1380 2721 Proserpinam,
1436 2670 1487 2705 ita

833 2729 1015 2780 appellari
1037 2728 1162 2764 solitas
1189 2729 1230 2763 iu
1257 2739 1361 2764 sacra
1397 2738 1487 2776 my—

831 2786 1031 2824 steriorum
1049 2783 1258 2836 disciplina.
1288 2782 1350 2820 Ad
1370 2794 1488 2835 quam
