1839 3292
34 869 100 914 17

474 234 939 271 CALLIOPE.

997 233 1014 268 1
1028 234 1077 269 X.
1331 236 1414 275 229

163 342 377 398 ,,θρώπῳ·
408 340 510 385 οὐδὲ
539 340 621 396 γὰρ
651 340 780 384 πιστὰ
812 341 986 396 λέγουσι
1015 339 1154 383 ἐθέλει
1182 341 1413 384 πείθεσθαι
1426 349 1468 382 55

134 408 345 463 8,,ούδείς.
376 415 512 452 ταῦτα
534 410 579 452 δὲ
601 409 806 462 Περσέων
825 409 974 464 συχνοὶ
996 406 1282 459 ἐπιστάμενοι,
1314 407 1413 451 ἑπό-

161 482 302 533 ,,μεθα
333 475 549 533 ἀναγκαίῃ
581 476 861 529 ἐνδεδεμένοι.
893 475 1063 530 ἐχθίστη
1096 474 1140 517 δὲ
1171 472 1308 530 ὀδύνη
1327 474 1413 517 ἐστὶ

159 548 275 597 ,,τῶν
294 543 342 587 ἐν
372 543 647 598 ἀνθρώποισι
673 542 796 598 αὕτη,
836 541 976 585 πολλοὶ
1006 541 1252 596 φρονέοντα
1283 544 1408 597 μηδε-

128 620 150 652 9
161 612 265 666 „vos
289 612 527 665 κρατέειν.“

601 613 747 653 Ταῦτα
777 611 855 664 μὲν
883 613 964 653 τοῦ
989 607 1269 663 Ὀρχομενίου
1305 613 1408 663 Θερ-

158 678 352 733 σάνδρου
380 679 564 734 ἤκουον·
621 676 692 720 καὶ
730 675 831 720 τάδε
864 674 974 731 πρός
1002 673 1217 725 τούτοισι,
1249 674 1306 726 ὠς
1337 675 1409 719 αὐ-
1425 683 1470 718 60

152 748 224 797 τὸς
273 744 430 789 αὐτίκα
475 746 593 799 λέγοι
638 747 776 787 ταῦτα
821 744 936 799 πρὸς
985 741 1250 796 ἀνθρώπους
1297 742 1409 798 πρό-

155 829 282 869 τερον
309 811 339 869 ἢ
366 811 567 868 γενέσθαι
596 811 642 854 ἐν
674 815 914 868 Πλαταιῇσι
945 808 1024 865 τὴν
1053 808 1206 866 μα’χην.

1466 610 1546 650 699

266 882 529 934 Μαρδονίου
557 879 602 922 δὲ
630 878 677 922 ἐν
712 883 765 936 τῇ
796 879 987 934 Βοιωτίῃ
1018 877 1409 933 στρατοπεδευομέ-
1463 875 1741 950 ἔξοῦθῦθῐϋπινῦῐ-

1532 923 1570 957 [c.
1595 922 1654 957 3l.]
1681 926 1740 952 μη-

155 963 263 999 νου,
304 949 348 990 οἱ
387 946 464 1000 μὲν
502 945 624 990 ἄλλοι
667 948 925 1002 παρείχοντο
963 945 1147 996 ἅπαντες
1186 946 1403 1000 στρατιήν,
1462 959 1716 1000 δισμὸςοοηως,

1521 1000 1597 1036 quod
1631 1000 1741 1027 auxilia

153 1016 226 1058 καὶ
257 1014 546 1070 συνεσέβαλον
575 1014 617 1065 ἐς
644 1012 827 1069 Ἀθήνας
858 1012 954 1057 ὅσοι
972 1028 1052 1067 περ
1084 1011 1286 1068 ἐμήδιζον
1311 1011 1404 1055 Ἑλ-
1416 1003 1740 1075 ὂὸξῇῃᾱοηῑοιεὸεῑς-

125 1082 301 1139 Ξλήνων
340 1086 428 1126 τῶν
465 1081 600 1138 ταύτῃ
639 1080 893 1138 οικημένων.
954 1084 1114 1136 μοῦνοι
1152 1081 1197 1124 δὲ
1234 1078 1405 1131 Φωκέες
1461 1069 1740 1136 ἱ’ξῃῗῑξῗξ8ἳζ,ῗξ“ι’

96 1209 205 1259 seph.
225 1210 271 1246 Β.
297 1208 380 1248 Iud.
417 1211 487 1256 VI,
521 1209 546 1250 5
563 1239 572 1257 ,
617 1208 654 1248 4.
676 1209 755 1245 Ae—

96 1264 216 1316 schyl.
239 1266 373 1316 Suppl.
408 1268 511 1307 1055
542 1273 577 1303 et
597 1267 756 1302 Ritters-

99 1320 185 1358 llus.
206 1320 254 1358 ad
265 1321 428 1358 Phaedri
449 1322 523 1358 fab.
545 1323 609 1359 lib.
630 1323 665 1357 II
685 1323 753 1358 sub

99 1377 230 1414 finem.
289 1379 354 1415 Tu
391 1377 478 1416 vide
514 1379 753 1428 potissimum

98 1433 241 1472 Herod.
262 1435 300 1483 I,
329 1437 396 1475 91.
425 1436 498 1480 III,
522 1432 587 1473 43.
611 1434 676 1473 64.
699 1433 750 1475 65

99 1497 137 1527 et
176 1503 272 1542 quae
311 1491 383 1526 alia
410 1491 545 1540 collegi
588 1489 634 1526 ad
657 1491 752 1526 Plu-

97 1545 215 1584 tarch.
235 1545 370 1597 Pyrrh.
392 1549 444 1586 30
464 1559 550 1597 pag.
570 1548 650 1586 236
672 1559 751 1598 seq.

96 1603 195 1639 Nem
229 1616 297 1653 per
316 1604 514 1639 Graeciam
543 1611 749 1653 propagata

95 1659 300 1710 multisque
328 1666 478 1709 recepta
501 1658 651 1696 videtur
671 1672 749 1697 esse

95 1717 292 1752 sententia.
313 1737 366 1743 —
385 1718 429 1751 In
444 1729 549 1767 seqq.
571 1715 618 1752 ad
638 1716 749 1752 locu-

94 1772 238 1808 tionem
270 1766 466 1826 οἷναγκαίῃ
502 1771 749 1822 ἐνδεδεμένοι

95 1827 196 1866 conf.
224 1830 264 1876 1,
303 1831 349 1867 11
382 1829 510 1879 ibique
539 1835 634 1866 nott.
662 1830 746 1867 coll.

94 1885 204 1930 VIII,
252 1887 319 1924 22.
398 1886 526 1936 Atque
575 1886 747 1922 observat

95 1940 301 1976 Creuzerus
333 1941 373 1976 in
392 1942 549 1992 Dionys.
584 1954 671 1991 pag.
694 1940 747 1981 74

94 1997 254 2033 verbum
274 1994 349 2035 δέω
370 2005 406 2034 et
432 1997 521 2034 inde
540 1998 748 2048 composita

93 2053 269 2089 lubenter
305 2053 411 2103 iungi
449 2055 535 2091 voci
581 2050 746 2108 ἀνάγκῃ,

94 2109 160 2145 ubi
179 2108 218 2145 id
242 2109 325 2158 fati
341 2110 656 2159 significationem
675 2109 747 2147 ha-

93 2165 192 2203 beat.
248 2167 443 2203 pertinent
483 2180 634 2218 quoque
672 2165 747 2204 huc

93 2222 297 2258 Homerica
315 2223 358 2258 11.
379 2224 456 2270 IX,
481 2226 529 2263 18
551 2221 675 2270 (Ζεύς
700 2237 747 2274 με

94 2275 191 2329 μέγα
202 2279 400 2330 Κρονίδης
417 2276 490 2333 ἄτῃ
505 2278 663 2329 ἐνέδησε
675 2280 748 2330 βα-

96 2334 223 2387 ρείῃ),
264 2335 356 2382 alia,
387 2337 484 2387 quae
514 2337 635 2373 attulit
655 2338 747 2373 Mit-

95 2387 289 2426 scherlich.
331 2390 379 2428 ad
407 2393 538 2430 Horat.
573 2392 644 2431 Od.
678 2394 743 2442 ΙΙΙ,

95 2443 176 2492 24,
205 2444 243 2485 5.
273 2449 312 2486 6.

153 2520 311 2572 ἐχθίστη
333 2522 375 2562 δὲ
395 2520 520 2576 ὀδύνη
542 2524 623 2565 ἐστὶ
647 2542 684 2566 κ.
711 2542 742 2568 τ.

95 2578 149 2625 λ.]
198 2579 435 2617 Acerrimum
474 2581 643 2634 adeoque
681 2584 744 2620 in-

94 2634 335 2671 festissimum
369 2638 419 2673 ait
446 2636 616 2675 dolorem
646 2640 744 2676 inter

92 2689 268 2727 homiues
289 2705 365 2728 esse
381 2706 481 2741 eum,
502 2696 532 2731 si
548 2696 628 2746 quis
642 2697 747 2733 mul-

94 2752 132 2783 ta
163 2747 291 2796 (bene)
334 2749 470 2797 cogitet
501 2763 626 2803 neque
654 2766 744 2790 vero

95 2802 304 2856 quidquam
330 2807 508 2857 consequi
536 2820 566 2845 s.
596 2806 746 2847 efficere

811 1216 938 1261 queat.
994 1210 1101 1245 Bene
1121 1210 1278 1258 Lange:
1311 1208 1371 1245 der
1393 1209 1466 1246 bit-

811 1270 913 1303 terste
934 1266 1098 1302 Kummer
1114 1266 1195 1302 aber
1214 1264 1285 1314 auf
1299 1265 1360 1301 der
1373 1277 1466 1313 gan-

810 1335 872 1359 zen
896 1322 984 1358 Welt
1002 1325 1047 1358 ist
1072 1322 1149 1369 der,
1180 1334 1275 1358 wenn
1300 1334 1382 1358 man
1403 1323 1465 1371 bey

810 1379 900 1414 aller
941 1378 1108 1414 Einsiclat
1146 1377 1239 1415 keine
1261 1377 1400 1415 Gewalt
1425 1379 1465 1415 in.

808 1433 962 1472 Hiinden
983 1435 1059 1471 leat.

864 1510 918 1558 ὥς
933 1508 1053 1558 αὐτὸς
1065 1507 1208 1550 αὐτίκα
1221 1509 1327 1563 λέγοι
1340 1512 1464 1549 ταῦτα

806 1566 908 1620 πρός
955 1563 1198 1618 ἀνθρώπους
1220 1565 1240 1620 ]
1295 1566 1464 1604 offendit

805 1623 1124 1662 Valckeuaerium
1177 1637 1255 1662 vox
1300 1619 1464 1674 ἀνθρώ-

803 1697 925 1729 πους,
954 1683 994 1717 in
1016 1682 1120 1718 cuius
1138 1681 1268 1717 locum
1291 1681 1463 1717 substitui

804 1739 884 1776 vult
907 1735 1068 1784 ἄλλουςε
1089 1741 1129 1774 ut
1153 1738 1274 1774 aliis
1289 1738 1367 1774 scil.
1388 1738 1461 1774 ista

804 1808 966 1832 narrasse
984 1795 1127 1831 dicatur
1152 1793 1372 1830 Thersander
1389 1806 1461 1830 αη-

804 1855 943 1902 tequam
987 1851 1036 1888 acl
1077 1851 1249 1888 Plataeas
1290 1850 1458 1900 proelium

803 1910 1078 1945 committeretur.
1137 1906 1215 1944 Sed
1234 1907 1347 1943 libros
1367 1907 1457 1943 scri-

803 1971 886 2015 ptos
907 1976 1038 2000 omnes
1060 1963 1206 2000 obstare
1227 1962 1350 1999 doleo.
1393 1961 1456 1999 Ad

803 2021 1013 2070 optativum
1046 2018 1150 2071 λέγοι
1186 2019 1217 2056 C
1226 2033 1256 2056 r.
1294 2019 1457 2056 conferri

801 2075 1086 2115 vultHeindorf.
1098 2075 1144 2112 ad
1153 2074 1456 2116 Plat0n.Phaed.

802 2146 889 2184 pag.
911 2137 977 2180 21,
998 2135 1051 2172 27
1072 2139 1108 2168 et
1127 2133 1208 2169 Ast.
1239 2131 1287 2168 ad
1306 2133 1457 2169 Platon.

801 2190 1005 2241 Rempubl.
1028 2201 1114 2240 pag.
1135 2187 1216 2230 478
1236 2201 1316 2241 seq.

1003 2279 1096 2330 cap.
1125 2279 1245 2316 XVII.

837 2355 1042 2415 ῳέμήδιζον
1055 2355 1129 2409 γάρ
1147 2353 1194 2408 δὴ
1216 2351 1372 2408 σφόδρα
1387 2355 1456 2396 καὶ

802 2416 944 2464 οὗτοι]
996 2411 1153 2465 σφόδρα
1192 2412 1283 2450 dant
1322 2426 1455 2450 omnes

801 2471 942 2520 codd.‚·
987 2484 1065 2507 una
1084 2469 1223 2507 Aldina
1263 2470 1340 2505 eius
1369 2470 1454 2506 loco

799 2526 914 2564 habet
935 2524 1111 2578 μεγάλως
1127 2525 1241 2577 quod,
1270 2526 1455 2575 probante

805 2585 1030 2633 kc'esseling.
1063 2590 1099 2620 et
1126 2581 1385 2629 Valckenaer„
1407 2583 1454 2619 ob

801 2642 879 2687 IX,
922 2639 974 2679 40
1013 2645 1215 2676 tenuerunt
1258 2637 1452 2676 Schaefer.

802 2703 838 2732 et
877 2694 1034 2742 Manli„
1080 2695 1208 2731 reiecit
1253 2693 1453 2732 Bekkerus

800 2766 889 2790 cum
926 2751 1089 2802 reliquis.
1155 2752 1212 2787 Ac
1252 2749 1452 2802 Schweig-

799 2808 982 2847 haeusero
1002 2809 1040 2844 in
1060 2813 1138 2845 tota
1157 2808 1341 2846 sententia
1359 2806 1454 2845 hae-
