1839 3292
477 200 936 241 CALLIOPE.

147 330 279 366 κειτο,
319 311 399 356 οὐκ
427 310 473 355 ἓν
503 310 592 369 νόῳ
622 310 811 367 ἔχοντες·
854 309 898 352 οἱ
927 307 994 361 δὲ,
1033 304 1092 358 ὥς
1120 303 1402 360 ἐκινήθησαν,
1459 311 1539 350 717

995 201 1012 235 l
1022 199 1076 237 X.
1321 200 1404 240 287

148 383 333 437 ἔφευγον
370 379 550 435 ἄσμενοι
589 380 667 434 τὴν
708 379 845 421 ἵππον
885 375 997 430 πρὸς
1032 373 1113 430 τήν
1151 372 1464 416 Πλαταιέων3ο

147 447 294 493 πόλιν·
356 447 592 503 φεύγοντες
620 446 690 498 δὲ,
730 443 1008 487 ἀπικνέονται
1036 442 1104 486 ἐπὶ
1132 439 1181 484 τό
1207 438 1405 493 Ἡραῖον.

119 515 197 560 3τὸ
229 516 275 559 δὲ
303 515 388 570 πρό
425 518 500 570 τῆς
534 510 803 563 πόλιόςέστι
837 514 911 566 τῆς
942 509 1219 560 Πλαταιέων,
1270 509 1408 551 εἴκοσι

149 584 353 632 σταδίους
390 580 474 625 ἀπὸ
516 584 591 637 τῆς
627 578 791 636 κρήνης
820 581 896 632 τῆς
936 577 1194 632 Γαργαφίης
1233 573 1407 630 ἀπέχον.

150 649 412 706 ἀπικόμενοι
460 648 533 697 δὲ,
582 647 733 691 ἔθεντο
780 643 864 700 πρὸ
918 647 1000 687 τοῦ
1052 645 1155 698 ἱροῦ
1195 642 1249 686 τοὶ
1280 641 1408 686 ὅπλα.

146 767 212 808 ἐπὶ
248 763 291 807 τὸ
328 761 516 817 Ἡραῖον]
565 764 623 799 De
650 763 749 810 loco,

93 838 170 876 quo
214 823 368 860 Iunonis
398 820 599 870 templum,
642 820 749 855 cuius

93 882 208 916 etiam
246 881 286 915 in
321 889 427 929 seqq.
474 876 670 927 aliquoties
710 875 752 912 fit

92 937 236 973 mentio
272 941 309 971 et
329 933 430 985 apud
449 931 642 969 Plutarch.
663 932 752 968 Ari-

91 992 177 1030 stid.
195 993 244 1031 18
264 992 343 1027 init.
357 1020 367 1040 ‚
402 996 636 1026 exstructum
660 995 751 1036 erat,

93 1062 171 1086 non
204 1061 355 1099 prorsus
396 1047 536 1097 liquet:
580 1046 753 1098 quamvis

95 1112 181 1142 ante
243 1106 362 1155 ipsam
423 1103 582 1150 urbem,
648 1103 674 1139 i.
721 1115 755 1138 e.

95 1163 141 1198 ab
170 1161 313 1198 oriente
343 1159 465 1205 urbis,
499 1159 613 1195 situm
641 1159 754 1195 fuisse

95 1218 261 1255 declaret
315 1215 541 1252 Herodotus.
627 1216 755 1266 Atque

95 1276 147 1311 ita
168 1287 321 1325 quoque
334 1272 428 1309 illud
443 1271 621 1309 indicavit
633 1274 753 1308 Kruse

96 1332 136 1368 in
175 1330 326 1379 tabula,
377 1329 549 1378 Anglum
598 1327 753 1365 doctum

97 1385 294 1437 Stanhope
341 1393 514 1433 secutus3
555 1397 754 1435 perperam

98 1445 202 1480 enim
219 1443 316 1481 Gail.
338 1441 432 1479 illud
451 1442 520 1478 sub
548 1443 668 1491 ipsam
687 1454 756 1477 ur-

97 1501 186 1537 bem
204 1498 252 1536 ad
269 1499 565 1549 septentrionem
587 1498 754 1534 colloca-⁴

97 1563 180 1604 rat,
211 1563 442 1592 exstructum
464 1555 577 1591 fuisse
595 1555 754 1605 opinans

98 1613 155 1661 (ut
182 1613 262 1662 ipsa
290 1611 447 1648 afferam
468 1611 584 1648 verba
607 1612 668 1648 in:
698 1612 754 1647 Le

96 1667 280 1720 philolog.
340 1669 372 1706 V
410 1680 499 1719 pag.
536 1670 618 1709 282
657 1667 752 1720 seq.)

98 1737 189 1773 „sur
226 1725 262 1762 le
299 1731 411 1761 tertre
450 1725 609 1774 contigu
649 1722 672 1760 a
717 1725 754 1761 la

96 1782 224 1832 plaine
255 1787 359 1818 entre
389 1783 443 1818 les
472 1780 574 1817 deux
616 1781 756 1817 ruisse-

100 1837 218 1874 aux.“
276 1837 320 1874 C.
352 1839 396 1878 Ο.
428 1838 580 1874 Miiller.
610 1836 759 1874 Orcho-

98 1905 204 1933 men.
230 1906 318 1944 pag.
340 1893 433 1934 488.
454 1896 646 1930 Heraeum
668 1907 762 1945 pro-

100 1963 149 2001 pe
177 1950 347 1987 Plataeas
377 1949 610 1987 Cithaeronis
632 1951 760 1988 fauces

100 2019 229 2044 versus
269 2007 383 2043 situm
435 2007 549 2044 fuisse
599 2007 760 2044 arbitra-

100 2069 175 2100 tur.
260 2062 372 2100 Unde
435 2063 586 2100 coniicit
640 2066 761 2101 Kruse

100 2119 202 2156 Hell.
220 2120 274 2167 11,
299 2123 318 2160 1
340 2132 427 2170 pag.
448 2119 549 2168 595,
567 2121 761 2157 Heraeum

101 2176 151 2212 ad
176 2174 349 2213 dextram
369 2177 470 2213 urbis
489 2183 637 2227 partem
656 2184 763 2214 extra

102 2234 300 2269 moenium
332 2233 517 2270 ambitum
544 2234 598 2270 ibi
642 2247 761 2286 quae-

105 2287 266 2325 rendum
290 2303 388 2337 esse,
417 2291 483 2327 ubi
505 2303 608 2327 nune
627 2292 760 2327 ruinae

108 2344 292 2394 quaedam
327 2347 505 2384 ecclesiae
532 2355 678 2384 exstare
699 2347 760 2384 di-

109 2407 244 2437 cuntur
262 2414 340 2439 non
354 2403 467 2453 longe
484 2417 505 2439 a
523 2405 606 2441 vico
619 2403 759 2453 Koklo‚

109 2468 223 2507 quem
244 2458 281 2494 in
293 2460 423 2495 veteris
436 2461 611 2497 Plataeae
630 2462 759 2497 locum

110 2513 258 2549 cessisse
291 2522 455 2555 narrant.
502 2517 614 2554 conf.
642 2518 761 2555 Stan-

109 2566 211 2618 hope
244 2569 270 2605 l.
299 2570 323 2608 l.
349 2584 436 2621 pag.
469 2576 535 2614 60.
568 2575 667 2611 Gail.
704 2577 760 2612 Le

108 2623 292 2674 PhilOlOg·
311 2627 343 2663 V
363 2640 448 2677 pag·
460 2631 536 2669 281
559 2644 638 2682 seq.
653 2631 761 2668 Docl-

108 2682 208 2718 well.
228 2682 331 2718 nulla
361 2682 471 2721 huius
496 2688 628 2738 templi
645 2690 762 2725 vesti-

107 2738 169 2787 gia
207 2745 307 2774 certa
326 2752 365 2775 se
394 2740 577 2779 invenisse
611 2745 759 2793 scribit3

108 2795 178 2832 uisi
202 2795 298 2832 forte
325 2795 496 2847 lapidum
522 2801 644 2839 acervi
673 2803 760 2853 qui-

808 760 896 797 dam
916 757 991 796 huc
1013 759 1143 795 referri
1165 759 1323 809 possint.
1379 755 1468 796 Vid.

807 819 825 853 I
854 830 935 867 cap.
961 817 1032 855 IX.
1066 829 1087 852 e
1118 829 1216 854 vers.
1242 813 1403 855 Sickler.
1435 815 1466 862 1,

808 877 834 914 2
851 886 940 924 pag.
962 872 1031 914 74.

865 928 1004 969 ἔθεντο
1023 950 1080 956 —-
1109 923 1157 966 τοὶ
1177 922 1299 979 ὅπλα]
1331 929 1388 963 De
1407 927 1468 963 lo·-

810 987 963 1023 cutione
987 985 1067 1022 dixi
1087 984 1136 1022 ad
1154 985 1184 1032 I,
1206 987 1260 1024 62
1285 991 1323 1021 et
1341 984 1385 1031 V,
1401 982 1468 1024 74.

809 1044 936 1080 Minus
964 1049 1150 1091 accurate,
1171 1042 1321 1092 opinor,
1342 1042 1466 1078 Wes-

810 1101 942 1150 seling.
984 1098 1129 1135 reddit:
1167 1102 1316 1146 „castra
1345 1098 1470 1134 metati

802 1156 952 1206 fuerunt
967 1157 1057 1203 sive,
1074 1162 1116 1191 ut
1130 1156 1312 1206 sequitur,
1333 1153 1468 1205 ἐστρα-

810 1208 1111 1252 τοπεδεύοντο.“
1169 1210 1248 1248 Sed
1281 1212 1397 1247 verbo
1432 1209 1468 1249 ε’-

811 1267 1167 1321 στρατοπεδεύοντο
1191 1266 1293 1304 aliud
1310 1266 1470 1304 indicari

812 1333 925 1377 atque
970 1325 1195 1376 praegressis
1238 1323 1377 1363 ἔθεντο
1418 1319 1467 1361 τοὶ

813 1379 936 1429 ὅπλα,
974 1383 1039 1418 vix
1071 1393 1306 1433 quemquam
1336 1380 1472 1430 fugiet.

812 1440 987 1475 Primum
1009 1439 1110 1473 enim
1135 1439 1201 1473 ubi
1233 1436 1469 1483 advenerint,

807 1497 846 1533 in
861 1497 969 1532 aciem
988 1495 1213 1531 consederunt
1234 1495 1312 1530 sive
1340 1494 1474 1530 armati

809 1554 1052 1589 constiterunt:
1084 1564 1158 1603 quo
1180 1551 1299 1598 facto,
1322 1549 1371 1587 ad
1391 1551 1473 1585 He-

808 1622 942 1645 raeum
962 1615 1081 1645 castra
1106 1614 1327 1659 posuerunt.
1370 1607 1470 1642 Hinc

808 1666 906 1702 infra
925 1665 993 1711 IX,
1010 1667 1084 1705 72:
1112 1660 1332 1715 κατήμενος
1353 1662 1394 1703 ἐν
1421 1664 1472 1716 τῇ

809 1718 909 1770 τάξι,
961 1722 1025 1758 ubi
1048 1721 1148 1758 conf.
1170 1728 1264 1758 nott.
1298 1722 1356 1756 De
1390 1720 1471 1770 ipsa

812 1779 1004 1815 locutione
1024 1777 1063 1815 h.
1084 1779 1109 1820 l,
1132 1780 1298 1815 excitant
1312 1778 1473 1828 Dionys.

814 1837 936 1873 Halic.
956 1836 1010 1871 III
1050 1849 1138 1886 pag.
1175 1837 1267 1874 193.
1314 1833 1472 1871 Diodor.

816 1893 934 1931 sicul.
959 1893 1053 1938 XII,
1076 1895 1127 1932 66
1151 1898 1186 1927 et
1206 1892 1302 1939 XX,
1320 1893 1387 1930 31.
1407 1891 1476 1926 Vi-

816 1962 896 1999 ger.
915 1947 963 1985 ad
977 1949 1117 1985 Euseb.
1130 1950 1308 1999 Praepar.
1324 1949 1476 1997 Evang.

815 2007 929 2052 XIII,
971 2007 1037 2046 68.
1094 2004 1376 2055 Xenophontea
1406 2003 1477 2040 da-

814 2063 870 2100 bit
910 2062 1096 2101 Lexicon.
1147 2060 1477 2112 Xenophonteum

817 2120 869 2157 T.
917 2120 971 2155 ΙΙΙ
1005 2131 1092 2169 pag.
1121 2121 1202 2159 299
1228 2131 1308 2169 seq.
1369 2117 1475 2162 Quae

817 2189 907 2213 cum
944 2176 1174 2226 scripsissem
1197 2202 1209 2222 ,
1267 2171 1384 2211 incidi
1433 2174 1473 2209 in

816 2234 909 2270 Am.
944 2232 1112 2284 Peyroni
1158 2230 1472 2282 disputationem:

816 2292 900 2338 „De
932 2288 1120 2326 comaudo
1151 2289 1314 2324 militare
1344 2283 1475 2326 θέσθε

816 2345 863 2385 τοὶ
885 2343 987 2386 ὅπλα
1005 2346 1179 2382 lezione“
1209 2346 1268 2382 in:
1288 2344 1474 2381 Memorie.

818 2404 855 2440 di
866 2402 1075 2440 Academia
1092 2402 1192 2439 reale
1205 2401 1302 2438 delle
1313 2402 1474 2439 Scienze

818 2460 865 2497 de
886 2461 1036 2497 Turino
1057 2461 1172 2498 Tom.
1202 2459 1350 2496 XXVII
1384 2469 1474 2508 pag.

822 2520 898 2557 193
924 2529 1032 2569 seqq.
1081 2517 1154 2552 Ubi
1177 2528 1264 2566 pag.
1291 2517 1374 2556 200
1401 2526 1476 2551 no-

816 2581 938 2610 strum
973 2586 1127 2624 quoque
1158 2572 1288 2608 locum
1326 2577 1474 2618 tractat,

818 2644 906 2666 eum
925 2631 978 2666 sic
988 2631 1081 2667 Italo
1097 2641 1273 2665 sermone
1286 2627 1448 2664 reddens
1460 2640 1472 2664 ε

817 2688 974 2735 gz'unlivi
996 2686 1254 2735 soffermaronsi
1279 2685 1363 2722 colle
1384 2686 1477 2722 armi

816 2757 839 2780 a
871 2747 966 2780 terra
996 2745 1155 2792 rimpetto
1186 2742 1224 2778 al
1257 2742 1477 2792 tempz'o'be-

815 2813 942 2852 neque
989 2806 1122 2836 monet
1164 2797 1476 2850 distinguendum
