<?xml version="1.0" encoding="UTF-8"?>
<!DOCTYPE html PUBLIC "-//W3C//DTD XHTML 1.0 Transitional//EN"
    "http://www.w3.org/TR/xhtml1/DTD/xhtml1-transitional.dtd">
<html xmlns="http://www.w3.org/1999/xhtml" xml:lang="en" lang="en">
 <head>
  <title>
</title>
<meta http-equiv="Content-Type" content="text/html;charset=utf-8" />
  <meta name='ocr-system' content='tesseract 3.04.00' />
  <meta name='ocr-capabilities' content='ocr_page ocr_carea ocr_par ocr_line ocrx_word'/>
</head>
<body>
  <div class='ocr_page' id='page_1' title='image "./musaeher04hero/musaeher04hero_0374.png"; bbox 0 0 1839 3292; ppageno 0'>
   <div class='ocr_carea' id='block_1_1' title="bbox 372 196 459 238">
    <p class='ocr_par' dir='ltr' id='par_1_1' title="bbox 372 196 459 238">
     <span class='ocr_line' id='line_1_1' title="bbox 372 196 459 238; baseline -0.023 0"><span class='ocrx_word' id='word_1_1' title='bbox 372 196 459 238; x_wconf 80' lang='lat'><em>866</em></span> 
     </span>
    </p>
   </div>
   <div class='ocr_carea' id='block_1_2' title="bbox 772 191 1236 230">
    <p class='ocr_par' dir='ltr' id='par_1_2' title="bbox 772 191 1236 230">
     <span class='ocr_line' id='line_1_2' title="bbox 772 191 1236 230; baseline -0.002 0"><span class='ocrx_word' id='word_1_2' title='bbox 772 191 1236 230; x_wconf 87' lang='lat' dir='ltr'>HERODOTI</span> 
     </span>
    </p>
   </div>
   <div class='ocr_carea' id='block_1_3' title="bbox 373 299 1698 564">
    <p class='ocr_par' dir='ltr' id='par_1_3' title="bbox 373 299 1698 564">
     <span class='ocr_line' id='line_1_3' title="bbox 373 299 1643 361; baseline -0.004 -12.879"><span class='ocrx_word' id='word_1_3' title='bbox 373 303 570 361; x_wconf 84' lang='grc' dir='ltr'><em>σονήσου</em></span> <span class='ocrx_word' id='word_1_4' title='bbox 591 302 678 346; x_wconf 79' lang='grc' dir='ltr'><em>ἐστὶ</em></span> <span class='ocrx_word' id='word_1_5' title='bbox 700 302 978 356; x_wconf 79' lang='grc' dir='ltr'><em>Πρωτεσίλεω</em></span> <span class='ocrx_word' id='word_1_6' title='bbox 1008 299 1149 355; x_wconf 84' lang='grc' dir='ltr'><em>τάφος</em></span> <span class='ocrx_word' id='word_1_7' title='bbox 1176 316 1221 344; x_wconf 89' lang='grc' dir='ltr'><em>τε</em></span> <span class='ocrx_word' id='word_1_8' title='bbox 1250 301 1323 344; x_wconf 84' lang='grc' dir='ltr'><em>καὶ</em></span> <span class='ocrx_word' id='word_1_9' title='bbox 1343 301 1518 356; x_wconf 83' lang='grc' dir='ltr'><em>τέμενος</em></span> <span class='ocrx_word' id='word_1_10' title='bbox 1545 300 1643 354; x_wconf 86' lang='grc' dir='ltr'><em>περὶ</em></span> 
     </span>
     <span class='ocr_line' id='line_1_4' title="bbox 379 367 1698 426; baseline -0.005 -9"><span class='ocrx_word' id='word_1_11' title='bbox 379 372 528 424; x_wconf 85' lang='grc' dir='ltr'><em>αὐτὸν,</em></span> <span class='ocrx_word' id='word_1_12' title='bbox 560 374 670 414; x_wconf 74' lang='grc' dir='ltr'><em>ἔνθα</em></span> <span class='ocrx_word' id='word_1_13' title='bbox 699 372 753 426; x_wconf 77' lang='grc' dir='ltr'><em>ἦν</em></span> <span class='ocrx_word' id='word_1_14' title='bbox 782 369 979 425; x_wconf 82' lang='grc' dir='ltr'><em>χρήματα</em></span> <span class='ocrx_word' id='word_1_15' title='bbox 1009 367 1161 417; x_wconf 74' lang='grc' dir='ltr'><em>πολλὰ,</em></span> <span class='ocrx_word' id='word_1_16' title='bbox 1191 370 1264 412; x_wconf 84' lang='grc' dir='ltr'><em>καὶ</em></span> <span class='ocrx_word' id='word_1_17' title='bbox 1293 369 1446 425; x_wconf 78' lang='grc' dir='ltr'><em>φιάλαι</em></span> <span class='ocrx_word' id='word_1_18' title='bbox 1465 368 1698 425; x_wconf 84' lang='grc' dir='ltr'><em>χρύσεαι35</em></span> 
     </span>
     <span class='ocr_line' id='line_1_5' title="bbox 381 434 1644 494; baseline -0.005 -9"><span class='ocrx_word' id='word_1_19' title='bbox 381 442 454 486; x_wconf 75' lang='grc' dir='ltr'><em>καὶ</em></span> <span class='ocrx_word' id='word_1_20' title='bbox 485 438 709 494; x_wconf 76' lang='grc' dir='ltr'><em>ἀργύρεαι,</em></span> <span class='ocrx_word' id='word_1_21' title='bbox 739 437 812 480; x_wconf 84' lang='grc' dir='ltr'><em>καὶ</em></span> <span class='ocrx_word' id='word_1_22' title='bbox 840 436 1008 492; x_wconf 80' lang='grc' dir='ltr'><em>χαλκός,</em></span> <span class='ocrx_word' id='word_1_23' title='bbox 1038 436 1110 479; x_wconf 81' lang='grc' dir='ltr'><em>καὶ</em></span> <span class='ocrx_word' id='word_1_24' title='bbox 1141 435 1286 492; x_wconf 74' lang='grc' dir='ltr'><em>ἐσθὴς,</em></span> <span class='ocrx_word' id='word_1_25' title='bbox 1315 438 1387 479; x_wconf 84' lang='grc' dir='ltr'><em>καὶ</em></span> <span class='ocrx_word' id='word_1_26' title='bbox 1417 437 1523 480; x_wconf 80' lang='grc' dir='ltr'><em>ἄλλα</em></span> <span class='ocrx_word' id='word_1_27' title='bbox 1539 434 1644 480; x_wconf 79' lang='grc' dir='ltr'><em>ἀνα-</em></span> 
     </span>
     <span class='ocr_line' id='line_1_6' title="bbox 384 502 1646 564; baseline -0.005 -11"><span class='ocrx_word' id='word_1_28' title='bbox 384 508 584 564; x_wconf 75' lang='grc' dir='ltr'><em>θήματα,</em></span> <span class='ocrx_word' id='word_1_29' title='bbox 622 505 675 548; x_wconf 74' lang='grc' dir='ltr'><em>τά</em></span> <span class='ocrx_word' id='word_1_30' title='bbox 707 503 967 560; x_wconf 75' lang='grc' dir='ltr'><strong><em>Ἀρταΰκτης</em></strong></span> <span class='ocrx_word' id='word_1_31' title='bbox 996 502 1200 559; x_wconf 79' lang='grc' dir='ltr'><em>ἐσύλησε,</em></span> <span class='ocrx_word' id='word_1_32' title='bbox 1242 504 1442 560; x_wconf 80' lang='grc' dir='ltr'><em>βασιλέος</em></span> <span class='ocrx_word' id='word_1_33' title='bbox 1479 503 1646 556; x_wconf 81' lang='grc' dir='ltr'><em>δόντος.</em></span> 
     </span>
    </p>
   </div>
   <div class='ocr_carea' id='block_1_4' title="bbox 361 573 803 632">
    <p class='ocr_par' dir='ltr' id='par_1_4' title="bbox 361 573 803 632">
     <span class='ocr_line' id='line_1_7' title="bbox 361 573 803 632; baseline -0.011 -12"><span class='ocrx_word' id='word_1_34' title='bbox 361 582 384 619; x_wconf 85' lang='grc'>4</span> <span class='ocrx_word' id='word_1_35' title='bbox 395 578 530 632; x_wconf 77' lang='grc' dir='ltr'><em>λέγων</em></span> <span class='ocrx_word' id='word_1_36' title='bbox 562 575 607 618; x_wconf 79' lang='grc' dir='ltr'><em>δὲ</em></span> <span class='ocrx_word' id='word_1_37' title='bbox 636 573 803 624; x_wconf 80' lang='grc' dir='ltr'><em>τοιάδε,</em></span> 
     </span>
    </p>
   </div>
   <div class='ocr_carea' id='block_1_5' title="bbox 836 572 1271 629">
    <p class='ocr_par' dir='ltr' id='par_1_5' title="bbox 836 572 1271 629">
     <span class='ocr_line' id='line_1_8' title="bbox 836 572 1271 629; baseline 0 -13"><span class='ocrx_word' id='word_1_38' title='bbox 836 574 997 626; x_wconf 81' lang='grc' dir='ltr'><strong><em>Ξέρξεα</em></strong></span> <span class='ocrx_word' id='word_1_39' title='bbox 1028 572 1248 629; x_wconf 78' lang='grc' dir='ltr'><em>διεβάλετο</em></span> <span class='ocrx_word' id='word_1_40' title='bbox 1262 586 1271 596; x_wconf 91' lang='grc'>·</span> 
     </span>
    </p>
   </div>
   <div class='ocr_carea' id='block_1_6' title="bbox 1331 571 1646 626">
    <p class='ocr_par' dir='ltr' id='par_1_6' title="bbox 1331 571 1646 626">
     <span class='ocr_line' id='line_1_9' title="bbox 1331 571 1646 626; baseline 0.003 -11"><span class='ocrx_word' id='word_1_41' title='bbox 1331 571 1573 626; x_wconf 86' lang='grc' dir='ltr'><em>,,Δέσποτα,</em></span> <span class='ocrx_word' id='word_1_42' title='bbox 1607 573 1646 616; x_wconf 76' lang='grc' dir='ltr'><em>ἕ-</em></span> 
     </span>
    </p>
   </div>
   <div class='ocr_carea' id='block_1_7' title="bbox 386 639 1704 834">
    <p class='ocr_par' dir='ltr' id='par_1_7' title="bbox 386 639 1704 834">
     <span class='ocr_line' id='line_1_10' title="bbox 386 639 1647 699; baseline -0.003 -12"><span class='ocrx_word' id='word_1_43' title='bbox 386 656 489 699; x_wconf 85' lang='grc' dir='ltr'><em>,,στι</em></span> <span class='ocrx_word' id='word_1_44' title='bbox 524 640 644 693; x_wconf 80' lang='grc' dir='ltr'><em>οἶκος</em></span> <span class='ocrx_word' id='word_1_45' title='bbox 676 641 840 696; x_wconf 76' lang='grc' dir='ltr'><em>ἀνδρὸς</em></span> <span class='ocrx_word' id='word_1_46' title='bbox 863 641 1072 696; x_wconf 63' lang='grc' dir='ltr'><em>’Έλληνος</em></span> <span class='ocrx_word' id='word_1_47' title='bbox 1112 642 1328 691; x_wconf 80' lang='grc' dir='ltr'><em>ἐνθαῦτα,</em></span> <span class='ocrx_word' id='word_1_48' title='bbox 1377 639 1424 691; x_wconf 83' lang='grc' dir='ltr'><em>ὃς</em></span> <span class='ocrx_word' id='word_1_49' title='bbox 1460 639 1527 683; x_wconf 84' lang='grc' dir='ltr'><em>ἐπὶ</em></span> <span class='ocrx_word' id='word_1_50' title='bbox 1563 643 1647 697; x_wconf 76' lang='grc' dir='ltr'><em>γῆν</em></span> 
     </span>
     <span class='ocr_line' id='line_1_11' title="bbox 387 706 1704 769; baseline -0.004 -14"><span class='ocrx_word' id='word_1_51' title='bbox 387 712 495 769; x_wconf 57' lang='lat' dir='ltr'><em>„viv</em></span> <span class='ocrx_word' id='word_1_52' title='bbox 525 711 606 767; x_wconf 77' lang='grc' dir='ltr'><em>σὴν</em></span> <span class='ocrx_word' id='word_1_53' title='bbox 635 708 1016 766; x_wconf 86' lang='grc' dir='ltr'><em>στρατευσάμενος,</em></span> <span class='ocrx_word' id='word_1_54' title='bbox 1046 710 1167 764; x_wconf 80' lang='grc' dir='ltr'><strong><em>δίκης</em></strong></span> <span class='ocrx_word' id='word_1_55' title='bbox 1197 706 1410 764; x_wconf 80' lang='grc' dir='ltr'><strong><em>κυρήσας,</em></strong></span> <span class='ocrx_word' id='word_1_56' title='bbox 1442 706 1704 751; x_wconf 78' lang='grc' dir='ltr'><em>οἷπέθανε.40</em></span> 
     </span>
     <span class='ocr_line' id='line_1_12' title="bbox 388 776 1647 834; baseline -0.002 -11"><span class='ocrx_word' id='word_1_57' title='bbox 388 781 577 834; x_wconf 86' lang='grc' dir='ltr'><em>,,τούτου</em></span> <span class='ocrx_word' id='word_1_58' title='bbox 610 795 684 834; x_wconf 86' lang='grc' dir='ltr'><em>μοι</em></span> <span class='ocrx_word' id='word_1_59' title='bbox 729 779 803 829; x_wconf 83' lang='grc' dir='ltr'><em>δὸς</em></span> <span class='ocrx_word' id='word_1_60' title='bbox 838 777 916 820; x_wconf 84' lang='grc' dir='ltr'><em>τόν</em></span> <span class='ocrx_word' id='word_1_61' title='bbox 947 776 1084 829; x_wconf 80' lang='grc' dir='ltr'><em>οἶκον,</em></span> <span class='ocrx_word' id='word_1_62' title='bbox 1129 779 1202 819; x_wconf 81' lang='grc' dir='ltr'><em>ἵνα</em></span> <span class='ocrx_word' id='word_1_63' title='bbox 1231 778 1303 819; x_wconf 84' lang='grc' dir='ltr'><em>καί</em></span> <span class='ocrx_word' id='word_1_64' title='bbox 1335 793 1398 827; x_wconf 83' lang='grc' dir='ltr'><em>τις</em></span> <span class='ocrx_word' id='word_1_65' title='bbox 1427 776 1547 834; x_wconf 84' lang='grc' dir='ltr'><em>μάθῃ</em></span> <span class='ocrx_word' id='word_1_66' title='bbox 1579 776 1647 820; x_wconf 81' lang='grc' dir='ltr'><em>ἐπὶ</em></span> 
     </span>
    </p>
   </div>
   <div class='ocr_carea' id='block_1_8' title="bbox 360 844 1191 905">
    <p class='ocr_par' dir='ltr' id='par_1_8' title="bbox 360 844 1191 905">
     <span class='ocr_line' id='line_1_13' title="bbox 360 844 1191 905; baseline -0.006 -15"><span class='ocrx_word' id='word_1_67' title='bbox 360 853 508 905; x_wconf 79' lang='grc' dir='ltr'><em>5,,γῆν</em></span> <span class='ocrx_word' id='word_1_68' title='bbox 529 846 608 902; x_wconf 74' lang='grc' dir='ltr'><em>τήν</em></span> <span class='ocrx_word' id='word_1_69' title='bbox 640 847 720 902; x_wconf 86' lang='grc' dir='ltr'><em>σὴν</em></span> <span class='ocrx_word' id='word_1_70' title='bbox 754 847 810 901; x_wconf 89' lang='grc' dir='ltr'><em>μὴ</em></span> <span class='ocrx_word' id='word_1_71' title='bbox 842 844 1191 898; x_wconf 82' lang='grc' dir='ltr'><em>στρατεύεσθαι.“</em></span> 
     </span>
    </p>
   </div>
   <div class='ocr_carea' id='block_1_9' title="bbox 1219 843 1647 900">
    <p class='ocr_par' dir='ltr' id='par_1_9' title="bbox 1219 843 1647 900">
     <span class='ocr_line' id='line_1_14' title="bbox 1219 843 1647 900; baseline 0.005 -14"><span class='ocrx_word' id='word_1_72' title='bbox 1219 847 1355 886; x_wconf 87' lang='grc' dir='ltr'><em>ταῦτα</em></span> <span class='ocrx_word' id='word_1_73' title='bbox 1386 844 1534 900; x_wconf 74' lang='grc' dir='ltr'><em>λέγων,</em></span> <span class='ocrx_word' id='word_1_74' title='bbox 1578 843 1647 888; x_wconf 81' lang='grc' dir='ltr'><em>εὕ-</em></span> 
     </span>
    </p>
   </div>
   <div class='ocr_carea' id='block_1_10' title="bbox 361 910 1703 1108">
    <p class='ocr_par' dir='ltr' id='par_1_10' title="bbox 361 910 1703 1108">
     <span class='ocr_line' id='line_1_15' title="bbox 387 910 1649 969; baseline -0.004 -9"><span class='ocrx_word' id='word_1_75' title='bbox 387 916 545 967; x_wconf 84' lang='grc' dir='ltr'><em>πετέως</em></span> <span class='ocrx_word' id='word_1_76' title='bbox 573 915 717 969; x_wconf 75' lang='grc' dir='ltr'><em>ἔμελλε</em></span> <span class='ocrx_word' id='word_1_77' title='bbox 747 911 995 956; x_wconf 81' lang='grc' dir='ltr'><em>ἀναπείσειν</em></span> <span class='ocrx_word' id='word_1_78' title='bbox 1020 913 1179 965; x_wconf 80' lang='grc' dir='ltr'><strong><em>Ξέρξεα</em></strong></span> <span class='ocrx_word' id='word_1_79' title='bbox 1208 914 1364 955; x_wconf 82' lang='grc' dir='ltr'><em>δοῦναι</em></span> <span class='ocrx_word' id='word_1_80' title='bbox 1397 912 1556 966; x_wconf 79' lang='grc' dir='ltr'><em>ἀνδρὸς</em></span> <span class='ocrx_word' id='word_1_81' title='bbox 1586 910 1649 955; x_wconf 82' lang='grc' dir='ltr'><em>οῖ-</em></span> 
     </span>
     <span class='ocr_line' id='line_1_16' title="bbox 361 978 1703 1037; baseline -0.004 -13"><span class='ocrx_word' id='word_1_82' title='bbox 361 991 486 1034; x_wconf 84' lang='grc' dir='ltr'><em>6κον,</em></span> <span class='ocrx_word' id='word_1_83' title='bbox 518 982 649 1026; x_wconf 77' lang='grc' dir='ltr'><em>οὐδὲν</em></span> <span class='ocrx_word' id='word_1_84' title='bbox 677 980 1013 1037; x_wconf 82' lang='grc' dir='ltr'><em>ὑποτοπηθέντα</em></span> <span class='ocrx_word' id='word_1_85' title='bbox 1033 984 1120 1023; x_wconf 77' lang='grc' dir='ltr'><em>τῶν</em></span> <span class='ocrx_word' id='word_1_86' title='bbox 1146 980 1306 1031; x_wconf 79' lang='grc' dir='ltr'><em>ἐκεῖνος</em></span> <span class='ocrx_word' id='word_1_87' title='bbox 1338 980 1529 1036; x_wconf 81' lang='grc' dir='ltr'><em>ἐφρόνεε.</em></span> <span class='ocrx_word' id='word_1_88' title='bbox 1557 978 1703 1024; x_wconf 83' lang='grc' dir='ltr'><em>Ἐπὶ45</em></span> 
     </span>
     <span class='ocr_line' id='line_1_17' title="bbox 389 1047 1648 1108; baseline -0.001 -15"><span class='ocrx_word' id='word_1_89' title='bbox 389 1055 474 1108; x_wconf 76' lang='grc' dir='ltr'><em>γῆν</em></span> <span class='ocrx_word' id='word_1_90' title='bbox 496 1051 542 1093; x_wconf 77' lang='grc' dir='ltr'><em>δὲ</em></span> <span class='ocrx_word' id='word_1_91' title='bbox 564 1050 644 1106; x_wconf 76' lang='grc' dir='ltr'><em>τήν</em></span> <span class='ocrx_word' id='word_1_92' title='bbox 662 1049 863 1106; x_wconf 78' lang='grc' dir='ltr'><em>βασιλέος</em></span> <span class='ocrx_word' id='word_1_93' title='bbox 876 1047 1185 1103; x_wconf 82' lang='grc' dir='ltr'><em>στρατεύεσθαι</em></span> <span class='ocrx_word' id='word_1_94' title='bbox 1202 1052 1509 1103; x_wconf 84' lang='grc' dir='ltr'><em>Πρωτεσίλεων</em></span> <span class='ocrx_word' id='word_1_95' title='bbox 1522 1049 1648 1104; x_wconf 75' lang='grc' dir='ltr'><em>ἔλεγε,</em></span> 
     </span>
    </p>
   </div>
   <div class='ocr_carea' id='block_1_11' title="bbox 361 1118 884 1242">
    <p class='ocr_par' dir='ltr' id='par_1_11' title="bbox 361 1118 884 1242">
     <span class='ocr_line' id='line_1_18' title="bbox 390 1118 726 1163; baseline -0.003 0"><span class='ocrx_word' id='word_1_96' title='bbox 390 1119 530 1163; x_wconf 87' lang='grc' dir='ltr'><em>νοέων</em></span> <span class='ocrx_word' id='word_1_97' title='bbox 559 1118 726 1162; x_wconf 81' lang='grc' dir='ltr'><em>τοιάδε·</em></span> 
     </span>
     <span class='ocr_line' id='line_1_19' title="bbox 361 1184 884 1242; baseline 0.004 -14"><span class='ocrx_word' id='word_1_98' title='bbox 361 1192 483 1231; x_wconf 78' lang='grc' dir='ltr'><em>Ὶτῶν</em></span> <span class='ocrx_word' id='word_1_99' title='bbox 531 1184 645 1230; x_wconf 79' lang='grc' dir='ltr'><em>εἶναι</em></span> <span class='ocrx_word' id='word_1_100' title='bbox 697 1186 884 1242; x_wconf 74' lang='grc' dir='ltr'><em>Πέρσαι,</em></span> 
     </span>
    </p>
   </div>
   <div class='ocr_carea' id='block_1_12' title="bbox 780 1116 1650 1241">
    <p class='ocr_par' dir='ltr' id='par_1_12' title="bbox 780 1116 1650 1241">
     <span class='ocr_line' id='line_1_20' title="bbox 780 1116 1650 1174; baseline -0.002 -13"><span class='ocrx_word' id='word_1_101' title='bbox 780 1117 860 1174; x_wconf 83' lang='grc' dir='ltr'><em>τήν</em></span> <span class='ocrx_word' id='word_1_102' title='bbox 901 1119 1046 1172; x_wconf 85' lang='grc' dir='ltr'><em>Ἀσίην</em></span> <span class='ocrx_word' id='word_1_103' title='bbox 1086 1120 1232 1160; x_wconf 83' lang='grc' dir='ltr'><em>πᾶσαν</em></span> <span class='ocrx_word' id='word_1_104' title='bbox 1269 1119 1497 1172; x_wconf 82' lang='grc' dir='ltr'><em>νομίζουσι</em></span> <span class='ocrx_word' id='word_1_105' title='bbox 1534 1116 1650 1159; x_wconf 76' lang='grc' dir='ltr'><em>ἑωυ-</em></span> 
     </span>
     <span class='ocr_line' id='line_1_21' title="bbox 950 1183 1650 1241; baseline -0.001 -13"><span class='ocrx_word' id='word_1_106' title='bbox 950 1185 1023 1229; x_wconf 84' lang='grc' dir='ltr'><em>καὶ</em></span> <span class='ocrx_word' id='word_1_107' title='bbox 1067 1188 1148 1228; x_wconf 89' lang='grc' dir='ltr'><em>τοῦ</em></span> <span class='ocrx_word' id='word_1_108' title='bbox 1201 1185 1284 1229; x_wconf 82' lang='grc' dir='ltr'><em>αιέὶ</em></span> <span class='ocrx_word' id='word_1_109' title='bbox 1328 1183 1650 1241; x_wconf 85' lang='grc' dir='ltr'><em>βασιλεύοντος.</em></span> 
     </span>
    </p>
   </div>
   <div class='ocr_carea' id='block_1_13' title="bbox 390 1250 1653 1312">
    <p class='ocr_par' dir='ltr' id='par_1_13' title="bbox 390 1250 1653 1312">
     <span class='ocr_line' id='line_1_22' title="bbox 390 1250 1653 1312; baseline -0.005 -12"><span class='ocrx_word' id='word_1_110' title='bbox 390 1256 480 1300; x_wconf 79' lang='grc' dir='ltr'><em>ἐπεὶ</em></span> <span class='ocrx_word' id='word_1_111' title='bbox 538 1255 584 1299; x_wconf 78' lang='grc' dir='ltr'><em>δὲ</em></span> <span class='ocrx_word' id='word_1_112' title='bbox 640 1255 776 1312; x_wconf 80' lang='grc' dir='ltr'><em>ἐδόθη</em></span> <span class='ocrx_word' id='word_1_113' title='bbox 832 1254 886 1298; x_wconf 82' lang='grc' dir='ltr'><em>τὰ</em></span> <span class='ocrx_word' id='word_1_114' title='bbox 929 1252 1144 1310; x_wconf 85' lang='grc' dir='ltr'><em>χρήματα,</em></span> <span class='ocrx_word' id='word_1_115' title='bbox 1203 1253 1246 1306; x_wconf 81' lang='grc' dir='ltr'><em>ἐξ</em></span> <span class='ocrx_word' id='word_1_116' title='bbox 1282 1252 1566 1302; x_wconf 84' lang='grc' dir='ltr'><em>Ἐλαιοῦντος</em></span> <span class='ocrx_word' id='word_1_117' title='bbox 1610 1250 1653 1302; x_wconf 77' lang='grc' dir='ltr'><em>ἐς</em></span> 
     </span>
    </p>
   </div>
   <div class='ocr_carea' id='block_1_14' title="bbox 391 1323 887 1381">
    <p class='ocr_par' dir='ltr' id='par_1_14' title="bbox 391 1323 887 1381">
     <span class='ocr_line' id='line_1_23' title="bbox 391 1323 887 1381; baseline -0.004 -13"><span class='ocrx_word' id='word_1_118' title='bbox 391 1323 571 1381; x_wconf 81' lang='grc' dir='ltr'><em>Σηστόν</em></span> <span class='ocrx_word' id='word_1_119' title='bbox 631 1323 864 1380; x_wconf 75' lang='grc' dir='ltr'><em>ἐξεφόρησε</em></span> <span class='ocrx_word' id='word_1_120' title='bbox 875 1354 887 1376; x_wconf 83' lang='grc'>,</span> 
     </span>
    </p>
   </div>
   <div class='ocr_carea' id='block_1_15' title="bbox 333 1541 1002 2846">
    <p class='ocr_par' dir='ltr' id='par_1_15' title="bbox 333 1541 999 2393">
     <span class='ocr_line' id='line_1_24' title="bbox 333 1541 992 1590; baseline -0.006 -8"><span class='ocrx_word' id='word_1_121' title='bbox 333 1558 438 1583; x_wconf 89' lang='lat' dir='ltr'>nunc</span> <span class='ocrx_word' id='word_1_122' title='bbox 460 1543 605 1582; x_wconf 86' lang='lat' dir='ltr'><strong>dedisse</strong></span> <span class='ocrx_word' id='word_1_123' title='bbox 625 1541 736 1581; x_wconf 84' lang='lat' dir='ltr'>video</span> <span class='ocrx_word' id='word_1_124' title='bbox 755 1541 992 1590; x_wconf 87' lang='lat' dir='ltr'>Bekkerum‚</span> 
     </span>
     <span class='ocr_line' id='line_1_25' title="bbox 335 1599 995 1640; baseline -0.002 -1"><span class='ocrx_word' id='word_1_125' title='bbox 335 1602 412 1640; x_wconf 88' lang='lat' dir='ltr'><em>duo</em></span> <span class='ocrx_word' id='word_1_126' title='bbox 434 1601 544 1639; x_wconf 89' lang='lat' dir='ltr'><strong>codd.</strong></span> <span class='ocrx_word' id='word_1_127' title='bbox 567 1614 656 1638; x_wconf 89' lang='lat' dir='ltr'><em>cum</em></span> <span class='ocrx_word' id='word_1_128' title='bbox 686 1601 792 1637; x_wconf 77' lang='lat' dir='ltr'>Valla</span> <span class='ocrx_word' id='word_1_129' title='bbox 821 1599 912 1636; x_wconf 87' lang='lat' dir='ltr'>dant</span> <span class='ocrx_word' id='word_1_130' title='bbox 938 1599 995 1638; x_wconf 81' lang='grc' dir='ltr'><em>αι’-</em></span> 
     </span>
     <span class='ocr_line' id='line_1_26' title="bbox 336 1654 993 1711; baseline -0.009 -13"><span class='ocrx_word' id='word_1_131' title='bbox 336 1654 472 1710; x_wconf 84' lang='grc' dir='ltr'><em>τήσας,</em></span> <span class='ocrx_word' id='word_1_132' title='bbox 488 1658 590 1711; x_wconf 85' lang='lat' dir='ltr'>quod</span> <span class='ocrx_word' id='word_1_133' title='bbox 611 1655 993 1709; x_wconf 81' lang='lat' dir='ltr'>probanteValcken.‚</span> 
     </span>
     <span class='ocr_line' id='line_1_27' title="bbox 336 1714 995 1763; baseline -0.005 -11"><span class='ocrx_word' id='word_1_134' title='bbox 336 1717 423 1753; x_wconf 88' lang='lat' dir='ltr'>coll.</span> <span class='ocrx_word' id='word_1_135' title='bbox 445 1718 567 1752; x_wconf 85' lang='lat' dir='ltr'>Koen.</span> <span class='ocrx_word' id='word_1_136' title='bbox 592 1715 639 1751; x_wconf 92' lang='lat' dir='ltr'><em>ad</em></span> <span class='ocrx_word' id='word_1_137' title='bbox 657 1716 813 1763; x_wconf 83' lang='lat' dir='ltr'>Gregor.</span> <span class='ocrx_word' id='word_1_138' title='bbox 831 1714 916 1751; x_wconf 89' lang='lat' dir='ltr'>Cor.</span> <span class='ocrx_word' id='word_1_139' title='bbox 938 1715 995 1749; x_wconf 88' lang='lat' dir='ltr'>De</span> 
     </span>
     <span class='ocr_line' id='line_1_28' title="bbox 336 1771 996 1821; baseline -0.006 -12"><span class='ocrx_word' id='word_1_140' title='bbox 336 1773 433 1809; x_wconf 85' lang='lat' dir='ltr'>Dial.</span> <span class='ocrx_word' id='word_1_141' title='bbox 453 1774 535 1809; x_wconf 88' lang='lat' dir='ltr'>Ion.</span> <span class='ocrx_word' id='word_1_142' title='bbox 558 1774 595 1817; x_wconf 62' lang='grc' dir='ltr'><em>ξ.</em></span> <span class='ocrx_word' id='word_1_143' title='bbox 621 1773 670 1811; x_wconf 81' lang='grc'><em>18</em></span> <span class='ocrx_word' id='word_1_144' title='bbox 684 1785 720 1821; x_wconf 92' lang='lat' dir='ltr'><em>p.</em></span> <span class='ocrx_word' id='word_1_145' title='bbox 737 1773 831 1817; x_wconf 79' lang='lat'>399,</span> <span class='ocrx_word' id='word_1_146' title='bbox 855 1771 996 1820; x_wconf 84' lang='lat' dir='ltr'>recepit</span> 
     </span>
     <span class='ocr_line' id='line_1_29' title="bbox 337 1826 995 1880; baseline -0.005 -13"><span class='ocrx_word' id='word_1_147' title='bbox 337 1828 488 1867; x_wconf 80' lang='lat' dir='ltr'>Schaef.</span> <span class='ocrx_word' id='word_1_148' title='bbox 537 1827 730 1880; x_wconf 80' lang='lat' dir='ltr'>Equidem</span> <span class='ocrx_word' id='word_1_149' title='bbox 751 1841 840 1864; x_wconf 88' lang='lat' dir='ltr'><em>cum</em></span> <span class='ocrx_word' id='word_1_150' title='bbox 859 1826 995 1864; x_wconf 79' lang='lat' dir='ltr'>Matth.</span> 
     </span>
     <span class='ocr_line' id='line_1_30' title="bbox 335 1883 996 1936; baseline -0.006 -13"><span class='ocrx_word' id='word_1_151' title='bbox 335 1888 375 1923; x_wconf 87' lang='lat' dir='ltr'>iu</span> <span class='ocrx_word' id='word_1_152' title='bbox 395 1888 549 1936; x_wconf 82' lang='lat' dir='ltr'>vulgata</span> <span class='ocrx_word' id='word_1_153' title='bbox 570 1883 887 1936; x_wconf 84' lang='lat' dir='ltr'>acquiescendum</span> <span class='ocrx_word' id='word_1_154' title='bbox 903 1897 996 1920; x_wconf 86' lang='lat' dir='ltr'>cen-</span> 
     </span>
     <span class='ocr_line' id='line_1_31' title="bbox 337 1937 997 1991; baseline -0.002 -11"><span class='ocrx_word' id='word_1_155' title='bbox 337 1944 407 1991; x_wconf 89' lang='lat' dir='ltr'>sui,</span> <span class='ocrx_word' id='word_1_156' title='bbox 443 1945 508 1979; x_wconf 83' lang='lat' dir='ltr'><em>ubi</em></span> <span class='ocrx_word' id='word_1_157' title='bbox 540 1944 721 1979; x_wconf 85' lang='lat' dir='ltr'>aoristum</span> <span class='ocrx_word' id='word_1_158' title='bbox 749 1937 997 1991; x_wconf 69' lang='grc' dir='ltr'><em>’ὑφελόμενος</em></span> 
     </span>
     <span class='ocr_line' id='line_1_32' title="bbox 337 1998 996 2051; baseline -0.003 -15"><span class='ocrx_word' id='word_1_159' title='bbox 337 2001 501 2051; x_wconf 81' lang='lat' dir='ltr'>explicat</span> <span class='ocrx_word' id='word_1_160' title='bbox 524 2001 570 2039; x_wconf 84' lang='lat' dir='ltr'><em>G.</em></span> <span class='ocrx_word' id='word_1_161' title='bbox 584 1998 851 2035; x_wconf 82' lang='lat' dir='ltr'>Hermann.ad</span> <span class='ocrx_word' id='word_1_162' title='bbox 869 1998 996 2048; x_wconf 83' lang='lat' dir='ltr'>Viger.</span> 
     </span>
     <span class='ocr_line' id='line_1_33' title="bbox 337 2053 997 2108; baseline -0.005 -15"><span class='ocrx_word' id='word_1_163' title='bbox 337 2070 425 2108; x_wconf 81' lang='lat' dir='ltr'>pag.</span> <span class='ocrx_word' id='word_1_164' title='bbox 447 2056 543 2098; x_wconf 87' lang='grc'><strong>775.</strong></span> <span class='ocrx_word' id='word_1_165' title='bbox 601 2055 712 2093; x_wconf 85' lang='lat' dir='ltr'>Unde</span> <span class='ocrx_word' id='word_1_166' title='bbox 732 2056 807 2092; x_wconf 88' lang='lat' dir='ltr'>loci</span> <span class='ocrx_word' id='word_1_167' title='bbox 836 2053 897 2091; x_wconf 83' lang='lat' dir='ltr'><em>hic</em></span> <span class='ocrx_word' id='word_1_168' title='bbox 918 2056 997 2091; x_wconf 81' lang='lat' dir='ltr'>fere</span> 
     </span>
     <span class='ocr_line' id='line_1_34' title="bbox 337 2112 998 2162; baseline -0.002 -11"><span class='ocrx_word' id='word_1_169' title='bbox 337 2126 490 2151; x_wconf 90' lang='lat' dir='ltr'>sensus:</span> <span class='ocrx_word' id='word_1_170' title='bbox 530 2113 635 2162; x_wconf 69' lang='lat' dir='ltr'><em>„Qui</em></span> <span class='ocrx_word' id='word_1_171' title='bbox 651 2126 765 2162; x_wconf 55' lang='lat' dir='ltr'>‘regem</span> <span class='ocrx_word' id='word_1_172' title='bbox 782 2134 836 2139; x_wconf 90' lang='lat'>—</span> <span class='ocrx_word' id='word_1_173' title='bbox 856 2112 998 2162; x_wconf 79' lang='lat' dir='ltr'>decepe-</span> 
     </span>
     <span class='ocr_line' id='line_1_35' title="bbox 337 2172 998 2221; baseline -0.005 -13"><span class='ocrx_word' id='word_1_174' title='bbox 337 2175 397 2208; x_wconf 76' lang='lat' dir='ltr'><em>rat</em></span> <span class='ocrx_word' id='word_1_175' title='bbox 409 2176 512 2221; x_wconf 77' lang='lat' dir='ltr'>atque</span> <span class='ocrx_word' id='word_1_176' title='bbox 526 2172 694 2220; x_wconf 78' lang='lat' dir='ltr'><em>pecunias</em></span> <span class='ocrx_word' id='word_1_177' title='bbox 708 2191 756 2198; x_wconf 90' lang='lat'><em>——</em></span> <span class='ocrx_word' id='word_1_178' title='bbox 769 2172 998 2219; x_wconf 74' lang='lat' dir='ltr'>surripuerat.</span> 
     </span>
     <span class='ocr_line' id='line_1_36' title="bbox 336 2224 999 2264; baseline -0.003 0"><span class='ocrx_word' id='word_1_179' title='bbox 336 2229 394 2264; x_wconf 92' lang='lat' dir='ltr'>De</span> <span class='ocrx_word' id='word_1_180' title='bbox 414 2229 600 2264; x_wconf 80' lang='lat' dir='ltr'>Elaeunte</span> <span class='ocrx_word' id='word_1_181' title='bbox 615 2228 710 2263; x_wconf 90' lang='lat' dir='ltr'>urbe</span> <span class='ocrx_word' id='word_1_182' title='bbox 725 2227 826 2263; x_wconf 86' lang='lat' dir='ltr'>conf.</span> <span class='ocrx_word' id='word_1_183' title='bbox 843 2233 936 2263; x_wconf 83' lang='lat' dir='ltr'>nott.</span> <span class='ocrx_word' id='word_1_184' title='bbox 950 2224 999 2262; x_wconf 83' lang='lat' dir='ltr'><em>ad</em></span> 
     </span>
     <span class='ocr_line' id='line_1_37' title="bbox 336 2282 999 2332; baseline -0.006 -10"><span class='ocrx_word' id='word_1_185' title='bbox 336 2286 418 2332; x_wconf 79' lang='lat' dir='ltr'>Vll,</span> <span class='ocrx_word' id='word_1_186' title='bbox 451 2287 514 2324; x_wconf 74' lang='lat'><em>33.</em></span> <span class='ocrx_word' id='word_1_187' title='bbox 546 2307 598 2313; x_wconf 90' lang='lat'><strong>—</strong></span> <span class='ocrx_word' id='word_1_188' title='bbox 657 2286 733 2320; x_wconf 86' lang='lat' dir='ltr'><em>Pro</em></span> <span class='ocrx_word' id='word_1_189' title='bbox 766 2282 835 2332; x_wconf 76' lang='grc' dir='ltr'><em>ἔην</em></span> <span class='ocrx_word' id='word_1_190' title='bbox 857 2283 999 2320; x_wconf 80' lang='lat' dir='ltr'>restitui</span> 
     </span>
     <span class='ocr_line' id='line_1_38' title="bbox 338 2334 871 2393; baseline -0.004 -16"><span class='ocrx_word' id='word_1_191' title='bbox 338 2334 394 2393; x_wconf 70' lang='grc' dir='ltr'><em>ἦν</em></span> <span class='ocrx_word' id='word_1_192' title='bbox 422 2354 442 2376; x_wconf 89' lang='lat' dir='ltr'>e</span> <span class='ocrx_word' id='word_1_193' title='bbox 462 2341 681 2377; x_wconf 85' lang='lat' dir='ltr'>Florentino</span> <span class='ocrx_word' id='word_1_194' title='bbox 705 2341 871 2390; x_wconf 82' lang='lat' dir='ltr'>aliisque.</span> 
     </span>
    </p>

    <p class='ocr_par' dir='ltr' id='par_1_16' title="bbox 338 2393 1000 2666">
     <span class='ocr_line' id='line_1_39' title="bbox 400 2393 1000 2448; baseline -0.008 -12"><span class='ocrx_word' id='word_1_195' title='bbox 400 2396 543 2446; x_wconf 77' lang='grc' dir='ltr'><em>Ξέρξεα</em></span> <span class='ocrx_word' id='word_1_196' title='bbox 564 2393 782 2448; x_wconf 79' lang='grc' dir='ltr'><em>διεβάλετο]</em></span> <span class='ocrx_word' id='word_1_197' title='bbox 805 2398 829 2432; x_wconf 88' lang='lat' dir='ltr'><em>i.</em></span> <span class='ocrx_word' id='word_1_198' title='bbox 851 2409 882 2431; x_wconf 83' lang='lat' dir='ltr'>e.</span> <span class='ocrx_word' id='word_1_199' title='bbox 904 2395 1000 2432; x_wconf 67' lang='lat' dir='ltr'>Xer-</span> 
     </span>
     <span class='ocr_line' id='line_1_40' title="bbox 339 2453 999 2504; baseline -0.008 -12"><span class='ocrx_word' id='word_1_200' title='bbox 339 2467 418 2492; x_wconf 78' lang='lat' dir='ltr'><em>xem</em></span> <span class='ocrx_word' id='word_1_201' title='bbox 451 2454 642 2504; x_wconf 80' lang='lat' dir='ltr'><strong><em>deceperat.</em></strong></span> <span class='ocrx_word' id='word_1_202' title='bbox 700 2454 782 2499; x_wconf 83' lang='lat' dir='ltr'><em>Qua</em></span> <span class='ocrx_word' id='word_1_203' title='bbox 807 2453 999 2502; x_wconf 80' lang='lat' dir='ltr'>significa-</span> 
     </span>
     <span class='ocr_line' id='line_1_41' title="bbox 340 2511 1000 2560; baseline -0.005 -11"><span class='ocrx_word' id='word_1_204' title='bbox 340 2513 443 2549; x_wconf 84' lang='lat' dir='ltr'>tione</span> <span class='ocrx_word' id='word_1_205' title='bbox 465 2512 554 2548; x_wconf 78' lang='lat' dir='ltr'>alibi</span> <span class='ocrx_word' id='word_1_206' title='bbox 581 2513 715 2549; x_wconf 79' lang='lat' dir='ltr'><strong>Noster</strong></span> <span class='ocrx_word' id='word_1_207' title='bbox 736 2511 903 2547; x_wconf 76' lang='lat' dir='ltr'>activum</span> <span class='ocrx_word' id='word_1_208' title='bbox 928 2522 1000 2560; x_wconf 90' lang='lat' dir='ltr'><em>po-</em></span> 
     </span>
     <span class='ocr_line' id='line_1_42' title="bbox 339 2567 1000 2619; baseline -0.003 -14"><span class='ocrx_word' id='word_1_209' title='bbox 339 2570 436 2615; x_wconf 77' lang='lat' dir='ltr'>suit3</span> <span class='ocrx_word' id='word_1_210' title='bbox 475 2567 552 2607; x_wconf 81' lang='lat' dir='ltr'>vid.</span> <span class='ocrx_word' id='word_1_211' title='bbox 582 2569 628 2617; x_wconf 85' lang='lat' dir='ltr'><em>V,</em></span> <span class='ocrx_word' id='word_1_212' title='bbox 659 2568 712 2609; x_wconf 88' lang='grc'><em>50</em></span> <span class='ocrx_word' id='word_1_213' title='bbox 740 2568 869 2619; x_wconf 83' lang='lat' dir='ltr'>ibique</span> <span class='ocrx_word' id='word_1_214' title='bbox 903 2573 1000 2604; x_wconf 86' lang='lat' dir='ltr'>nott.</span> 
     </span>
     <span class='ocr_line' id='line_1_43' title="bbox 338 2625 553 2671; baseline 0.02 -9"><span class='ocrx_word' id='word_1_215' title='bbox 338 2625 439 2671; x_wconf 84' lang='lat' dir='ltr'>VIII</span> <span class='ocrx_word' id='word_1_216' title='bbox 462 2628 553 2666; x_wconf 82' lang='lat'>110·</span> 
     </span>
    </p>

    <p class='ocr_par' dir='ltr' id='par_1_17' title="bbox 342 2676 1002 2834">
     <span class='ocr_line' id='line_1_44' title="bbox 397 2676 1002 2731; baseline -0.002 -12"><span class='ocrx_word' id='word_1_217' title='bbox 397 2697 474 2731; x_wconf 82' lang='grc' dir='ltr'><em>την</em></span> <span class='ocrx_word' id='word_1_218' title='bbox 493 2676 625 2731; x_wconf 87' lang='grc' dir='ltr'><em>Ἀσιηυ</em></span> <span class='ocrx_word' id='word_1_219' title='bbox 647 2682 781 2719; x_wconf 77' lang='grc' dir='ltr'><em>πᾶσαν</em></span> <span class='ocrx_word' id='word_1_220' title='bbox 795 2679 1002 2731; x_wconf 79' lang='grc' dir='ltr'><em>νομίζουσι</em></span> 
     </span>
     <span class='ocr_line' id='line_1_45' title="bbox 342 2736 998 2787; baseline -0.002 -11"><span class='ocrx_word' id='word_1_221' title='bbox 342 2736 502 2776; x_wconf 72' lang='grc' dir='ltr'><em>ἑωυτῶν</em></span> <span class='ocrx_word' id='word_1_222' title='bbox 535 2753 637 2777; x_wconf 83' lang='grc' dir='ltr'><em>ειναι</em></span> <span class='ocrx_word' id='word_1_223' title='bbox 655 2737 807 2787; x_wconf 83' lang='grc' dir='ltr'><em>Πέρσαι</em></span> <span class='ocrx_word' id='word_1_224' title='bbox 829 2752 865 2775; x_wconf 78' lang='grc' dir='ltr'><em>κ.</em></span> <span class='ocrx_word' id='word_1_225' title='bbox 895 2752 927 2775; x_wconf 89' lang='grc' dir='ltr'><em>τ.</em></span> <span class='ocrx_word' id='word_1_226' title='bbox 949 2737 998 2786; x_wconf 87' lang='grc' dir='ltr'><em>λ.]</em></span> 
     </span>
     <span class='ocr_line' id='line_1_46' title="bbox 342 2790 1001 2846; baseline -0.003 -13"><span class='ocrx_word' id='word_1_227' title='bbox 342 2790 443 2833; x_wconf 81' lang='grc' dir='ltr'><em>εἶναι</em></span> <span class='ocrx_word' id='word_1_228' title='bbox 475 2793 627 2846; x_wconf 83' lang='grc' dir='ltr'><em>Πέρσαι</em></span> <span class='ocrx_word' id='word_1_229' title='bbox 656 2808 676 2831; x_wconf 90' lang='lat' dir='ltr'>e</span> <span class='ocrx_word' id='word_1_230' title='bbox 704 2794 1001 2834; x_wconf 78' lang='lat' dir='ltr'>F101e11t.aliis-</span> 
     </span>
    </p>
   </div>
   <div class='ocr_carea' id='block_1_16' title="bbox 970 1320 1148 1366">
    <p class='ocr_par' dir='ltr' id='par_1_18' title="bbox 970 1320 1148 1366">
     <span class='ocr_line' id='line_1_47' title="bbox 970 1320 1148 1366; baseline -0.006 0"><span class='ocrx_word' id='word_1_231' title='bbox 970 1323 1043 1366; x_wconf 86' lang='grc' dir='ltr'><em>καὶ</em></span> <span class='ocrx_word' id='word_1_232' title='bbox 1100 1320 1148 1366; x_wconf 80' lang='grc' dir='ltr'><em>τό</em></span> 
     </span>
    </p>
   </div>
   <div class='ocr_carea' id='block_1_17' title="bbox 1223 1321 1651 1378">
    <p class='ocr_par' dir='ltr' id='par_1_19' title="bbox 1223 1321 1651 1378">
     <span class='ocr_line' id='line_1_48' title="bbox 1223 1321 1651 1378; baseline -0.007 -12"><span class='ocrx_word' id='word_1_233' title='bbox 1223 1322 1398 1378; x_wconf 82' lang='grc' dir='ltr'><em>τέμενος</em></span> <span class='ocrx_word' id='word_1_234' title='bbox 1474 1321 1651 1376; x_wconf 79' lang='grc' dir='ltr'><em>ἔσπειρε,</em></span> 
     </span>
    </p>
   </div>
   <div class='ocr_carea' id='block_1_18' title="bbox 1051 1537 1714 2843">
    <p class='ocr_par' dir='ltr' id='par_1_20' title="bbox 1051 1537 1714 2556">
     <span class='ocr_line' id='line_1_49' title="bbox 1053 1537 1710 1594; baseline 0.002 -16"><span class='ocrx_word' id='word_1_235' title='bbox 1053 1555 1128 1594; x_wconf 89' lang='lat' dir='ltr'>que</span> <span class='ocrx_word' id='word_1_236' title='bbox 1149 1547 1371 1578; x_wconf 80' lang='lat' dir='ltr'>revocatum</span> <span class='ocrx_word' id='word_1_237' title='bbox 1390 1553 1459 1592; x_wconf 83' lang='lat' dir='ltr'><em>pro</em></span> <span class='ocrx_word' id='word_1_238' title='bbox 1480 1541 1585 1590; x_wconf 82' lang='lat' dir='ltr'>vulg.</span> <span class='ocrx_word' id='word_1_239' title='bbox 1609 1537 1710 1592; x_wconf 81' lang='grc' dir='ltr'><em>Πὲρ·</em></span> 
     </span>
     <span class='ocr_line' id='line_1_50' title="bbox 1053 1595 1711 1650; baseline -0.008 -12"><span class='ocrx_word' id='word_1_240' title='bbox 1053 1611 1118 1638; x_wconf 85' lang='grc' dir='ltr'><em>σαι</em></span> <span class='ocrx_word' id='word_1_241' title='bbox 1162 1595 1276 1645; x_wconf 81' lang='grc' dir='ltr'><em>εἶναι,</em></span> <span class='ocrx_word' id='word_1_242' title='bbox 1315 1597 1417 1650; x_wconf 91' lang='lat' dir='ltr'>quod</span> <span class='ocrx_word' id='word_1_243' title='bbox 1449 1596 1644 1634; x_wconf 85' lang='lat' dir='ltr'>Schaefer.</span> <span class='ocrx_word' id='word_1_244' title='bbox 1674 1603 1711 1633; x_wconf 87' lang='lat' dir='ltr'><em>et</em></span> 
     </span>
     <span class='ocr_line' id='line_1_51' title="bbox 1051 1654 1712 1705; baseline -0.003 -13"><span class='ocrx_word' id='word_1_245' title='bbox 1051 1654 1185 1693; x_wconf 81' lang='lat' dir='ltr'>Matth.</span> <span class='ocrx_word' id='word_1_246' title='bbox 1207 1656 1381 1692; x_wconf 85' lang='lat' dir='ltr'>retinent.</span> <span class='ocrx_word' id='word_1_247' title='bbox 1415 1656 1541 1705; x_wconf 83' lang='lat' dir='ltr'>Ipsam</span> <span class='ocrx_word' id='word_1_248' title='bbox 1555 1660 1712 1691; x_wconf 90' lang='lat' dir='ltr'>senten—</span> 
     </span>
     <span class='ocr_line' id='line_1_52' title="bbox 1052 1710 1712 1758; baseline -0.005 -9"><span class='ocrx_word' id='word_1_249' title='bbox 1052 1713 1145 1750; x_wconf 88' lang='lat' dir='ltr'>tiam</span> <span class='ocrx_word' id='word_1_250' title='bbox 1165 1713 1380 1749; x_wconf 82' lang='lat' dir='ltr'>notavimus</span> <span class='ocrx_word' id='word_1_251' title='bbox 1397 1711 1444 1748; x_wconf 88' lang='lat' dir='ltr'><em>ad</em></span> <span class='ocrx_word' id='word_1_252' title='bbox 1463 1712 1492 1758; x_wconf 88' lang='grc' dir='ltr'><em>Ι,</em></span> <span class='ocrx_word' id='word_1_253' title='bbox 1513 1710 1552 1752; x_wconf 84' lang='lat'><em>4,</em></span> <span class='ocrx_word' id='word_1_254' title='bbox 1611 1711 1712 1747; x_wconf 84' lang='lat' dir='ltr'>Hinc</span> 
     </span>
     <span class='ocr_line' id='line_1_53' title="bbox 1052 1767 1710 1819; baseline -0.005 -13"><span class='ocrx_word' id='word_1_255' title='bbox 1052 1782 1142 1807; x_wconf 81' lang='lat' dir='ltr'>vero</span> <span class='ocrx_word' id='word_1_256' title='bbox 1176 1768 1244 1819; x_wconf 93' lang='lat' dir='ltr'><em>(h.</em></span> <span class='ocrx_word' id='word_1_257' title='bbox 1274 1770 1298 1806; x_wconf 88' lang='lat' dir='ltr'><em>l.</em></span> <span class='ocrx_word' id='word_1_258' title='bbox 1331 1767 1435 1805; x_wconf 81' lang='lat' dir='ltr'>addit</span> <span class='ocrx_word' id='word_1_259' title='bbox 1463 1768 1710 1818; x_wconf 72' lang='lat' dir='ltr'>VVesseling.)</span> 
     </span>
     <span class='ocr_line' id='line_1_54' title="bbox 1052 1825 1714 1875; baseline -0.003 -13"><span class='ocrx_word' id='word_1_260' title='bbox 1052 1825 1180 1863; x_wconf 83' lang='lat' dir='ltr'>audax</span> <span class='ocrx_word' id='word_1_261' title='bbox 1228 1826 1338 1862; x_wconf 80' lang='lat' dir='ltr'>ssuxit</span> <span class='ocrx_word' id='word_1_262' title='bbox 1377 1832 1414 1861; x_wconf 90' lang='lat' dir='ltr'><em>et</em></span> <span class='ocrx_word' id='word_1_263' title='bbox 1450 1826 1714 1875; x_wconf 84' lang='lat' dir='ltr'>importunum</span> 
     </span>
     <span class='ocr_line' id='line_1_55' title="bbox 1053 1882 1713 1928; baseline -0.002 -9"><span class='ocrx_word' id='word_1_264' title='bbox 1053 1884 1273 1919; x_wconf 80' lang='lat' dir='ltr'>Artaxerxis</span> <span class='ocrx_word' id='word_1_265' title='bbox 1291 1912 1300 1928; x_wconf 78' lang='lat'>‚</span> <span class='ocrx_word' id='word_1_266' title='bbox 1340 1884 1565 1928; x_wconf 79' lang='lat' dir='ltr'>Persarum,</span> <span class='ocrx_word' id='word_1_267' title='bbox 1605 1882 1713 1918; x_wconf 73' lang='lat' dir='ltr'>victis</span> 
     </span>
     <span class='ocr_line' id='line_1_56' title="bbox 1054 1938 1713 1989; baseline -0.003 -13"><span class='ocrx_word' id='word_1_268' title='bbox 1054 1939 1214 1988; x_wconf 79' lang='lat' dir='ltr'>Parthis,</span> <span class='ocrx_word' id='word_1_269' title='bbox 1225 1938 1384 1976; x_wconf 80' lang='lat' dir='ltr'>vindicis</span> <span class='ocrx_word' id='word_1_270' title='bbox 1405 1946 1439 1975; x_wconf 85' lang='lat' dir='ltr'><em>et</em></span> <span class='ocrx_word' id='word_1_271' title='bbox 1451 1940 1556 1989; x_wconf 85' lang='lat' dir='ltr'>regni</span> <span class='ocrx_word' id='word_1_272' title='bbox 1573 1939 1713 1975; x_wconf 87' lang='lat' dir='ltr'>instau-</span> 
     </span>
     <span class='ocr_line' id='line_1_57' title="bbox 1054 1996 1714 2047; baseline -0.005 -13"><span class='ocrx_word' id='word_1_273' title='bbox 1054 1998 1208 2034; x_wconf 82' lang='lat' dir='ltr'>ratoris:</span> <span class='ocrx_word' id='word_1_274' title='bbox 1250 1996 1384 2033; x_wconf 86' lang='lat' dir='ltr'>cedere</span> <span class='ocrx_word' id='word_1_275' title='bbox 1423 1998 1520 2047; x_wconf 87' lang='lat' dir='ltr'><strong>Imp.</strong></span> <span class='ocrx_word' id='word_1_276' title='bbox 1541 1996 1714 2032; x_wconf 85' lang='lat' dir='ltr'>Alexan-</span> 
     </span>
     <span class='ocr_line' id='line_1_58' title="bbox 1055 2053 1713 2104; baseline -0.005 -14"><span class='ocrx_word' id='word_1_277' title='bbox 1055 2053 1166 2091; x_wconf 81' lang='lat' dir='ltr'>drum</span> <span class='ocrx_word' id='word_1_278' title='bbox 1197 2056 1465 2104; x_wconf 86' lang='lat' dir='ltr'>Romanosque</span> <span class='ocrx_word' id='word_1_279' title='bbox 1490 2053 1596 2089; x_wconf 87' lang='lat' dir='ltr'>omni</span> <span class='ocrx_word' id='word_1_280' title='bbox 1623 2053 1713 2088; x_wconf 88' lang='lat' dir='ltr'>Asia</span> 
     </span>
     <span class='ocr_line' id='line_1_59' title="bbox 1056 2106 1711 2159; baseline -0.002 -12"><span class='ocrx_word' id='word_1_281' title='bbox 1056 2110 1205 2158; x_wconf 80' lang='lat' dir='ltr'>debere,</span> <span class='ocrx_word' id='word_1_282' title='bbox 1234 2110 1348 2150; x_wconf 74' lang='grc' dir='ltr'><em>ἐᾶσαι</em></span> <span class='ocrx_word' id='word_1_283' title='bbox 1373 2108 1415 2149; x_wconf 77' lang='grc' dir='ltr'><em>δὲ</em></span> <span class='ocrx_word' id='word_1_284' title='bbox 1443 2106 1576 2159; x_wconf 82' lang='grc' dir='ltr'><em>άρχειν</em></span> <span class='ocrx_word' id='word_1_285' title='bbox 1606 2107 1711 2159; x_wconf 84' lang='grc' dir='ltr'><strong><em>Πέρ-</em></strong></span> 
     </span>
     <span class='ocr_line' id='line_1_60' title="bbox 1056 2163 1712 2235; baseline -0.006 -29"><span class='ocrx_word' id='word_1_286' title='bbox 1056 2180 1127 2214; x_wconf 83' lang='grc' dir='ltr'><em>σας</em></span> <span class='ocrx_word' id='word_1_287' title='bbox 1149 2167 1282 2235; x_wconf 84' lang='grc' dir='ltr'><em>μέχρις</em></span> <span class='ocrx_word' id='word_1_288' title='bbox 1292 2163 1452 2213; x_wconf 84' lang='grc' dir='ltr'><em>Ἰωνίας</em></span> <span class='ocrx_word' id='word_1_289' title='bbox 1471 2181 1510 2204; x_wconf 86' lang='grc' dir='ltr'><em>τε</em></span> <span class='ocrx_word' id='word_1_290' title='bbox 1535 2164 1602 2204; x_wconf 80' lang='grc' dir='ltr'><em>καὶ</em></span> <span class='ocrx_word' id='word_1_291' title='bbox 1627 2167 1712 2203; x_wconf 82' lang='grc' dir='ltr'><em>Κα-</em></span> 
     </span>
     <span class='ocr_line' id='line_1_61' title="bbox 1057 2218 1714 2276; baseline -0.006 -13"><span class='ocrx_word' id='word_1_292' title='bbox 1057 2225 1167 2276; x_wconf 80' lang='grc' dir='ltr'><em>ρίας·</em></span> <span class='ocrx_word' id='word_1_293' title='bbox 1200 2239 1300 2263; x_wconf 85' lang='grc' dir='ltr'><em>ειναι</em></span> <span class='ocrx_word' id='word_1_294' title='bbox 1319 2221 1394 2275; x_wconf 69' lang='grc' dir='ltr'><em>γὰρ</em></span> <span class='ocrx_word' id='word_1_295' title='bbox 1421 2218 1521 2261; x_wconf 73' lang='grc' dir='ltr'><em>αὐτά</em></span> <span class='ocrx_word' id='word_1_296' title='bbox 1545 2223 1714 2273; x_wconf 73' lang='grc' dir='ltr'><em>Περσῶν</em></span> 
     </span>
     <span class='ocr_line' id='line_1_62' title="bbox 1055 2280 1714 2332; baseline -0.009 -12"><span class='ocrx_word' id='word_1_297' title='bbox 1055 2296 1272 2332; x_wconf 72' lang='grc' dir='ltr'><em>προγονικά</em></span> <span class='ocrx_word' id='word_1_298' title='bbox 1294 2292 1492 2329; x_wconf 71' lang='grc' dir='ltr'><em>κτηματαε</em></span> <span class='ocrx_word' id='word_1_299' title='bbox 1525 2291 1595 2316; x_wconf 79' lang='lat' dir='ltr'>esse</span> <span class='ocrx_word' id='word_1_300' title='bbox 1625 2280 1714 2315; x_wconf 81' lang='lat' dir='ltr'>enim</span> 
     </span>
     <span class='ocr_line' id='line_1_63' title="bbox 1057 2337 1713 2386; baseline -0.005 -11"><span class='ocrx_word' id='word_1_301' title='bbox 1057 2337 1247 2375; x_wconf 78' lang='lat' dir='ltr'>Persarum</span> <span class='ocrx_word' id='word_1_302' title='bbox 1275 2337 1509 2373; x_wconf 78' lang='lat' dir='ltr'>heredztarz&#39;as</span> <span class='ocrx_word' id='word_1_303' title='bbox 1553 2340 1659 2386; x_wconf 84' lang='lat' dir='ltr'>atque</span> <span class='ocrx_word' id='word_1_304' title='bbox 1689 2347 1713 2372; x_wconf 85' lang='lat' dir='ltr'>a</span> 
     </span>
     <span class='ocr_line' id='line_1_64' title="bbox 1056 2394 1712 2443; baseline -0.005 -12"><span class='ocrx_word' id='word_1_305' title='bbox 1056 2395 1244 2431; x_wconf 63' lang='lat' dir='ltr'><em>maioribus</em></span> <span class='ocrx_word' id='word_1_306' title='bbox 1282 2397 1442 2443; x_wconf 75' lang='lat' dir='ltr'>acceptas</span> <span class='ocrx_word' id='word_1_307' title='bbox 1472 2394 1712 2443; x_wconf 79' lang='lat' dir='ltr'>possessiones,</span> 
     </span>
     <span class='ocr_line' id='line_1_65' title="bbox 1055 2447 1712 2499; baseline 0 -11"><span class='ocrx_word' id='word_1_308' title='bbox 1055 2453 1094 2488; x_wconf 87' lang='lat' dir='ltr'>in</span> <span class='ocrx_word' id='word_1_309' title='bbox 1116 2449 1322 2487; x_wconf 83' lang='lat' dir='ltr'>Herodian.</span> <span class='ocrx_word' id='word_1_310' title='bbox 1346 2450 1408 2499; x_wconf 82' lang='lat' dir='ltr'><em>VI,</em></span> <span class='ocrx_word' id='word_1_311' title='bbox 1425 2453 1449 2490; x_wconf 83' lang='lat'><strong>3</strong></span> <span class='ocrx_word' id='word_1_312' title='bbox 1472 2450 1554 2499; x_wconf 88' lang='lat' dir='ltr'>[VI‚</span> <span class='ocrx_word' id='word_1_313' title='bbox 1574 2448 1600 2488; x_wconf 80' lang='grc'>4</span> <span class='ocrx_word' id='word_1_314' title='bbox 1621 2450 1658 2494; x_wconf 62' lang='grc' dir='ltr'><em>ξ.</em></span> <span class='ocrx_word' id='word_1_315' title='bbox 1673 2447 1712 2488; x_wconf 84' lang='grc'><em>5.</em></span> 
     </span>
     <span class='ocr_line' id='line_1_66' title="bbox 1055 2508 1305 2556; baseline -0.008 -10"><span class='ocrx_word' id='word_1_316' title='bbox 1055 2510 1119 2556; x_wconf 88' lang='lat' dir='ltr'><em>VI,</em></span> <span class='ocrx_word' id='word_1_317' title='bbox 1140 2511 1166 2547; x_wconf 81' lang='lat'>2</span> <span class='ocrx_word' id='word_1_318' title='bbox 1188 2509 1224 2553; x_wconf 67' lang='grc' dir='ltr'><em>ξ.</em></span> <span class='ocrx_word' id='word_1_319' title='bbox 1247 2508 1305 2556; x_wconf 79' lang='grc'><em>2.]</em></span> 
     </span>
    </p>

    <p class='ocr_par' dir='ltr' id='par_1_21' title="bbox 1055 2559 1714 2843">
     <span class='ocr_line' id='line_1_67' title="bbox 1113 2559 1714 2615; baseline -0.007 -12"><span class='ocrx_word' id='word_1_320' title='bbox 1113 2564 1180 2604; x_wconf 81' lang='grc' dir='ltr'><em>καὶ</em></span> <span class='ocrx_word' id='word_1_321' title='bbox 1210 2561 1252 2603; x_wconf 79' lang='grc' dir='ltr'><em>τό</em></span> <span class='ocrx_word' id='word_1_322' title='bbox 1281 2563 1440 2615; x_wconf 79' lang='grc' dir='ltr'><em>τέμενος</em></span> <span class='ocrx_word' id='word_1_323' title='bbox 1471 2561 1624 2611; x_wconf 74' lang='grc' dir='ltr'><em>ἔσπειρε</em></span> <span class='ocrx_word' id='word_1_324' title='bbox 1647 2559 1714 2600; x_wconf 84' lang='grc' dir='ltr'><em>καὶ</em></span> 
     </span>
     <span class='ocr_line' id='line_1_68' title="bbox 1057 2618 1714 2672; baseline -0.009 -12"><span class='ocrx_word' id='word_1_325' title='bbox 1057 2619 1230 2672; x_wconf 80' lang='grc' dir='ltr'><em>ἐνέμετο]</em></span> <span class='ocrx_word' id='word_1_326' title='bbox 1275 2620 1437 2672; x_wconf 81' lang='grc' dir='ltr'><em>τέμενος</em></span> <span class='ocrx_word' id='word_1_327' title='bbox 1468 2618 1529 2656; x_wconf 87' lang='lat' dir='ltr'><em>hic</em></span> <span class='ocrx_word' id='word_1_328' title='bbox 1557 2625 1714 2656; x_wconf 83' lang='lat' dir='ltr'>vocatur</span> 
     </span>
     <span class='ocr_line' id='line_1_69' title="bbox 1057 2677 1714 2727; baseline -0.008 -12"><span class='ocrx_word' id='word_1_329' title='bbox 1057 2692 1145 2727; x_wconf 83' lang='lat' dir='ltr'>ager</span> <span class='ocrx_word' id='word_1_330' title='bbox 1163 2682 1316 2715; x_wconf 68' lang='lat' dir='ltr'>exemtus</span> <span class='ocrx_word' id='word_1_331' title='bbox 1331 2682 1363 2716; x_wconf 85' lang='lat' dir='ltr'><em>et</em></span> <span class='ocrx_word' id='word_1_332' title='bbox 1387 2679 1606 2715; x_wconf 74' lang='lat' dir='ltr'>consecratus</span> <span class='ocrx_word' id='word_1_333' title='bbox 1625 2677 1714 2711; x_wconf 84' lang='lat' dir='ltr'>iux-</span> 
     </span>
     <span class='ocr_line' id='line_1_70' title="bbox 1055 2731 1711 2785; baseline -0.009 -13"><span class='ocrx_word' id='word_1_334' title='bbox 1055 2742 1093 2773; x_wconf 88' lang='lat' dir='ltr'><em>ta</em></span> <span class='ocrx_word' id='word_1_335' title='bbox 1123 2736 1319 2772; x_wconf 84' lang='lat' dir='ltr'>Protesilai</span> <span class='ocrx_word' id='word_1_336' title='bbox 1347 2735 1576 2785; x_wconf 85' lang='lat' dir='ltr'>sepulcrum,</span> <span class='ocrx_word' id='word_1_337' title='bbox 1598 2731 1711 2776; x_wconf 86' lang='lat' dir='ltr'><em>uth,</em></span> 
     </span>
     <span class='ocr_line' id='line_1_71' title="bbox 1061 2788 1712 2843; baseline -0.014 -11"><span class='ocrx_word' id='word_1_338' title='bbox 1061 2794 1151 2833; x_wconf 85' lang='lat'>161.</span> <span class='ocrx_word' id='word_1_339' title='bbox 1191 2794 1236 2829; x_wconf 85' lang='lat' dir='ltr'><em>In</em></span> <span class='ocrx_word' id='word_1_340' title='bbox 1265 2791 1339 2829; x_wconf 87' lang='lat' dir='ltr'><em>hoc</em></span> <span class='ocrx_word' id='word_1_341' title='bbox 1370 2792 1485 2843; x_wconf 86' lang='lat' dir='ltr'>igitur</span> <span class='ocrx_word' id='word_1_342' title='bbox 1513 2801 1626 2840; x_wconf 82' lang='lat' dir='ltr'>agro,</span> <span class='ocrx_word' id='word_1_343' title='bbox 1648 2788 1712 2840; x_wconf 88' lang='lat' dir='ltr'>qui</span> 
     </span>
    </p>
   </div>
  </div>
 </body>
</html>
