1839 3292
86 887 124 916 ad
143 886 271 924 ephoros
298 895 364 915 ora-

87 922 197 949 tionem
222 921 333 948 habent

87 956 205 990 plenam
229 955 368 994 querela-

90 997 153 1015 rum
188 991 224 1015 ob
255 988 367 1016 auxilia

88 1021 217 1050 noudum
230 1023 331 1050 missa.

409 235 493 274 212

809 232 1273 269 HERODOTI

381 350 403 384 2
421 353 503 386 σαν
533 341 575 392 ἐς
605 344 859 395 Σαλαμῖνα·
895 340 936 390 ἐς
967 338 1276 393 ΛακεδαίμοναΙ
1312 356 1355 383 τε
1385 341 1575 397 ἔπεμπον
1607 335 1679 396 α’γ-

409 410 573 467 γέλους,
616 407 703 461 ἅμα
733 407 810 461 μὲν
839 407 1142 462 μεμψομένους
1162 411 1275 448 τοῖσι
1291 410 1678 464 Λακεδαιμονίοισι

418 478 483 521 ὅτι
500 476 717 528 περιεῖδον
730 473 971 528 ἐμβαλόντα
983 474 1061 517 τόν
1080 474 1307 530 βάρβαρον
1323 473 1366 524 ἐς
1384 474 1678 531 τὴνἉττικὴν,
1688 481 1734 515 70

419 543 505 588 ἀλλ’
531 543 584 586 ου’
604 542 709 597 μετὰ
734 544 880 597 σφέων
900 540 1113 595 ἠντίασαν
1138 542 1178 591 ἐς
1205 541 1282 596 τὴν
1303 543 1529 598 Βοιωτίην.

1588 543 1678 599 ἅμα

417 613 463 656 δὲ
492 610 826 665 ὑπομνήσοντας
856 609 939 653 ὅσα
970 621 1048 664 σφι
1075 607 1280 664 ὑπέσχετο
1311 609 1334 653 ὁ
1356 608 1526 666 Πέρσης
1555 626 1678 664 μετα-

415 683 599 736 βαλοῦσι
616 679 782 721 δώσειν·
805 680 1011 732 προεῖπαί
1031 693 1085 726 τε,
1109 677 1177 720 ὅτι
1199 678 1234 720 εἰ
1252 677 1310 734 μὴ
1330 675 1544 732 ἀμυνεῦσι
1562 675 1680 732 Ἀθη-

414 749 596 795 ναίοισι,
638 744 695 795 ὠς
732 746 803 788 καὶ
855 745 979 788 αὐτοί
1017 762 1115 788 τινα
1157 743 1351 801 ἀλεωρήν
1398 742 1675 800 εὑρήσονται.

325 823 357 868 7
414 815 467 856 Οἵ
495 829 578 867 γαρ
598 812 649 867 δη
679 812 1017 866 Λακεδαιμόνιοι
1043 807 1222 866 ὅρταζόν
1239 830 1281 856 τε
1301 817 1464 856 τοῦτον
1484 810 1561 854 τὸν
1584 809 1676 864 χρό-
1687 815 1732 851 75

421 897 524 929 νον,
562 881 636 922 καί
663 892 742 935 σφι
771 876 826 936 ἦν
851 879 1096 923 Ίακίνθια·

424 949 476 991 τὰ
505 952 585 990 τοῦ
613 953 726 992 θεοῦ
755 948 1009 1002 πορσύνειν·
1042 914 1136 1003 ἅμα.
1148 949 1194 992 ὀὲ
1223 948 1272 992 τὸ
1295 947 1432 1004 τεῖχός
1453 958 1533 1002 σφι
1560 945 1609 989 τό
1629 945 1676 989 ἐν

1127 881 1226 933 ῖερὶ
1254 884 1457 924 πλείστου
1488 877 1530 922 δ’
1569 875 1678 934 ἦγον

421 1019 483 1073 τῷ
509 1014 668 1074 Ἰσθμῷ
694 1017 898 1072 ἐτείχεον,
928 1016 1000 1059 καὶ
1030 1016 1112 1071 ἤδη
1142 1015 1331 1068 ἐπάλξεις
1361 1015 1586 1073 ἐλάμβανε.

414 1178 453 1226 ἔς
469 1171 755 1228 Λακεδαίμονά
764 1191 804 1216 τε
821 1173 1014 1228 ἔπεμπον]

358 1234 604 1279 Schaeferus,
649 1247 766 1285 quem
799 1233 933 1272 Matth.
979 1240 1015 1270 et

356 1291 526 1330 Bekker.
566 1297 802 1342 sequuntur,
846 1304 894 1328 ex
935 1303 1012 1327 uno

359 1348 550 1388 Saucrofti
582 1349 677 1384 libro
712 1346 867 1384 dederat
896 1346 1015 1397 ἔπεμ-

357 1416 457 1457 ψαν.
487 1404 679 1456 Equidem
702 1405 888 1449 revocavi‚
911 1402 1014 1455 quod

358 1462 493 1514 reliqui
515 1462 598 1498 libri
618 1461 802 1502 ferebant,
859 1462 917 1496 De
936 1462 1016 1510 ipsa

358 1520 548 1569 legatione
586 1517 687 1554 conf.
730 1518 829 1553 Plut.
860 1516 1015 1554 Aristid.

359 1579 424 1623 10,
447 1576 511 1627 qui
541 1575 664 1611 solum
688 1573 892 1611 Aristidem
921 1575 1016 1610 mis-

356 1645 444 1670 sum
464 1645 541 1668 esse
561 1631 689 1668 refert.
711 1653 762 1658 --
791 1632 911 1667 Usum
933 1643 1017 1680 par-

356 1690 494 1726 ticulae
524 1703 564 1727 τε
594 1688 711 1724 semel
738 1688 880 1739 positae
910 1687 1017 1738 attigi

357 1745 408 1783 ad
429 1746 518 1792 VII,
545 1746 636 1784 188.

414 1801 619 1853 προεῖπαι]
642 1801 712 1847 „In
723 1803 918 1851 προεῖπαν
927 1812 1013 1835 mu-

359 1858 521 1896 tandum
544 1858 802 1907 suspicabatur
822 1857 1012 1892 Koeuius:

355 1919 536 1966 praeterea
546 1913 851 1959 denuntimuntmi
860 1914 1016 1950 venirent

359 1971 624 2009 Atheniensibus
665 1971 821 2017 auxilio,
862 1970 921 2005 Itos
949 1969 1018 2006 sibi

359 2031 452 2079 ipsos
475 2031 632 2064 tutamen
667 2026 841 2076 quoddam
862 2029 1019 2076 paratu-

359 2097 437 2122 ros:
474 2085 526 2121 sic
558 2082 759 2120 redderem
789 2081 1017 2129 Herodotea,

362 2156 416 2188 ως
453 2139 520 2179 καὶ
559 2135 673 2179 αὐτοί
709 2155 798 2179 τινα
836 2135 1018 2190 οἷλεωρην

363 2195 622 2248 εὑρήσονται
650 2195 690 2233 id
729 2203 782 2233 est
822 2191 1018 2246 εἷποστρο-

360 2250 447 2304 φὴν
478 2250 754 2304 ἒτοιμεῖσονται
777 2251 876 2289 vel'
859 2251 1017 2300 εκπορί-

361 2323 508 2349 σονται.
572 2311 655 2346 Hoc
696 2309 908 2360 significatu
949 2308 1017 2344 sabi

355 2366 514 2417 parandi
531 2366 592 2403 vel
627 2364 847 2416 adipiscendi
875 2365 1015 2401 veteri-

359 2424 428 2460 bus
449 2424 730 2474 frequentatum
748 2419 933 2473 εῦρὲσθαι
946 2419 1015 2457 ad-

359 2478 482 2516 hibuit
510 2480 705 2531 aliquoties
744 2476 886 2518 Herod,
917 2478 1015 2513 infra

359 2536 416 2573 bis
444 2550 477 2573 c.
499 2538 551 2575 26
573 2542 609 2572 et
629 2537 682 2576 28
711 2531 869 2575 ’Ἀδειαν
904 2532 1015 2585 εὗρέ-

362 2597 460 2631 σθαι
477 2593 539 2629 vel
568 2588 732 2642 εἰρήνην
765 2591 827 2629 vel
857 2585 1017 2642 οἷγαθόν

362 2663 418 2696 τι,
459 2650 666 2685 locutiones
703 2655 791 2685 sunt
823 2647 1019 2684 usitatissi-

361 2717 468 2741 mae:
492 2703 681 2755 ευρὲσθαι
695 2719 802 2756 παρα
814 2719 893 2743 των
908 2705 1017 2742 θεῶν

363 2762 444 2799 τῶν
482 2757 689 2811 παρόντων
724 2763 859 2800 κακῶν
889 2755 1018 2799 α’παλ-

361 2812 486 2869 λαγην
512 2816 606 2854 dixit
634 2819 787 2856 Isocrat.
817 2819 858 2855 iu
894 2818 1016 2867 Evag.

1072 1189 1162 1228 pag.
1188 1178 1260 1217 191
1285 1178 1317 1213 E
1341 1177 1420 1227 [cp.
1442 1176 1466 1217 5
1497 1178 1533 1223 ξ.
1559 1175 1623 1228 14]
1658 1176 1731 1214 vid.

1071 1235 1207 1270 Dawes
1223 1235 1261 1269 iu
1277 1235 1381 1270 Misc.
1400 1234 1487 1271 crit.
1508 1247 1596 1285 pag.
1608 1234 1730 1276 258,“

1079 1290 1188 1327 Vale
1204 1289 1224 1326 k
1238 1303 1302 1327 en.
1335 1289 1553 1341 Schweigh.
1574 1292 1614 1327 in
1634 1292 1729 1330 Lex.

1071 1346 1214 1385 Herod.
1269 1345 1510 1384 reddendum
1562 1348 1729 1385 censuit:

1071 1403 1241 1454 „aliquod
1266 1403 1495 1442 levamentum
1522 1405 1591 1442 sibi
1614 1417 1730 1455 para-

1070 1461 1177 1508 bunt,
1208 1460 1252 1497 ils
1274 1465 1394 1498 sanent
1426 1464 1566 1498 trouver
1586 1461 1730 1511 quelque

1071 1517 1350 1566 soulagement.“
1407 1517 1487 1554 Sed
1517 1530 1606 1554 cum
1626 1518 1730 1554 Koe-

1068 1575 1134 1610 nio
1167 1580 1208 1610 ut
1235 1586 1394 1624 reponas
1427 1577 1647 1625 προεῖπαν,
1690 1573 1730 1610 id

1069 1631 1229 1667 minime
1267 1643 1388 1681 opus3
1428 1643 1548 1682 quum
1585 1631 1729 1667 subitus

1070 1685 1110 1724 h.
1123 1688 1145 1724 l.
1165 1688 1212 1723 sit
1233 1689 1411 1723 orationis
1425 1689 1613 1734 transitus,
1636 1700 1730 1738 qua-

1069 1745 1147 1780 lem
1169 1744 1257 1779 alibi
1285 1757 1440 1796 quoque
1473 1745 1513 1780 in
1543 1742 1600 1780 his
1626 1744 1729 1781 libris

1066 1801 1286 1851 reperimus.
1354 1801 1427 1845 Qui
1475 1801 1579 1837 enim
1617 1813 1730 1850 supra

1070 1857 1217 1894 dixerat
1233 1856 1409 1908 ἔπεμπον
1432 1852 1630 1909 οἷγγὲλους,
1651 1858 1729 1893 iam

1072 1913 1168 1951 dixit
1187 1917 1375 1963 προεῖπαι
1402 1926 1445 1950 ac
1475 1915 1506 1951 si
1532 1926 1732 1965 praegres-

1072 1983 1159 2008 sum
1180 1977 1274 2007 esset
1295 1969 1475 2010 ἐκέλευον
1503 1967 1595 2018 τούς
1619 1966 1732 2023 ἐγγέ-

1073 2030 1177 2074 λους.
1214 2048 1264 2055 —
1296 2026 1358 2063 Ad
1378 2028 1579 2078 particulas
1597 2023 1657 2067 ὅτι
1675 2048 1732 2055 -

1075 2082 1153 2130 ω’ς,
1194 2097 1356 2136 quarum
1398 2084 1515 2121 altera
1549 2082 1730 2131 abundat,

1072 2139 1148 2178 vid.
1176 2139 1312 2178 Matth.
1334 2141 1400 2178 Gr.
1421 2142 1488 2178 Gr.
1510 2141 1547 2187 §0
1570 2142 1673 2189 628,
1705 2143 1730 2181 3

1071 2210 1160 2249 pag.
1182 2199 1297 2238 1982.

1298 2254 1390 2304 cap.
1421 2253 1502 2291 VII.

1125 2307 1352 2358 Ὑακίνθια]
1380 2310 1517 2360 Attigit
1536 2306 1730 2348 Plutarch.

1069 2366 1105 2401 II
1136 2378 1222 2416 pag.
1243 2367 1322 2406 873
1353 2367 1399 2403 E.
1438 2367 1495 2402 De
1524 2366 1607 2416 ipso
1634 2365 1730 2402 festo

1070 2421 1148 2459 vid.
1169 2429 1264 2459 nott.
1295 2421 1343 2459 ad
1361 2423 1451 2471 VII,
1482 2424 1574 2462 206.
1625 2422 1731 2466 Quae

1071 2486 1304 2530 sequuntur:
1352 2479 1537 2518 πλείστου
1573 2473 1606 2517 δ’
1628 2472 1730 2529 ἦγον

1071 2532 1120 2574 τοὶ
1152 2537 1225 2574 τοῦ
1253 2538 1357 2574 θεοῦ
1387 2532 1604 2587 πορσύνειν
1633 2534 1673 2581 (i.
1695 2547 1731 2571 e.

1071 2594 1219 2628 maximi
1245 2591 1431 2642 faciebant
1467 2604 1537 2629 rem
1575 2591 1730 2628 divinam

1073 2661 1197 2686 curare
1219 2661 1246 2686 s.
1269 2650 1562 2696 administrare),
1594 2653 1730 2684 tracta-

1071 2706 1108 2743 vi
1128 2704 1177 2741 ad
1199 2706 1251 2749 V,
1275 2708 1342 2746 63.

1127 2760 1194 2800 καὶ
1208 2758 1288 2812 ἤδη
1303 2757 1484 2810 ἐπάλξεις
1499 2757 1727 2811 ἐλάμβανε]

1072 2819 1148 2856 Pro
1168 2818 1236 2858 καὶ
1264 2815 1329 2871 δή,
1349 2817 1453 2872 quod
1471 2830 1561 2855 cum
1580 2815 1729 2855 schae-
