1839 3292
348 175 433 215 248

743 169 1203 209 HERODOTI

349 282 473 338 παρὰ
501 281 547 326 δέ
579 293 659 338 σφι
687 280 869 335 εὕροντο
900 277 1020 331 παρὰ
1044 280 1304 323 Παυσανίεω
1324 278 1498 327 ἑστάναι
1516 288 1608 330 110..

349 349 602 405 τιδαιητέων
631 353 718 391 τῶν
748 349 794 390 ἐκ
825 345 1054 401 Παλλήνης
1082 347 1183 396 τούς
1222 348 1463 400 παρεόντας
1491 364 1608 404 τριη-

349 419 534 467 κοσίους.
580 414 751 460 τούτων
781 414 825 458 δὲ
854 412 1049 470 ἐχόμενοι
1078 414 1253 458 ἵσταντο
1278 412 1489 470 Ἀρκάδες
1513 416 1608 472 Ὀρ-
1621 422 1665 456 10

295 625 394 665 qnae
421 611 634 649 Plataeensi
654 623 807 662 pugnae
835 612 953 647 inter-

295 670 436 706 fuerint
464 669 526 706 ille
547 668 672 720 prodit
698 669 855 704 nomina
887 669 955 704 tri-

296 725 387 777 podi
426 726 625 786 Olympico
654 726 849 774 inscripta3
881 738 955 776 qna

298 782 346 820 de
376 795 417 818 re
455 782 599 819 disserit
627 779 875 819 Broendsted.
916 783 955 816 in

296 840 385 877 ltin.
425 840 442 874 1
482 853 520 889 p.
557 840 634 878 106
665 851 770 889 seqq.
810 839 956 874 Desunt

298 897 402 932 enim
424 894 525 945 apud
546 893 783 931 Herodotum
808 895 956 930 incolae

298 953 467 1004 quinque
488 952 695 987 insularum
715 952 858 999 Aegaei
873 963 959 987 ma·

298 1010 371 1046 ris:
403 1009 489 1054 cei,
519 1008 652 1055 Naxii,
674 1008 811 1053 Tenii.,
837 1006 959 1058 Cyth-

300 1066 367 1112 nii,
387 1065 503 1112 Melit,
527 1076 691 1115 quorum
710 1064 867 1101 nomina
889 1077 958 1099 ex-

299 1120 480 1160 hibentur
517 1122 557 1156 in
595 1121 658 1156 illa
702 1120 959 1170 inscriptione,

301 1190 474 1229 quosque
507 1189 587 1213 non
616 1183 697 1213 tam
722 1190 790 1228 per
830 1189 960 1213 socor-

301 1234 405 1271 diam
440 1234 486 1271 ab
536 1232 730 1270 Herodoto
767 1234 960 1284 neglectos

299 1298 454 1342 putem,
494 1303 612 1342 quam
642 1291 766 1341 potius
795 1303 880 1326 eam
910 1290 959 1327 ob

301 1360 467 1393 causam,
490 1346 593 1399 quod
606 1348 716 1397 pauci
727 1347 865 1384 suerint
885 1360 960 1383 nu-

301 1417 408 1442 mero
429 1417 499 1440 nec
520 1405 651 1453 magni
671 1405 870 1450 momenti,
895 1417 960 1441 ac-

303 1462 406 1498 censi
424 1464 507 1506 τοῖς
528 1464 676 1509 ψιλοῖς,
698 1473 792 1512 quos
812 1462 909 1511 ipsos
920 1461 960 1496 in

304 1519 523 1555 universum
544 1516 660 1553 modo
681 1516 822 1554 indicat
841 1519 963 1554 Hero-

306 1573 430 1622 dotus,
442 1575 650 1610 accuratius
663 1587 858 1611 recensens
869 1569 962 1620 τούς

306 1628 468 1677 ὁπλίτας
479 1644 508 1667 s.
525 1631 647 1680 gravis
659 1638 870 1668 armaturae
891 1631 962 1667 mi-

305 1688 401 1724 lites.
459 1686 571 1732 Quod
608 1700 697 1724 vero
738 1687 839 1738 apud
871 1701 962 1723 eun-

307 1742 396 1781 dem
423 1745 652 1781 Pausaniam
680 1744 767 1782 Elei
794 1744 964 1781 referun-

306 1808 379 1845 tur,
401 1813 494 1852 quos
505 1807 588 1851 post
603 1814 771 1851 pugnam
791 1801 966 1838 advenis-

305 1871 345 1895 se
363 1856 477 1894 tradit
498 1857 716 1895 Herodotus
736 1859 804 1905 IX,
828 1861 893 1905 77,
926 1856 966 1894 id

305 1913 582 1951 Broendstedio
624 1922 776 1952 auctore
814 1915 876 1951 vel
914 1915 966 1951 ita

307 1971 590 2021 explicandum,
628 1979 670 2008 ut
698 1985 778 2008 non
812 1971 901 2008 Elei
926 1972 966 2007 in

306 2028 572 2078 Peloponneso
593 2027 660 2065 sed
678 2028 766 2066 Elei
777 2028 968 2065 Eretrien-

308 2097 361 2121 ses
381 2085 651 2135 intelligantur,
693 2086 755 2122 vel
796 2091 968 2122 statuen-

311 2140 427 2189 dum,
458 2155 584 2178 errore
610 2141 754 2179 factum
785 2155 883 2190 esse,
927 2148 969 2178 ut

309 2199 514 2235 Pausanias
533 2211 601 2249 pro
619 2197 881 2247 Palaeemibus,
904 2198 970 2249 qui

311 2268 443 2292 revera
457 2254 603 2299 desunt,
621 2256 755 2306 legerit
772 2256 811 2290 in
832 2256 893 2291 illa
908 2257 969 2290 in·

313 2312 516 2362 scriptione
555 2311 686 2348 Eleos:
738 2312 977 2350 FAAEIOI

315 2381 385 2418 pro
418 2370 642 2412 ΓΑΛΕΙΣ,
664 2367 880 2405 Eretrienses
901 2381 970 2404 au-

315 2431 395 2461 tem
424 2431 537 2476 atque
580 2424 776 2461 Leucadios
810 2437 894 2460 eain
921 2425 968 2460 ob

317 2494 470 2518 causam
515 2482 670 2518 omissos
717 2488 824 2531 putat
867 2480 970 2517 idem

318 2537 568 2574 Broendsted.
598 2538 623 2575 l.
644 2539 692 2585 1.,
715 2536 818 2589 qnod
840 2535 878 2573 hi
894 2550 971 2574 una

319 2607 409 2630 cum
430 2595 588 2631 aliarum
618 2593 779 2631 duarum
800 2596 973 2644 gentium

322 2651 500 2687 militibus
538 2652 709 2688 collocati
747 2652 887 2687 suerint
926 2664 974 2687 ex

322 2720 433 2743 causa
462 2709 661 2758 quapiam,
692 2721 809 2759 quam
848 2715 977 2745 tamen

321 2764 430 2801 nobis
452 2766 634 2815 expiscari
655 2763 758 2802 haud
778 2766 900 2804 liceat.

1066 607 1174 662 παροῖ
1200 609 1243 651 δέ
1264 623 1335 660 σφι
1360 607 1543 663 εὕροντο]
1570 613 1596 650 i.
1629 627 1667 656 e.

1010 681 1034 705 α
1055 667 1240 705 Pausania
1273 670 1370 721 (qui
1388 669 1500 706 totius
1521 671 1667 707 exerci-

1010 731 1069 761 tus
1096 725 1167 761 fuit
1193 725 1301 773 dux)
1333 728 1586 776 impetrarunt,
1624 729 1666 763 ut

1009 783 1115 818 iuxta
1137 783 1229 831 ipsos
1253 784 1283 818 ii
1311 781 1568 828 Potidaeatae,
1608 784 1670 834 qui

1012 838 1163 874 aderant
1191 841 1337 875 trecenti
1355 852 1492 876 numero
1516 839 1669 877 colloca-

1012 898 1144 931 rentur.
1190 897 1247 931 De
1271 896 1386 932 verbo
1413 894 1669 947 εὑρίσκεσθαι

1012 950 1090 989 vid.
1121 952 1188 998 lx,
1220 954 1272 992 26
1301 953 1386 989 coll.
1415 955 1452 991 6.
1477 954 1542 1000 ΙΙΙ,
1579 951 1671 993 148.

1013 1005 1237 1043 Potidaeam
1265 1021 1353 1045 vero
1384 1008 1670 1046 Corinthiorum

1013 1064 1127 1100 fuisse
1167 1065 1378 1113 coloniam,
1425 1067 1478 1102 sic
1522 1067 1609 1103 satis
1649 1078 1671 1102 e

1015 1119 1247 1170 Thucydide
1272 1123 1300 1167 Ι,
1323 1122 1375 1163 56
1402 1128 1559 1160 constat.
1600 1123 1672 1160 Ur-

1015 1177 1069 1213 bis
1080 1178 1212 1213 Noster
1231 1178 1469 1214 mentionem
1487 1178 1577 1216 facit
1590 1179 1672 1228 VII,

1016 1235 1109 1274 123.
1130 1234 1227 1277 VIII,
1252 1237 1328 1274 126
1349 1247 1428 1286 seq.

1070 1287 1223 1329 τούτων
1253 1288 1296 1328 ὁὲ
1335 1288 1544 1341 ἐχόμενοι]
1578 1291 1606 1329 i.
1638 1305 1674 1330 e.

1019 1346 1110 1383 hisce
1151 1349 1306 1396 proximi
1341 1349 1489 1386 stabant
1517 1349 1557 1384 in
1592 1349 1674 1386 acie

1019 1404 1243 1440 Orchomenii
1282 1405 1439 1441 Arcades
1465 1403 1572 1457 (quo
1593 1406 1675 1447 scil.

1017 1461 1063 1496 ab
1086 1459 1346 1497 Orchomeniis
1366 1463 1519 1499 Boeotis
1540 1460 1676 1499 distin-

1016 1517 1254 1567 guerentur),
1276 1517 1426 1554 oriundi
1451 1518 1674 1568 Orchomeno,

1017 1586 1115 1625 quae
1134 1574 1204 1610 fuit
1225 1574 1312 1610 urbs
1347 1587 1437 1611 sane
1457 1576 1677 1626 antiquissi-

1018 1643 1104 1678 ma,
1135 1631 1175 1666 in
1198 1631 1431 1668 Graecorum
1461 1632 1566 1668 bellis
1597 1645 1678 1669 cre-

1018 1688 1086 1723 bro
1102 1694 1312 1724 memorata
1332 1687 1398 1724 sed
1410 1701 1486 1740 quo
1506 1695 1680 1740 tempore

1022 1744 1159 1781 Strabo
1188 1745 1309 1791 vixit,
1339 1745 1417 1780 iam
1446 1744 1583 1791 diruta,
1626 1747 1679 1782 ita

1021 1807 1063 1837 ut
1102 1801 1312 1837 Pausaniae
1344 1808 1465 1838 aetate
1504 1802 1604 1850 VIII,
1629 1805 1679 1843 13

1021 1870 1101 1894 non
1150 1858 1222 1894 nisi
1259 1858 1421 1908 exiguae
1470 1859 1682 1896 exstiterint

1021 1914 1221 1951 moenium
1262 1921 1374 1966 atque
1409 1914 1563 1951 aedium
1591 1916 1682 1952 reli-

1024 1972 1234 2022 quiae‚non
1249 1971 1363 2021 longe
1383 1979 1551 2009 remotae
1564 1985 1585 2009 a
1597 1973 1681 2009 vico

1026 2028 1178 2078 Calpaci
1202 2041 1232 2064 s.
1281 2027 1463 2078 Calpachi,
1493 2028 1541 2066 ad
1566 2041 1682 2081 quem

1025 2085 1072 2121 ab
1093 2085 1186 2120 urbe
1207 2085 1417 2134 Tripolitza
1438 2099 1505 2135 per
1520 2086 1683 2136 Capsam

1026 2140 1248 2178 devenimus
1268 2143 1387 2191 spatio
1421 2148 1582 2193 quatuor
1610 2139 1683 2178 ho·-

1026 2210 1155 2233 rarum
1195 2204 1232 2234 et
1281 2198 1455 2247 amplius.
1514 2200 1683 2235 Testan-

1025 2261 1087 2291 tur
1126 2254 1223 2290 Gell.
1260 2261 1297 2289 et
1335 2253 1544 2302 Dodwell.‚
1617 2254 1684 2307 qui

1025 2311 1142 2347 tribus
1171 2310 1291 2346 ferme
1320 2309 1420 2347 boris
1449 2324 1470 2347 a
1490 2312 1685 2348 Mantinea

1025 2381 1064 2404 se
1102 2365 1177 2402 huc
1207 2367 1418 2417 profectum
1448 2381 1526 2405 esse
1545 2369 1684 2406 scribit.

1025 2424 1140 2460 Plura
1153 2425 1341 2460 Mannert.
1359 2425 1444 2461 VIII
1462 2438 1500 2474 p.
1511 2423 1591 2465 438
1604 2438 1686 2476 seq.

1026 2482 1164 2517 wasse
1198 2480 1246 2516 ad
1267 2479 1486 2532 Thucydid.
1507 2482 1551 2529 V,
1573 2483 1621 2521 61
1647 2487 1686 2517 et

1028 2539 1161 2587 Poppo
1183 2536 1231 2573 ad
1252 2536 1430 2588 Thucyd.
1447 2540 1475 2585 Ι,
1497 2541 1523 2578 2
1543 2538 1688 2588 p.189.

1029 2592 1145 2644 Apud
1184 2593 1423 2630 Herodotum
1471 2595 1559 2642 VII,
1605 2596 1687 2635 202

1030 2649 1200 2687 eiusdem
1220 2652 1342 2701 gentis
1362 2651 1504 2687 mentio
1519 2652 1614 2687 iuter
1627 2662 1689 2687 eas

1031 2715 1163 2759 gentes
1179 2738 1189 2755 ,
1222 2721 1319 2759 quae
1342 2707 1390 2744 ad
1410 2707 1690 2757 Thermopylas

1033 2765 1217 2805 miserunt
1237 2766 1376 2816 copias.
1423 2766 1481 2802 De
1501 2764 1690 2816 Sicyoniis
