1839 3292
373 230 460 272 35⁰

775 227 1242 266 HERODOTI

371 345 453 384 θια
480 332 537 396 ἦν
565 336 618 381 τοὶ
648 337 806 394 γε’ῤῥα,
849 334 1073 393 ἠμύνοντό
1102 351 1146 379 τε
1189 335 1262 379 καὶ
1298 334 1430 380 οὐδὲν
1460 337 1644 381 ἔλασσον
1657 343 1700 377 10

343 405 495 464 Βεῖχον
532 409 586 462 τῇ
626 404 753 461 μάχῃ.
811 404 900 447 ἐπεὶ
943 404 990 447 δὲ
1030 406 1120 446 τῶν
1164 402 1406 460 Ἀθηναίων
1444 408 1515 448 καὶ
1555 408 1645 448 τῶν

368 474 616 530 προσεχέων
646 472 669 515 ὁ
701 472 903 527 στρατὸς,
941 471 1054 523 ὅκως
1083 472 1260 516 ἑωυτῶν
1287 474 1464 529 γένηται
1491 473 1541 516 τὸ
1572 473 1644 527 ἔρ-

368 559 452 600 γον
479 542 553 586 καὶ
582 538 640 596 μή
671 542 1057 597 Λακεδαιμονίων,
1097 541 1545 595 παρακελευσάμενοι,
1577 541 1645 595 ἔρ-

367 627 452 666 γου
479 610 646 664 εἴχοντο
677 609 1032 665 προθυμότερον,
1064 609 1270 652 ἐνθεῦτεν
1291 608 1374 665 ἤδη
1397 608 1643 662 ἑτεροιοῦτο

340 678 419 722 4τό
451 681 642 733 πρῆγμα.

701 679 966 733 διωσάμενοι
990 678 1075 734 γάρ
1106 678 1157 721 τα
1187 678 1322 734 γε’ῤῥα
1343 679 1476 726 οὑτοι,
1508 676 1642 732 φερό-
1656 683 1698 717 15

371 762 495 802 μενοι
526 745 729 789 ἐσέπεσον
749 746 867 797 ἁλέες
892 746 934 798 ἐς
964 747 1069 798 τούς
1101 747 1293 799 Πέρσας·
1321 748 1365 788 οἱ
1395 746 1440 789 δὲ
1468 745 1643 799 δεξάμε-

369 831 466 866 νοι,
497 814 569 857 καὶ
598 813 763 869 χρόνον
793 814 958 869 συχνόν
980 813 1273 870 ἀμυνόμενοι,
1303 813 1422 864 τέλος
1454 814 1641 868 ἔφευγον

343 882 419 934 5ἐς
447 882 496 925 τὸ
527 887 676 938 τεῖχος.
701 881 929 938 Ἀθηναῖοι
959 883 1005 926 δὲ
1026 883 1099 925 καὶ
1122 885 1356 937 Κορίνθιοι
1377 883 1449 925 καὶ
1470 879 1641 924 Σικυώ-

368 967 460 994 νιοι
489 950 562 993 καὶ
598 951 873 1008 Τροιζήνιοι,
906 949 1020 993 οὕτω
1049 950 1132 1006 γὰρ
1166 945 1278 1006 ἦσαν
1309 951 1456 1005 ἐπεξῆς
1492 965 1641 1004 τεταγ-

369 1019 515 1074 μένοι,
556 1019 936 1074 συνεπισπόμενοι,
981 1019 1297 1062 συνεσέπιπτον
1341 1018 1384 1069 ἐς
1413 1016 1462 1061 τὸ
1491 1022 1696 1072 tammo

341 1086 435 1138 6039
465 1087 510 1129 δὲ
540 1087 614 1129 καὶ
644 1087 693 1130 τὸ
723 1092 862 1143 τεῖχος
884 1085 1114 1143 ἀραίρητο,
1147 1085 1243 1129 οὔτ’
1275 1086 1335 1129 ἔτι
1365 1085 1474 1138 πρὸς
1503 1084 1641 1142 ἀλκὴν

367 1153 612 1209 ἐτράποντο
644 1156 688 1198 οἱ
713 1155 957 1212 βάρβαροι,
992 1155 1102 1209 πρὸς
1131 1154 1277 1210 φυγήν
1306 1170 1350 1197 τε
1381 1154 1566 1210 ὁρμέατο
1597 1156 1640 1198 οἱ

337 1222 515 1278 7ὄίλλοι,
547 1221 659 1281 πλὴν
688 1223 906 1279 Περσέων.
966 1219 1090 1268 οὗτοι
1118 1223 1186 1277 δὲ,
1226 1222 1324 1267 κατ’
1365 1221 1541 1279 ὀλίγους
1578 1239 1637 1279 γι-

308 1410 666 1462 Schweighaeuser.
703 1415 970 1461 exspectasses,

306 1470 380 1506 nisi
401 1465 544 1508 αὐτίκα
582 1465 633 1520 δή
671 1466 799 1504 forsan
837 1467 972 1516 legen-

309 1525 425 1574 dum,
457 1533 522 1563 aut
549 1523 628 1577 ἤδη
648 1523 715 1562 καὶ
737 1519 832 1575 δή.“
866 1525 973 1560 Hoe-

307 1596 400 1633 gero
441 1584 481 1619 in
513 1584 615 1622 Aca,
648 1580 756 1632 phill.
796 1583 971 1617 Monacc.

306 1642 362 1677 III
401 1653 490 1690 pag.
517 1639 598 1680 527
633 1639 787 1675 voculas
825 1635 879 1676 ἔτι
906 1635 974 1676 καὶ

308 1694 360 1748 δή
378 1703 561 1748 tanquam
582 1696 725 1747 spurias
750 1695 884 1731 eiicere
908 1708 974 1731 ea-

307 1766 473 1806 rumque
508 1754 548 1789 in
582 1754 712 1790 locum
748 1753 973 1788 substituere

306 1807 387 1862 ’ἤδη
441 1810 596 1861 placuit.
667 1808 884 1861 Equidem,
942 1810 973 1846 si

306 1866 400 1919 quid
427 1868 512 1903 eiici
540 1865 697 1914 debeat,
738 1879 858 1902 unam
892 1866 970 1902 eie-

307 1926 427 1962 cerim
448 1924 628 1961 voculam
654 1923 720 1970 ἔτι,
745 1930 868 1960 ortam
890 1923 972 1959 sor-

305 1982 403 2019 sitan
430 1995 449 2017 e
467 1993 686 2032 praegresso
710 1978 841 2035 ἕτέρῳ.
871 1982 971 2016 Nam

303 2038 373 2077 καὶ
407 2035 457 2089 δή
487 2041 623 2075 Nostro
663 2038 750 2075 satis
779 2039 972 2089 frequens,

305 2103 347 2132 ut
373 2096 457 2143 lx,
499 2098 524 2136 7
548 2097 586 2141 ς.
614 2095 769 2144 2.1X‚
808 2097 873 2135 11.
902 2093 971 2136 48.

305 2155 373 2194 88.
406 2154 500 2192 102.

362 2204 482 2248 οὐδὲν
519 2206 687 2248 ἔλασσον
718 2203 838 2258 εἶχον]
879 2207 905 2244 ἰ.
936 2221 968 2244 e·

303 2278 370 2303 non
387 2265 573 2315 inferiores
591 2269 702 2301 erant.
737 2266 852 2302 Cuius
873 2277 970 2301 con-

303 2323 462 2359 trarium
482 2323 620 2372 legitur
639 2323 709 2369 IX,
735 2325 789 2362 70
807 2334 817 2358 :
848 2320 969 2360 πλέον

305 2375 413 2429 εἶχον
448 2382 641 2429 superiores
675 2381 788 2417 erant.
819 2401 874 2405 -
905 2377 968 2415 Ad

300 2436 538 2473 locutionem
568 2434 683 2487 ἔργον
709 2434 869 2486 ἔχεσθαι
889 2434 968 2473 vid.

302 2492 412 2538 VIII,
446 2493 802 2541 11et11‚121§.
825 2496 860 2531 1.
905 2491 967 2528 Ad

301 2562 413 2587 voces
437 2549 626 2589 ἐνθεῦτεν
643 2546 722 2599 ἤδη
743 2547 967 2601 ἑτεροιοῦτο

300 2602 343 2645 τὸ
378 2609 540 2658 πρῆγμα
571 2606 672 2644 conf.
700 2607 788 2652 VII,
820 2606 902 2647 225
933 2613 970 2643 et

302 2661 350 2699 ad
385 2665 500 2700 verba
536 2660 751 2715 φερόμενοι
780 2662 967 2703 ἐσέπεσον

301 2718 438 2757 Malth.
471 2722 539 2758 Gr.
570 2722 639 2760 Gr.
687 2721 725 2766 ξ.
764 2720 846 2762 557
877 2734 967 2772 pag.

304 2779 427 2816 1101.

359 2830 671 2885 συνεσέπιπτον]
715 2833 742 2872 i.
777 2847 812 2875 e.
861 2833 966 2873 simul

1028 1422 1101 1447 una
1117 1408 1284 1446 cumillis
1307 1410 1403 1445 intra
1417 1422 1554 1446 murum
1574 1412 1692 1447 irrue-

1028 1470 1128 1505 runt.
1163 1468 1220 1503 De
1238 1479 1310 1503 usu
1324 1467 1430 1502 verbi
1441 1466 1692 1505 Valckenaer.

1030 1524 1170 1560 excitat
1204 1524 1278 1570 ΙΙΙ,
1313 1525 1378 1563 78.
1421 1525 1605 1575 Polyaen.
1643 1526 1691 1572 Π,

1030 1580 1097 1620 35.
1126 1581 1199 1626 111,
1219 1578 1342 1619 9.45.
1373 1581 1443 1629 vl,
1480 1584 1567 1622 1.2.
1597 1581 1693 1626 Qui-

1027 1637 1097 1674 bus
1146 1635 1532 1686 Schweighaeuserus
1587 1637 1692 1676 addit

1029 1695 1167 1746 Polyb.
1197 1694 1271 1738 IV,
1290 1696 1360 1740 72,
1396 1697 1446 1735 12
1470 1702 1504 1731 et
1525 1695 1690 1745 Appian.

1028 1750 1114 1788 Iud.
1136 1752 1300 1788 Graecit.
1315 1752 1570 1788 Locutionem
1589 1750 1691 1804 πρός

1029 1803 1159 1858 ἄλκήν
1179 1807 1393 1858 τρέπεσθαι
1417 1810 1524 1858 attigi
1544 1810 1602 1856 11,
1620 1810 1688 1851 45,

1027 1865 1098 1912 IV,
1126 1866 1226 1913 1253
1251 1864 1297 1901 de
1313 1866 1504 1915 particulis
1531 1862 1689 1905 οὕτε-

1026 1936 1066 1960 τε
1082 1921 1328 1962 vid,nott.ad
1354 1922 1429 1968 VI,
1464 1925 1496 1961 1.
1525 1924 1583 1959 De
1605 1936 1692 1962 ver-

1024 1979 1074 2015 bo
1093 1977 1261 2032 ὁρμὲατο
1286 1977 1364 2017 vid.
1383 1980 1461 2028 IX,
1492 1981 1561 2020 61.

1083 2087 1166 2131 κατ’
1191 2087 1351 2143 ὀλίγους
1362 2089 1585 2146 γενόμενοι]
1601 2092 1688 2130 Vid.

1004 2156 1123 2191 nott.
1159 2148 1206 2185 ad
1227 2151 1336 2198 VIII,
1371 2154 1448 2190 113
1481 2157 1517 2186 et
1541 2148 1690 2187 Schae-

1026 2205 1096 2245 fer.
1127 2205 1175 2242 ad
1197 2208 1356 2257 Dionys.
1386 2208 1579 2243 Halicarn.
1629 2209 1688 2243 De

1025 2276 1196 2313 compos,
1231 2264 1362 2301 verbb.
1387 2276 1475 2314 pag.
1514 2263 1590 2311 44,
1622 2265 1689 2316 qui

1023 2321 1218 2370 vulgatam
1248 2322 1603 2368 interpretationem
1638 2321 1689 2358 ad

1017 2390 1154 2427 paucos
1172 2377 1310 2414 redacti
1323 2378 1427 2425 (sive,
1446 2385 1488 2414 ut
1501 2376 1687 2428 Schwgh.

1025 2433 1149 2470 reddit
1178 2434 1224 2470 ad
1257 2436 1427 2483 exiguum
1455 2435 1536 2471 licet
1564 2448 1686 2471 uume-

1024 2504 1101 2527 rnm
1131 2490 1285 2539 redacti,
1339 2490 1443 2528 idem
1473 2505 1551 2529 esse
1588 2490 1686 2528 adii-

1025 2549 1126 2584 ciens
1155 2555 1267 2599 atque
1302 2543 1427 2600 ὀλίγοι
1460 2544 1685 2599 γενόμενοι)

1023 2605 1076 2641 ita
1096 2606 1276 2655 corrigit:
1307 2606 1576 2656 manipulatim,
1608 2607 1684 2642 acie

1023 2664 1152 2709 scissa,
1194 2675 1263 2698 non
1297 2665 1474 2701 continua.
1508 2685 1559 2690 ——
1619 2661 1683 2698 Ad

1023 2720 1229 2770 particulae
1251 2719 1329 2759 αἰεὶ
1344 2721 1558 2770 elegantem
1570 2731 1682 2756 usum

1022 2778 1062 2813 in
1087 2790 1192 2827 seqq.
1225 2776 1368 2813 attendi
1394 2778 1475 2813 vult
1492 2774 1679 2814 Valcken-

1023 2834 1222 2872 conferens
1235 2834 1300 2885 IV,
1333 2836 1412 2875 162
1434 2834 1564 2886 ibique
1586 2838 1681 2870 nott.
