<?xml version="1.0" encoding="UTF-8"?>
<!DOCTYPE html PUBLIC "-//W3C//DTD XHTML 1.0 Transitional//EN"
    "http://www.w3.org/TR/xhtml1/DTD/xhtml1-transitional.dtd">
<html xmlns="http://www.w3.org/1999/xhtml" xml:lang="en" lang="en">
 <head>
  <title>
</title>
<meta http-equiv="Content-Type" content="text/html;charset=utf-8" />
  <meta name='ocr-system' content='tesseract 3.04.00' />
  <meta name='ocr-capabilities' content='ocr_page ocr_carea ocr_par ocr_line ocrx_word'/>
</head>
<body>
  <div class='ocr_page' id='page_1' title='image "./musaeher04hero/musaeher04hero_0259.png"; bbox 0 0 1839 3292; ppageno 0'>
   <div class='ocr_carea' id='block_1_1' title="bbox 472 210 1402 255">
    <p class='ocr_par' dir='ltr' id='par_1_1' title="bbox 472 210 1402 255">
     <span class='ocr_line' id='line_1_1' title="bbox 472 210 1402 255; baseline 0.009 -8"><span class='ocrx_word' id='word_1_1' title='bbox 472 210 929 248; x_wconf 86' lang='lat' dir='ltr'><strong>CALLIOPE.</strong></span> <span class='ocrx_word' id='word_1_2' title='bbox 984 211 1065 248; x_wconf 88' lang='lat' dir='ltr'>IX.</span> <span class='ocrx_word' id='word_1_3' title='bbox 1318 215 1402 255; x_wconf 86' lang='lat'>251</span> 
     </span>
    </p>
   </div>
   <div class='ocr_carea' id='block_1_2' title="bbox 153 317 1405 374">
    <p class='ocr_par' dir='ltr' id='par_1_2' title="bbox 153 317 1405 374">
     <span class='ocr_line' id='line_1_2' title="bbox 153 317 1405 374; baseline -0.004 -7"><span class='ocrx_word' id='word_1_4' title='bbox 153 323 292 372; x_wconf 76' lang='grc' dir='ltr'><em>ἐόντες</em></span> <span class='ocrx_word' id='word_1_5' title='bbox 321 319 512 374; x_wconf 68' lang='grc' dir='ltr'><em>ἀριθμὸν</em></span> <span class='ocrx_word' id='word_1_6' title='bbox 539 323 650 372; x_wconf 81' lang='grc' dir='ltr'><em>τρεῖς</em></span> <span class='ocrx_word' id='word_1_7' title='bbox 673 336 716 362; x_wconf 86' lang='grc' dir='ltr'>τε</span> <span class='ocrx_word' id='word_1_8' title='bbox 745 318 978 374; x_wconf 73' lang='grc' dir='ltr'><em>μυριάδες,</em></span> <span class='ocrx_word' id='word_1_9' title='bbox 1017 319 1089 362; x_wconf 82' lang='grc' dir='ltr'>καὶ</span> <span class='ocrx_word' id='word_1_10' title='bbox 1121 317 1232 361; x_wconf 73' lang='grc' dir='ltr'><em>ὀκτώ</em></span> <span class='ocrx_word' id='word_1_11' title='bbox 1263 320 1405 374; x_wconf 78' lang='grc' dir='ltr'><em>χιλιά-</em></span> 
     </span>
    </p>
   </div>
   <div class='ocr_carea' id='block_1_3' title="bbox 126 387 806 440">
    <p class='ocr_par' dir='ltr' id='par_1_3' title="bbox 126 387 806 440">
     <span class='ocr_line' id='line_1_3' title="bbox 126 387 806 440; baseline -0.003 -8"><span class='ocrx_word' id='word_1_12' title='bbox 126 394 245 440; x_wconf 71' lang='grc' dir='ltr'><em>Ξδες,</em></span> <span class='ocrx_word' id='word_1_13' title='bbox 280 389 352 431; x_wconf 87' lang='grc' dir='ltr'>καὶ</span> <span class='ocrx_word' id='word_1_14' title='bbox 382 387 661 438; x_wconf 77' lang='grc' dir='ltr'><em>ἑκατοντάδες</em></span> <span class='ocrx_word' id='word_1_15' title='bbox 690 387 806 430; x_wconf 78' lang='grc' dir='ltr'><em>ἑπτά.</em></span> 
     </span>
    </p>
   </div>
   <div class='ocr_carea' id='block_1_4' title="bbox 866 386 1405 440">
    <p class='ocr_par' dir='ltr' id='par_1_4' title="bbox 866 386 1405 440">
     <span class='ocr_line' id='line_1_4' title="bbox 866 386 1405 440; baseline -0.002 -10"><span class='ocrx_word' id='word_1_16' title='bbox 866 387 1035 430; x_wconf 77' lang='grc' dir='ltr'><strong><em>ὁπλῖται</em></strong></span> <span class='ocrx_word' id='word_1_17' title='bbox 1065 386 1142 440; x_wconf 75' lang='grc' dir='ltr'>μὲν</span> <span class='ocrx_word' id='word_1_18' title='bbox 1177 387 1221 428; x_wconf 82' lang='grc' dir='ltr'>οἷ</span> <span class='ocrx_word' id='word_1_19' title='bbox 1248 386 1405 438; x_wconf 80' lang='grc' dir='ltr'><em>πάντες</em></span> 
     </span>
    </p>
   </div>
   <div class='ocr_carea' id='block_1_5' title="bbox 122 453 1465 982">
    <p class='ocr_par' dir='ltr' id='par_1_5' title="bbox 122 453 1465 982">
     <span class='ocr_line' id='line_1_5' title="bbox 153 453 1407 511; baseline -0.002 -11"><span class='ocrx_word' id='word_1_20' title='bbox 153 456 421 508; x_wconf 77' lang='grc' dir='ltr'><em>συλλεγέντες</em></span> <span class='ocrx_word' id='word_1_21' title='bbox 449 454 516 497; x_wconf 79' lang='grc' dir='ltr'>ἐπὶ</span> <span class='ocrx_word' id='word_1_22' title='bbox 545 453 622 498; x_wconf 82' lang='grc' dir='ltr'>τὸν</span> <span class='ocrx_word' id='word_1_23' title='bbox 640 455 876 511; x_wconf 80' lang='grc' dir='ltr'><em>βάρβαρον,</em></span> <span class='ocrx_word' id='word_1_24' title='bbox 905 466 1016 509; x_wconf 82' lang='grc' dir='ltr'><em>ησαν</em></span> <span class='ocrx_word' id='word_1_25' title='bbox 1045 458 1262 497; x_wconf 86' lang='grc' dir='ltr'><em>τοσοῦτοι.</em></span> <span class='ocrx_word' id='word_1_26' title='bbox 1330 459 1407 498; x_wconf 80' lang='grc' dir='ltr'>Ψι-</span> 
     </span>
     <span class='ocr_line' id='line_1_6' title="bbox 149 517 1461 580; baseline -0.002 -14"><span class='ocrx_word' id='word_1_27' title='bbox 149 527 238 567; x_wconf 79' lang='grc' dir='ltr'>λῶν</span> <span class='ocrx_word' id='word_1_28' title='bbox 269 523 314 566; x_wconf 74' lang='grc' dir='ltr'>δὲ</span> <span class='ocrx_word' id='word_1_29' title='bbox 343 526 515 576; x_wconf 77' lang='grc' dir='ltr'><em>πλῆθος</em></span> <span class='ocrx_word' id='word_1_30' title='bbox 543 517 598 577; x_wconf 83' lang='grc' dir='ltr'>ἦν</span> <span class='ocrx_word' id='word_1_31' title='bbox 625 521 736 564; x_wconf 87' lang='grc' dir='ltr'><em>τόδε.</em></span> <span class='ocrx_word' id='word_1_32' title='bbox 773 525 846 577; x_wconf 85' lang='grc' dir='ltr'>τῆς</span> <span class='ocrx_word' id='word_1_33' title='bbox 874 522 952 576; x_wconf 80' lang='grc' dir='ltr'>μὲν</span> <span class='ocrx_word' id='word_1_34' title='bbox 982 525 1306 578; x_wconf 79' lang='grc' dir='ltr'><em>Σπαρτιητικῆς</em></span> <span class='ocrx_word' id='word_1_35' title='bbox 1334 521 1461 580; x_wconf 66' lang='grc' dir='ltr'>τοί-35</span> 
     </span>
     <span class='ocr_line' id='line_1_7' title="bbox 151 586 1407 644; baseline 0 -12"><span class='ocrx_word' id='word_1_36' title='bbox 151 592 239 642; x_wconf 82' lang='grc' dir='ltr'><em>ξιος</em></span> <span class='ocrx_word' id='word_1_37' title='bbox 267 591 599 644; x_wconf 80' lang='grc' dir='ltr'><em>πεντακισχίλιοι</em></span> <span class='ocrx_word' id='word_1_38' title='bbox 627 590 702 631; x_wconf 83' lang='grc' dir='ltr'>καὶ</span> <span class='ocrx_word' id='word_1_39' title='bbox 727 588 973 643; x_wconf 74' lang='grc' dir='ltr'><em>τρισμύριοι</em></span> <span class='ocrx_word' id='word_1_40' title='bbox 1006 586 1179 638; x_wconf 83' lang='grc' dir='ltr'><em>ἄνδρες,</em></span> <span class='ocrx_word' id='word_1_41' title='bbox 1218 587 1277 638; x_wconf 72' lang='grc' dir='ltr'>ὥς</span> <span class='ocrx_word' id='word_1_42' title='bbox 1303 587 1407 632; x_wconf 79' lang='grc' dir='ltr'><em>ἐόν-</em></span> 
     </span>
     <span class='ocr_line' id='line_1_8' title="bbox 151 653 1408 709; baseline -0.002 -9"><span class='ocrx_word' id='word_1_43' title='bbox 151 674 237 700; x_wconf 88' lang='grc' dir='ltr'>των</span> <span class='ocrx_word' id='word_1_44' title='bbox 267 656 369 700; x_wconf 62' lang='lat' dir='ltr'>{mo}</span> <span class='ocrx_word' id='word_1_45' title='bbox 399 657 496 709; x_wconf 79' lang='grc' dir='ltr'><em>περὶ</em></span> <span class='ocrx_word' id='word_1_46' title='bbox 525 656 707 698; x_wconf 77' lang='grc' dir='ltr'><em>ἕκαστον</em></span> <span class='ocrx_word' id='word_1_47' title='bbox 735 655 896 708; x_wconf 77' lang='grc' dir='ltr'><em>ἄνδρα·</em></span> <span class='ocrx_word' id='word_1_48' title='bbox 927 655 1001 698; x_wconf 87' lang='grc' dir='ltr'>καὶ</span> <span class='ocrx_word' id='word_1_49' title='bbox 1029 653 1197 696; x_wconf 87' lang='grc' dir='ltr'><em>τούτων</em></span> <span class='ocrx_word' id='word_1_50' title='bbox 1229 658 1314 705; x_wconf 76' lang='grc' dir='ltr'>πᾶς</span> <span class='ocrx_word' id='word_1_51' title='bbox 1343 671 1408 706; x_wconf 86' lang='grc' dir='ltr'>τις</span> 
     </span>
     <span class='ocr_line' id='line_1_9' title="bbox 122 722 1409 779; baseline 0 -14"><span class='ocrx_word' id='word_1_52' title='bbox 122 730 145 764; x_wconf 79' lang='lat'><strong>3</strong></span> <span class='ocrx_word' id='word_1_53' title='bbox 156 723 401 779; x_wconf 76' lang='grc' dir='ltr'><em>παρήρτητο</em></span> <span class='ocrx_word' id='word_1_54' title='bbox 416 722 472 774; x_wconf 73' lang='grc' dir='ltr'>ὥς</span> <span class='ocrx_word' id='word_1_55' title='bbox 485 724 525 774; x_wconf 81' lang='grc' dir='ltr'>ἐς</span> <span class='ocrx_word' id='word_1_56' title='bbox 534 723 736 776; x_wconf 85' lang='grc' dir='ltr'><em>πόλεμον.</em></span> <span class='ocrx_word' id='word_1_57' title='bbox 768 725 810 765; x_wconf 83' lang='grc' dir='ltr'>οἱ</span> <span class='ocrx_word' id='word_1_58' title='bbox 822 725 866 766; x_wconf 83' lang='grc' dir='ltr'>δὲ</span> <span class='ocrx_word' id='word_1_59' title='bbox 877 726 961 765; x_wconf 80' lang='grc' dir='ltr'>τῶν</span> <span class='ocrx_word' id='word_1_60' title='bbox 971 724 1409 777; x_wconf 77' lang='grc' dir='ltr'><em>λοιπῶνΛακεδαιμο-</em></span> 
     </span>
     <span class='ocr_line' id='line_1_10' title="bbox 152 788 1407 845; baseline -0.002 -12"><span class='ocrx_word' id='word_1_61' title='bbox 152 793 259 833; x_wconf 82' lang='grc' dir='ltr'><em>νίων</em></span> <span class='ocrx_word' id='word_1_62' title='bbox 269 788 561 845; x_wconf 83' lang='grc' dir='ltr'><em>καὶἙλλήνων</em></span> <span class='ocrx_word' id='word_1_63' title='bbox 570 791 701 843; x_wconf 81' lang='grc' dir='ltr'><em>ψιλοὶ,</em></span> <span class='ocrx_word' id='word_1_64' title='bbox 716 789 771 841; x_wconf 80' lang='grc' dir='ltr'>ὦς</span> <span class='ocrx_word' id='word_1_65' title='bbox 785 788 842 841; x_wconf 83' lang='grc' dir='ltr'>εἷς</span> <span class='ocrx_word' id='word_1_66' title='bbox 855 790 952 843; x_wconf 89' lang='grc' dir='ltr'><em>περὶ</em></span> <span class='ocrx_word' id='word_1_67' title='bbox 965 788 1238 833; x_wconf 75' lang='grc' dir='ltr'><em>ἔκαστονέὠν</em></span> <span class='ocrx_word' id='word_1_68' title='bbox 1252 788 1407 844; x_wconf 76' lang='grc' dir='ltr'><em>ἄνδρα,</em></span> 
     </span>
     <span class='ocr_line' id='line_1_11' title="bbox 124 851 1406 913; baseline 0 -15"><span class='ocrx_word' id='word_1_69' title='bbox 124 856 431 901; x_wconf 83' lang='grc' dir='ltr'><em>4πεντακόσιοι</em></span> <span class='ocrx_word' id='word_1_70' title='bbox 446 858 519 901; x_wconf 87' lang='grc' dir='ltr'>καὶ</span> <span class='ocrx_word' id='word_1_71' title='bbox 542 860 866 913; x_wconf 86' lang='grc' dir='ltr'><em>τετρακισχίλιοι</em></span> <span class='ocrx_word' id='word_1_72' title='bbox 889 858 961 901; x_wconf 84' lang='grc' dir='ltr'>καὶ</span> <span class='ocrx_word' id='word_1_73' title='bbox 998 856 1247 911; x_wconf 84' lang='grc' dir='ltr'><em>τρισμύριοι</em></span> <span class='ocrx_word' id='word_1_74' title='bbox 1279 851 1406 909; x_wconf 82' lang='grc' dir='ltr'><em>ἦσαν.</em></span> 
     </span>
     <span class='ocr_line' id='line_1_12' title="bbox 150 919 1465 982; baseline -0.002 -16"><span class='ocrx_word' id='word_1_75' title='bbox 150 928 290 976; x_wconf 77' lang='grc' dir='ltr'><em>ψιλῶν</em></span> <span class='ocrx_word' id='word_1_76' title='bbox 333 925 412 980; x_wconf 82' lang='grc' dir='ltr'>μὲν</span> <span class='ocrx_word' id='word_1_77' title='bbox 442 925 495 982; x_wconf 81' lang='grc' dir='ltr'>δὴ</span> <span class='ocrx_word' id='word_1_78' title='bbox 523 929 611 968; x_wconf 78' lang='grc' dir='ltr'>τῶν</span> <span class='ocrx_word' id='word_1_79' title='bbox 631 924 835 969; x_wconf 80' lang='grc' dir='ltr'><em>ἁπάντων</em></span> <span class='ocrx_word' id='word_1_80' title='bbox 862 926 1060 982; x_wconf 85' lang='grc' dir='ltr'><em>μαχίμων</em></span> <span class='ocrx_word' id='word_1_81' title='bbox 1088 919 1144 980; x_wconf 80' lang='grc' dir='ltr'>ἦν</span> <span class='ocrx_word' id='word_1_82' title='bbox 1171 923 1221 967; x_wconf 89' lang='grc' dir='ltr'>τὸ</span> <span class='ocrx_word' id='word_1_83' title='bbox 1243 925 1465 979; x_wconf 80' lang='grc' dir='ltr'><em>πλῆθος4ο</em></span> 
     </span>
    </p>
   </div>
   <div class='ocr_carea' id='block_1_6' title="bbox 97 1106 761 2621">
    <p class='ocr_par' dir='ltr' id='par_1_6' title="bbox 97 1106 759 2455">
     <span class='ocr_line' id='line_1_13' title="bbox 97 1106 752 1158; baseline 0.002 -14"><span class='ocrx_word' id='word_1_84' title='bbox 97 1106 171 1145; x_wconf 87' lang='lat' dir='ltr'>hoc</span> <span class='ocrx_word' id='word_1_85' title='bbox 200 1122 361 1146; x_wconf 88' lang='lat' dir='ltr'>numero</span> <span class='ocrx_word' id='word_1_86' title='bbox 390 1107 512 1158; x_wconf 77' lang='lat' dir='ltr'>gravis</span> <span class='ocrx_word' id='word_1_87' title='bbox 541 1114 752 1145; x_wconf 80' lang='lat' dir='ltr'>armaturae</span> 
     </span>
     <span class='ocr_line' id='line_1_14' title="bbox 98 1163 753 1213; baseline 0.002 -12"><span class='ocrx_word' id='word_1_88' title='bbox 98 1166 261 1201; x_wconf 87' lang='lat' dir='ltr'>militum</span> <span class='ocrx_word' id='word_1_89' title='bbox 274 1168 436 1213; x_wconf 80' lang='lat'>38‚700,</span> <span class='ocrx_word' id='word_1_90' title='bbox 453 1163 546 1200; x_wconf 88' lang='lat' dir='ltr'>nihil</span> <span class='ocrx_word' id='word_1_91' title='bbox 560 1166 679 1202; x_wconf 87' lang='lat' dir='ltr'>inesse</span> <span class='ocrx_word' id='word_1_92' title='bbox 695 1166 753 1202; x_wconf 65' lang='grc' dir='ltr'>η’-</span> 
     </span>
     <span class='ocr_line' id='line_1_15' title="bbox 99 1221 754 1272; baseline 0 -14"><span class='ocrx_word' id='word_1_93' title='bbox 99 1222 141 1258; x_wconf 88' lang='lat' dir='ltr'>tii</span> <span class='ocrx_word' id='word_1_94' title='bbox 169 1222 287 1272; x_wconf 87' lang='lat' dir='ltr'>liquet</span> <span class='ocrx_word' id='word_1_95' title='bbox 317 1235 336 1257; x_wconf 96' lang='lat' dir='ltr'>e</span> <span class='ocrx_word' id='word_1_96' title='bbox 367 1221 632 1271; x_wconf 74' lang='lat' dir='ltr'>seqnenfibus3</span> <span class='ocrx_word' id='word_1_97' title='bbox 673 1222 754 1272; x_wconf 83' lang='lat' dir='ltr'>pri-</span> 
     </span>
     <span class='ocr_line' id='line_1_16' title="bbox 99 1276 752 1327; baseline 0.006 -14"><span class='ocrx_word' id='word_1_98' title='bbox 99 1290 209 1313; x_wconf 89' lang='lat' dir='ltr'>mum</span> <span class='ocrx_word' id='word_1_99' title='bbox 234 1279 335 1313; x_wconf 90' lang='lat' dir='ltr'>enim</span> <span class='ocrx_word' id='word_1_100' title='bbox 364 1284 512 1327; x_wconf 83' lang='lat' dir='ltr'>praeter</span> <span class='ocrx_word' id='word_1_101' title='bbox 536 1278 618 1314; x_wconf 89' lang='lat' dir='ltr'>illos</span> <span class='ocrx_word' id='word_1_102' title='bbox 638 1276 752 1326; x_wconf 82' lang='grc' dir='ltr'><em>ψιλοὶ</em></span> 
     </span>
     <span class='ocr_line' id='line_1_17' title="bbox 99 1334 756 1383; baseline 0 -14"><span class='ocrx_word' id='word_1_103' title='bbox 99 1341 361 1370; x_wconf 84' lang='lat' dir='ltr'>memorantur</span> <span class='ocrx_word' id='word_1_104' title='bbox 371 1334 652 1383; x_wconf 85' lang='lat' dir='ltr'>cumSpartanis</span> <span class='ocrx_word' id='word_1_105' title='bbox 664 1335 756 1370; x_wconf 91' lang='lat' dir='ltr'>mis-</span> 
     </span>
     <span class='ocr_line' id='line_1_18' title="bbox 99 1391 754 1436; baseline 0.002 -11"><span class='ocrx_word' id='word_1_106' title='bbox 99 1391 130 1426; x_wconf 89' lang='lat' dir='ltr'>si</span> <span class='ocrx_word' id='word_1_107' title='bbox 157 1391 308 1426; x_wconf 80' lang='lat' dir='ltr'>Helotes</span> <span class='ocrx_word' id='word_1_108' title='bbox 328 1391 488 1436; x_wconf 83' lang='lat'>35,000‚</span> <span class='ocrx_word' id='word_1_109' title='bbox 509 1396 592 1425; x_wconf 83' lang='lat' dir='ltr'>tum</span> <span class='ocrx_word' id='word_1_110' title='bbox 614 1397 754 1426; x_wconf 83' lang='lat' dir='ltr'>cetero-</span> 
     </span>
     <span class='ocr_line' id='line_1_19' title="bbox 99 1444 754 1493; baseline 0.002 -11"><span class='ocrx_word' id='word_1_111' title='bbox 99 1459 187 1482; x_wconf 89' lang='lat' dir='ltr'>rum</span> <span class='ocrx_word' id='word_1_112' title='bbox 207 1447 436 1482; x_wconf 81' lang='lat' dir='ltr'>Graecorum</span> <span class='ocrx_word' id='word_1_113' title='bbox 457 1444 569 1493; x_wconf 79' lang='grc' dir='ltr'><em>ψιλοὶ</em></span> <span class='ocrx_word' id='word_1_114' title='bbox 591 1444 754 1489; x_wconf 79' lang='lat'><strong>34‚500.</strong></span> 
     </span>
     <span class='ocr_line' id='line_1_20' title="bbox 101 1501 754 1550; baseline 0.006 -12"><span class='ocrx_word' id='word_1_115' title='bbox 101 1502 151 1539; x_wconf 92' lang='lat' dir='ltr'>Hi</span> <span class='ocrx_word' id='word_1_116' title='bbox 172 1503 334 1539; x_wconf 82' lang='lat' dir='ltr'>universi</span> <span class='ocrx_word' id='word_1_117' title='bbox 346 1501 550 1538; x_wconf 86' lang='lat' dir='ltr'>conficiunt</span> <span class='ocrx_word' id='word_1_118' title='bbox 566 1504 754 1550; x_wconf 73' lang='lat' dir='ltr'>108‚QOO,</span> 
     </span>
     <span class='ocr_line' id='line_1_21' title="bbox 101 1556 754 1609; baseline -0.002 -15"><span class='ocrx_word' id='word_1_119' title='bbox 101 1559 236 1609; x_wconf 87' lang='lat' dir='ltr'>quibus</span> <span class='ocrx_word' id='word_1_120' title='bbox 261 1557 427 1594; x_wconf 85' lang='lat' dir='ltr'>adiuncti</span> <span class='ocrx_word' id='word_1_121' title='bbox 460 1556 616 1594; x_wconf 85' lang='lat' dir='ltr'>tandem</span> <span class='ocrx_word' id='word_1_122' title='bbox 649 1559 754 1597; x_wconf 83' lang='lat'>1800</span> 
     </span>
     <span class='ocr_line' id='line_1_22' title="bbox 102 1613 754 1665; baseline 0 -15"><span class='ocrx_word' id='word_1_123' title='bbox 102 1613 353 1665; x_wconf 84' lang='lat' dir='ltr'>Thespienses</span> <span class='ocrx_word' id='word_1_124' title='bbox 390 1627 584 1651; x_wconf 86' lang='lat' dir='ltr'>summam</span> <span class='ocrx_word' id='word_1_125' title='bbox 614 1614 754 1664; x_wconf 89' lang='lat' dir='ltr'>imple-</span> 
     </span>
     <span class='ocr_line' id='line_1_23' title="bbox 101 1669 757 1718; baseline -0.011 -6"><span class='ocrx_word' id='word_1_126' title='bbox 101 1671 193 1708; x_wconf 72' lang='lat' dir='ltr'>bant</span> <span class='ocrx_word' id='word_1_127' title='bbox 217 1672 400 1718; x_wconf 83' lang='lat' dir='ltr'><strong>110‚OOO.</strong></span> <span class='ocrx_word' id='word_1_128' title='bbox 437 1671 538 1718; x_wconf 80' lang='lat' dir='ltr'>[Qui</span> <span class='ocrx_word' id='word_1_129' title='bbox 558 1669 660 1707; x_wconf 89' lang='lat' dir='ltr'>idem</span> <span class='ocrx_word' id='word_1_130' title='bbox 680 1683 757 1706; x_wconf 89' lang='lat' dir='ltr'>nu-</span> 
     </span>
     <span class='ocr_line' id='line_1_24' title="bbox 101 1726 756 1777; baseline 0 -13"><span class='ocrx_word' id='word_1_131' title='bbox 101 1740 226 1764; x_wconf 89' lang='lat' dir='ltr'>merus</span> <span class='ocrx_word' id='word_1_132' title='bbox 236 1726 359 1777; x_wconf 87' lang='lat' dir='ltr'>prodit</span> <span class='ocrx_word' id='word_1_133' title='bbox 370 1740 418 1763; x_wconf 87' lang='lat' dir='ltr'>ex</span> <span class='ocrx_word' id='word_1_134' title='bbox 430 1726 756 1764; x_wconf 74' lang='lat' dir='ltr'>accurataBrond-</span> 
     </span>
     <span class='ocr_line' id='line_1_25' title="bbox 102 1783 755 1834; baseline 0.002 -15"><span class='ocrx_word' id='word_1_135' title='bbox 102 1783 211 1820; x_wconf 92' lang='lat' dir='ltr'>stedii</span> <span class='ocrx_word' id='word_1_136' title='bbox 231 1784 447 1820; x_wconf 86' lang='lat' dir='ltr'>recensione</span> <span class='ocrx_word' id='word_1_137' title='bbox 471 1784 489 1819; x_wconf 97' lang='lat' dir='ltr'>I</span> <span class='ocrx_word' id='word_1_138' title='bbox 509 1797 546 1834; x_wconf 88' lang='lat' dir='ltr'>p.</span> <span class='ocrx_word' id='word_1_139' title='bbox 569 1783 648 1824; x_wconf 87' lang='grc'>105</span> <span class='ocrx_word' id='word_1_140' title='bbox 669 1784 755 1820; x_wconf 89' lang='lat' dir='ltr'>coll.</span> 
     </span>
     <span class='ocr_line' id='line_1_26' title="bbox 104 1838 755 1890; baseline 0.002 -14"><span class='ocrx_word' id='word_1_141' title='bbox 104 1841 269 1876; x_wconf 83' lang='lat' dir='ltr'>Clinton.</span> <span class='ocrx_word' id='word_1_142' title='bbox 288 1842 387 1877; x_wconf 86' lang='lat' dir='ltr'>Fast.</span> <span class='ocrx_word' id='word_1_143' title='bbox 406 1841 553 1879; x_wconf 87' lang='lat' dir='ltr'>Hellen.</span> <span class='ocrx_word' id='word_1_144' title='bbox 583 1854 619 1890; x_wconf 89' lang='lat' dir='ltr'>p.</span> <span class='ocrx_word' id='word_1_145' title='bbox 640 1838 755 1888; x_wconf 69' lang='lat'>427]</span> 
     </span>
     <span class='ocr_line' id='line_1_27' title="bbox 104 1893 756 1947; baseline 0.005 -15"><span class='ocrx_word' id='word_1_146' title='bbox 104 1895 316 1933; x_wconf 89' lang='lat' dir='ltr'>Herodotus</span> <span class='ocrx_word' id='word_1_147' title='bbox 337 1896 434 1932; x_wconf 80' lang='lat' dir='ltr'>infra</span> <span class='ocrx_word' id='word_1_148' title='bbox 456 1897 556 1947; x_wconf 88' lang='lat' dir='ltr'>[cap.</span> <span class='ocrx_word' id='word_1_149' title='bbox 576 1895 650 1946; x_wconf 85' lang='lat'>30]</span> <span class='ocrx_word' id='word_1_150' title='bbox 682 1893 756 1935; x_wconf 87' lang='grc' dir='ltr'>συν</span> 
     </span>
     <span class='ocr_line' id='line_1_28' title="bbox 108 1951 758 2003; baseline 0.002 -13"><span class='ocrx_word' id='word_1_151' title='bbox 108 1951 307 1991; x_wconf 79' lang='grc' dir='ltr'><em>Θεσπιέων</em></span> <span class='ocrx_word' id='word_1_152' title='bbox 339 1956 441 1991; x_wconf 88' lang='grc' dir='ltr'><em>τοῖσι</em></span> <span class='ocrx_word' id='word_1_153' title='bbox 462 1955 653 2003; x_wconf 83' lang='grc' dir='ltr'><em>παρεοῦσι</em></span> <span class='ocrx_word' id='word_1_154' title='bbox 680 1952 758 1998; x_wconf 78' lang='grc' dir='ltr'><em>ἒξε-</em></span> 
     </span>
     <span class='ocr_line' id='line_1_29' title="bbox 105 2007 759 2060; baseline 0.002 -14"><span class='ocrx_word' id='word_1_155' title='bbox 105 2011 328 2060; x_wconf 75' lang='grc' dir='ltr'><em>πληροῦντο</em></span> <span class='ocrx_word' id='word_1_156' title='bbox 362 2008 407 2047; x_wconf 81' lang='grc' dir='ltr'>αἵ</span> <span class='ocrx_word' id='word_1_157' title='bbox 442 2007 581 2048; x_wconf 84' lang='grc' dir='ltr'><em>ε’νδεκα</em></span> <span class='ocrx_word' id='word_1_158' title='bbox 615 2024 759 2059; x_wconf 86' lang='grc' dir='ltr'><em>μυρια-</em></span> 
     </span>
     <span class='ocr_line' id='line_1_30' title="bbox 106 2063 758 2110; baseline -0.002 -7"><span class='ocrx_word' id='word_1_159' title='bbox 106 2065 183 2110; x_wconf 63' lang='lat' dir='ltr'>deq.</span> <span class='ocrx_word' id='word_1_160' title='bbox 214 2066 270 2100; x_wconf 89' lang='lat' dir='ltr'>De</span> <span class='ocrx_word' id='word_1_161' title='bbox 291 2063 347 2102; x_wconf 82' lang='lat' dir='ltr'>his</span> <span class='ocrx_word' id='word_1_162' title='bbox 369 2066 548 2102; x_wconf 83' lang='lat' dir='ltr'>Graeciae</span> <span class='ocrx_word' id='word_1_163' title='bbox 577 2066 758 2102; x_wconf 79' lang='lat' dir='ltr'><strong>libertatis</strong></span> 
     </span>
     <span class='ocr_line' id='line_1_31' title="bbox 105 2121 759 2171; baseline 0 -13"><span class='ocrx_word' id='word_1_164' title='bbox 105 2122 301 2158; x_wconf 82' lang='lat' dir='ltr'>statoribus</span> <span class='ocrx_word' id='word_1_165' title='bbox 322 2121 656 2171; x_wconf 80' lang='lat' dir='ltr'>intelligoDiodor.</span> <span class='ocrx_word' id='word_1_166' title='bbox 679 2123 759 2159; x_wconf 90' lang='lat' dir='ltr'>Sic.</span> 
     </span>
     <span class='ocr_line' id='line_1_32' title="bbox 105 2178 759 2230; baseline 0.002 -16"><span class='ocrx_word' id='word_1_167' title='bbox 105 2178 173 2225; x_wconf 86' lang='lat' dir='ltr'>XI,</span> <span class='ocrx_word' id='word_1_168' title='bbox 195 2180 273 2218; x_wconf 79' lang='lat'>30.‘</span> <span class='ocrx_word' id='word_1_169' title='bbox 264 2179 288 2198; x_wconf 74' lang='lat'>‘⁶</span> <span class='ocrx_word' id='word_1_170' title='bbox 310 2201 361 2205; x_wconf 97' lang='lat'><strong>—</strong></span> <span class='ocrx_word' id='word_1_171' title='bbox 409 2179 453 2214; x_wconf 93' lang='lat' dir='ltr'>In</span> <span class='ocrx_word' id='word_1_172' title='bbox 473 2192 579 2230; x_wconf 86' lang='lat' dir='ltr'>seqq.</span> <span class='ocrx_word' id='word_1_173' title='bbox 599 2179 759 2216; x_wconf 85' lang='lat' dir='ltr'>verbum</span> 
     </span>
     <span class='ocr_line' id='line_1_33' title="bbox 107 2232 758 2285; baseline 0.002 -14"><span class='ocrx_word' id='word_1_174' title='bbox 107 2248 330 2285; x_wconf 77' lang='grc' dir='ltr'><em>παρηρτητο</em></span> <span class='ocrx_word' id='word_1_175' title='bbox 360 2232 448 2271; x_wconf 89' lang='lat' dir='ltr'>hinc</span> <span class='ocrx_word' id='word_1_176' title='bbox 475 2237 595 2285; x_wconf 82' lang='lat' dir='ltr'>attigit</span> <span class='ocrx_word' id='word_1_177' title='bbox 615 2236 758 2276; x_wconf 86' lang='lat' dir='ltr'>Iacobs.</span> 
     </span>
     <span class='ocr_line' id='line_1_34' title="bbox 109 2288 759 2339; baseline 0.005 -14"><span class='ocrx_word' id='word_1_178' title='bbox 109 2288 157 2325; x_wconf 84' lang='lat' dir='ltr'>ad</span> <span class='ocrx_word' id='word_1_179' title='bbox 176 2291 321 2327; x_wconf 87' lang='lat' dir='ltr'>Aelian.</span> <span class='ocrx_word' id='word_1_180' title='bbox 341 2292 388 2326; x_wconf 91' lang='lat' dir='ltr'>N.</span> <span class='ocrx_word' id='word_1_181' title='bbox 403 2292 450 2327; x_wconf 87' lang='lat' dir='ltr'>A.</span> <span class='ocrx_word' id='word_1_182' title='bbox 470 2293 514 2339; x_wconf 90' lang='lat' dir='ltr'>V,</span> <span class='ocrx_word' id='word_1_183' title='bbox 537 2295 575 2332; x_wconf 93' lang='grc'>3.</span> <span class='ocrx_word' id='word_1_184' title='bbox 633 2293 759 2329; x_wconf 86' lang='lat' dir='ltr'>Tucf.</span> 
     </span>
     <span class='ocr_line' id='line_1_35' title="bbox 111 2344 759 2396; baseline 0.006 -16"><span class='ocrx_word' id='word_1_185' title='bbox 111 2344 159 2381; x_wconf 89' lang='lat' dir='ltr'>ad</span> <span class='ocrx_word' id='word_1_186' title='bbox 190 2344 299 2383; x_wconf 89' lang='lat' dir='ltr'>huius</span> <span class='ocrx_word' id='word_1_187' title='bbox 327 2347 431 2383; x_wconf 78' lang='lat' dir='ltr'>verbi</span> <span class='ocrx_word' id='word_1_188' title='bbox 459 2361 571 2384; x_wconf 87' lang='lat' dir='ltr'>usum</span> <span class='ocrx_word' id='word_1_189' title='bbox 590 2349 759 2396; x_wconf 76' lang='lat' dir='ltr'><strong>V11,20.</strong></span> 
     </span>
     <span class='ocr_line' id='line_1_36' title="bbox 110 2401 758 2455; baseline 0.009 -17"><span class='ocrx_word' id='word_1_190' title='bbox 110 2401 207 2448; x_wconf 87' lang='lat' dir='ltr'>VIII,</span> <span class='ocrx_word' id='word_1_191' title='bbox 234 2405 287 2443; x_wconf 86' lang='grc'>76</span> <span class='ocrx_word' id='word_1_192' title='bbox 316 2404 444 2455; x_wconf 84' lang='lat' dir='ltr'>ibique</span> <span class='ocrx_word' id='word_1_193' title='bbox 471 2406 581 2441; x_wconf 83' lang='lat' dir='ltr'>allata</span> <span class='ocrx_word' id='word_1_194' title='bbox 600 2406 669 2452; x_wconf 85' lang='lat' dir='ltr'>IX,</span> <span class='ocrx_word' id='word_1_195' title='bbox 690 2407 758 2444; x_wconf 80' lang='lat'>42.</span> 
     </span>
    </p>

    <p class='ocr_par' dir='ltr' id='par_1_7' title="bbox 113 2454 761 2618">
     <span class='ocr_line' id='line_1_37' title="bbox 169 2454 760 2510; baseline 0.01 -16"><span class='ocrx_word' id='word_1_196' title='bbox 169 2472 222 2502; x_wconf 88' lang='grc' dir='ltr'>ως</span> <span class='ocrx_word' id='word_1_197' title='bbox 262 2454 317 2504; x_wconf 82' lang='grc' dir='ltr'>εἷς</span> <span class='ocrx_word' id='word_1_198' title='bbox 357 2458 446 2510; x_wconf 87' lang='grc' dir='ltr'><em>περὶ</em></span> <span class='ocrx_word' id='word_1_199' title='bbox 480 2460 644 2500; x_wconf 72' lang='grc' dir='ltr'><em>ἕκαστον</em></span> <span class='ocrx_word' id='word_1_200' title='bbox 682 2458 760 2500; x_wconf 78' lang='grc' dir='ltr'>ἔων</span> 
     </span>
     <span class='ocr_line' id='line_1_38' title="bbox 114 2508 761 2568; baseline 0.008 -18"><span class='ocrx_word' id='word_1_201' title='bbox 114 2508 256 2562; x_wconf 74' lang='grc' dir='ltr'><em>ἄνδρα]</em></span> <span class='ocrx_word' id='word_1_202' title='bbox 291 2514 422 2561; x_wconf 82' lang='lat' dir='ltr'>„Unus</span> <span class='ocrx_word' id='word_1_203' title='bbox 434 2516 511 2565; x_wconf 86' lang='lat' dir='ltr'>fere</span> <span class='ocrx_word' id='word_1_204' title='bbox 528 2520 621 2554; x_wconf 81' lang='lat' dir='ltr'>circa</span> <span class='ocrx_word' id='word_1_205' title='bbox 641 2530 761 2568; x_wconf 80' lang='lat' dir='ltr'>quem-</span> 
     </span>
     <span class='ocr_line' id='line_1_39' title="bbox 113 2571 760 2621; baseline 0.011 -17"><span class='ocrx_word' id='word_1_206' title='bbox 113 2582 177 2618; x_wconf 81' lang='lat' dir='ltr'>que</span> <span class='ocrx_word' id='word_1_207' title='bbox 204 2571 341 2617; x_wconf 82' lang='lat' dir='ltr'>virum,</span> <span class='ocrx_word' id='word_1_208' title='bbox 369 2572 474 2609; x_wconf 87' lang='lat' dir='ltr'>fuere</span> <span class='ocrx_word' id='word_1_209' title='bbox 495 2572 559 2621; x_wconf 79' lang='lat'>34,</span> <span class='ocrx_word' id='word_1_210' title='bbox 565 2574 657 2614; x_wconf 89' lang='grc'><strong>500.</strong></span> <span class='ocrx_word' id='word_1_211' title='bbox 717 2575 760 2611; x_wconf 84' lang='lat' dir='ltr'>Si</span> 
     </span>
    </p>
   </div>
   <div class='ocr_carea' id='block_1_7' title="bbox 114 2625 762 2681">
    <p class='ocr_par' dir='ltr' id='par_1_8' title="bbox 114 2625 762 2681">
     <span class='ocr_line' id='line_1_40' title="bbox 114 2625 762 2681; baseline 0.014 -22"><span class='ocrx_word' id='word_1_212' title='bbox 114 2625 283 2661; x_wconf 86' lang='lat' dir='ltr'>absolute</span> <span class='ocrx_word' id='word_1_213' title='bbox 301 2633 337 2662; x_wconf 92' lang='lat' dir='ltr'>et</span> <span class='ocrx_word' id='word_1_214' title='bbox 355 2629 433 2663; x_wconf 89' lang='lat' dir='ltr'>sine</span> <span class='ocrx_word' id='word_1_215' title='bbox 461 2632 684 2681; x_wconf 83' lang='lat' dir='ltr'>exceptione</span> <span class='ocrx_word' id='word_1_216' title='bbox 700 2629 762 2667; x_wconf 88' lang='lat' dir='ltr'>di-</span> 
     </span>
    </p>
   </div>
   <div class='ocr_carea' id='block_1_8' title="bbox 113 2682 764 2780">
    <p class='ocr_par' dir='ltr' id='par_1_9' title="bbox 113 2682 764 2780">
     <span class='ocr_line' id='line_1_41' title="bbox 114 2682 760 2736; baseline 0.014 -20"><span class='ocrx_word' id='word_1_217' title='bbox 114 2682 238 2728; x_wconf 75' lang='lat' dir='ltr'>xisset,</span> <span class='ocrx_word' id='word_1_218' title='bbox 254 2695 344 2718; x_wconf 77' lang='lat' dir='ltr'>unus</span> <span class='ocrx_word' id='word_1_219' title='bbox 363 2686 454 2722; x_wconf 78' lang='lat' dir='ltr'>circa</span> <span class='ocrx_word' id='word_1_220' title='bbox 465 2699 625 2736; x_wconf 78' lang='lat' dir='ltr'>quemque</span> <span class='ocrx_word' id='word_1_221' title='bbox 634 2690 760 2735; x_wconf 78' lang='lat' dir='ltr'>virum,</span> 
     </span>
     <span class='ocr_line' id='line_1_42' title="bbox 113 2740 764 2780; baseline 0.012 -8"><span class='ocrx_word' id='word_1_222' title='bbox 113 2750 294 2774; x_wconf 88' lang='lat' dir='ltr'>numerus</span> <span class='ocrx_word' id='word_1_223' title='bbox 312 2740 466 2776; x_wconf 84' lang='lat' dir='ltr'>istorum</span> <span class='ocrx_word' id='word_1_224' title='bbox 486 2743 616 2780; x_wconf 79' lang='lat' dir='ltr'>leviter</span> <span class='ocrx_word' id='word_1_225' title='bbox 635 2756 764 2779; x_wconf 79' lang='lat' dir='ltr'>arma-</span> 
     </span>
    </p>
   </div>
   <div class='ocr_carea' id='block_1_9' title="bbox 114 2797 764 2847">
    <p class='ocr_par' dir='ltr' id='par_1_10' title="bbox 114 2797 764 2847">
     <span class='ocr_line' id='line_1_43' title="bbox 114 2797 764 2847; baseline 0.012 -17"><span class='ocrx_word' id='word_1_226' title='bbox 114 2800 241 2831; x_wconf 86' lang='lat' dir='ltr'>torum</span> <span class='ocrx_word' id='word_1_227' title='bbox 253 2807 331 2832; x_wconf 89' lang='lat' dir='ltr'>non</span> <span class='ocrx_word' id='word_1_228' title='bbox 356 2797 427 2833; x_wconf 87' lang='lat' dir='ltr'>nisi</span> <span class='ocrx_word' id='word_1_229' title='bbox 449 2799 597 2847; x_wconf 81' lang='lat'>33,700</span> <span class='ocrx_word' id='word_1_230' title='bbox 621 2800 764 2838; x_wconf 85' lang='lat' dir='ltr'>fuisset.</span> 
     </span>
    </p>
   </div>
   <div class='ocr_carea' id='block_1_10' title="bbox 807 1104 1474 2851">
    <p class='ocr_par' dir='ltr' id='par_1_11' title="bbox 807 1104 1474 2851">
     <span class='ocr_line' id='line_1_44' title="bbox 807 1104 1464 1159; baseline -0.002 -15"><span class='ocrx_word' id='word_1_231' title='bbox 807 1109 917 1144; x_wconf 92' lang='lat' dir='ltr'>Nunc</span> <span class='ocrx_word' id='word_1_232' title='bbox 936 1107 1096 1158; x_wconf 75' lang='lat' dir='ltr'>intelligi</span> <span class='ocrx_word' id='word_1_233' title='bbox 1114 1119 1183 1158; x_wconf 84' lang='lat' dir='ltr'>par</span> <span class='ocrx_word' id='word_1_234' title='bbox 1199 1113 1253 1143; x_wconf 86' lang='lat' dir='ltr'>est</span> <span class='ocrx_word' id='word_1_235' title='bbox 1272 1104 1396 1159; x_wconf 91' lang='lat' dir='ltr'>(quod</span> <span class='ocrx_word' id='word_1_236' title='bbox 1406 1112 1464 1143; x_wconf 87' lang='lat' dir='ltr'>et-</span> 
     </span>
     <span class='ocr_line' id='line_1_45' title="bbox 807 1162 1462 1215; baseline -0.002 -15"><span class='ocrx_word' id='word_1_237' title='bbox 807 1165 885 1200; x_wconf 79' lang='lat' dir='ltr'>iam</span> <span class='ocrx_word' id='word_1_238' title='bbox 924 1165 1090 1215; x_wconf 78' lang='lat' dir='ltr'>alioquin</span> <span class='ocrx_word' id='word_1_239' title='bbox 1136 1162 1313 1199; x_wconf 87' lang='lat' dir='ltr'>credibile</span> <span class='ocrx_word' id='word_1_240' title='bbox 1354 1163 1462 1213; x_wconf 90' lang='lat' dir='ltr'>erat)</span> 
     </span>
     <span class='ocr_line' id='line_1_46' title="bbox 807 1217 1464 1266; baseline 0.002 -10"><span class='ocrx_word' id='word_1_241' title='bbox 807 1221 998 1256; x_wconf 83' lang='lat' dir='ltr'>nonnullis</span> <span class='ocrx_word' id='word_1_242' title='bbox 1028 1234 1076 1256; x_wconf 81' lang='lat' dir='ltr'>ex</span> <span class='ocrx_word' id='word_1_243' title='bbox 1095 1233 1256 1256; x_wconf 87' lang='lat' dir='ltr'>numero</span> <span class='ocrx_word' id='word_1_244' title='bbox 1280 1217 1464 1266; x_wconf 74' lang='grc' dir='ltr'><em>ὁπλιτῶν,</em></span> 
     </span>
     <span class='ocr_line' id='line_1_47' title="bbox 811 1275 1466 1328; baseline 0 -15"><span class='ocrx_word' id='word_1_245' title='bbox 811 1276 858 1313; x_wconf 90' lang='lat' dir='ltr'>de</span> <span class='ocrx_word' id='word_1_246' title='bbox 879 1278 1014 1328; x_wconf 88' lang='lat' dir='ltr'>quibus</span> <span class='ocrx_word' id='word_1_247' title='bbox 1046 1275 1107 1313; x_wconf 88' lang='lat' dir='ltr'>hic</span> <span class='ocrx_word' id='word_1_248' title='bbox 1130 1277 1272 1326; x_wconf 83' lang='lat' dir='ltr'>agitur,</span> <span class='ocrx_word' id='word_1_249' title='bbox 1304 1275 1380 1313; x_wconf 90' lang='lat' dir='ltr'>duo</span> <span class='ocrx_word' id='word_1_250' title='bbox 1401 1283 1466 1313; x_wconf 86' lang='lat' dir='ltr'>aut</span> 
     </span>
     <span class='ocr_line' id='line_1_48' title="bbox 809 1333 1465 1383; baseline 0.002 -15"><span class='ocrx_word' id='word_1_251' title='bbox 809 1334 933 1383; x_wconf 84' lang='lat' dir='ltr'>plures</span> <span class='ocrx_word' id='word_1_252' title='bbox 953 1333 1085 1368; x_wconf 81' lang='lat' dir='ltr'>leviter</span> <span class='ocrx_word' id='word_1_253' title='bbox 1100 1339 1272 1379; x_wconf 78' lang='lat' dir='ltr'>armatos,</span> <span class='ocrx_word' id='word_1_254' title='bbox 1286 1333 1365 1369; x_wconf 90' lang='lat' dir='ltr'>aliis</span> <span class='ocrx_word' id='word_1_255' title='bbox 1374 1345 1465 1369; x_wconf 81' lang='lat' dir='ltr'>vero</span> 
     </span>
     <span class='ocr_line' id='line_1_49' title="bbox 809 1388 1466 1438; baseline 0.002 -14"><span class='ocrx_word' id='word_1_256' title='bbox 809 1390 959 1425; x_wconf 86' lang='lat' dir='ltr'>nullum</span> <span class='ocrx_word' id='word_1_257' title='bbox 978 1389 1132 1424; x_wconf 83' lang='lat' dir='ltr'>fortasse</span> <span class='ocrx_word' id='word_1_258' title='bbox 1148 1395 1294 1438; x_wconf 86' lang='lat' dir='ltr'>praesto</span> <span class='ocrx_word' id='word_1_259' title='bbox 1313 1388 1466 1426; x_wconf 72' lang='lat' dir='ltr'>fuisse.“</span> 
     </span>
     <span class='ocr_line' id='line_1_50' title="bbox 812 1444 1466 1492; baseline -0.002 -10"><span class='ocrx_word' id='word_1_260' title='bbox 812 1444 1251 1492; x_wconf 78' lang='lat' dir='ltr'>Schweighaeuser.</span> <span class='ocrx_word' id='word_1_261' title='bbox 1308 1444 1370 1480; x_wconf 91' lang='lat' dir='ltr'>Ad</span> <span class='ocrx_word' id='word_1_262' title='bbox 1391 1459 1466 1481; x_wconf 87' lang='lat' dir='ltr'>nu-</span> 
     </span>
     <span class='ocr_line' id='line_1_51' title="bbox 807 1499 1466 1551; baseline 0.002 -14"><span class='ocrx_word' id='word_1_263' title='bbox 807 1514 1003 1537; x_wconf 85' lang='lat' dir='ltr'>merorum</span> <span class='ocrx_word' id='word_1_264' title='bbox 1026 1499 1190 1549; x_wconf 82' lang='lat' dir='ltr'>menda,</span> <span class='ocrx_word' id='word_1_265' title='bbox 1219 1512 1317 1551; x_wconf 83' lang='lat' dir='ltr'>quae</span> <span class='ocrx_word' id='word_1_266' title='bbox 1347 1501 1386 1536; x_wconf 91' lang='lat' dir='ltr'>in</span> <span class='ocrx_word' id='word_1_267' title='bbox 1409 1500 1466 1538; x_wconf 89' lang='lat' dir='ltr'>his</span> 
     </span>
     <span class='ocr_line' id='line_1_52' title="bbox 809 1556 1465 1608; baseline 0 -14"><span class='ocrx_word' id='word_1_268' title='bbox 809 1556 993 1594; x_wconf 75' lang='lat' dir='ltr'>Herodoti</span> <span class='ocrx_word' id='word_1_269' title='bbox 1050 1557 1152 1593; x_wconf 90' lang='lat' dir='ltr'>libris</span> <span class='ocrx_word' id='word_1_270' title='bbox 1208 1557 1465 1608; x_wconf 84' lang='lat' dir='ltr'>frequentiora</span> 
     </span>
     <span class='ocr_line' id='line_1_53' title="bbox 810 1614 1471 1664; baseline 0.003 -14"><span class='ocrx_word' id='word_1_271' title='bbox 810 1615 967 1651; x_wconf 86' lang='lat' dir='ltr'>omnino</span> <span class='ocrx_word' id='word_1_272' title='bbox 987 1615 1234 1664; x_wconf 83' lang='lat' dir='ltr'>reperiantur,</span> <span class='ocrx_word' id='word_1_273' title='bbox 1255 1614 1332 1650; x_wconf 81' lang='lat' dir='ltr'>sive</span> <span class='ocrx_word' id='word_1_274' title='bbox 1352 1614 1471 1664; x_wconf 84' lang='lat' dir='ltr'>ipsius</span> 
     </span>
     <span class='ocr_line' id='line_1_54' title="bbox 809 1670 1468 1721; baseline -0.003 -13"><span class='ocrx_word' id='word_1_275' title='bbox 809 1670 997 1721; x_wconf 87' lang='lat' dir='ltr'>scriptoris</span> <span class='ocrx_word' id='word_1_276' title='bbox 1025 1672 1102 1707; x_wconf 83' lang='lat' dir='ltr'>sive</span> <span class='ocrx_word' id='word_1_277' title='bbox 1122 1670 1363 1706; x_wconf 87' lang='lat' dir='ltr'>librariorum</span> <span class='ocrx_word' id='word_1_278' title='bbox 1384 1671 1468 1707; x_wconf 84' lang='lat' dir='ltr'>cul—-</span> 
     </span>
     <span class='ocr_line' id='line_1_55' title="bbox 809 1725 1468 1779; baseline 0.002 -16"><span class='ocrx_word' id='word_1_279' title='bbox 809 1727 881 1777; x_wconf 59' lang='lat' dir='ltr'>pa,</span> <span class='ocrx_word' id='word_1_280' title='bbox 918 1725 991 1763; x_wconf 91' lang='lat' dir='ltr'>hoc</span> <span class='ocrx_word' id='word_1_281' title='bbox 1022 1739 1175 1779; x_wconf 91' lang='lat' dir='ltr'>quoque</span> <span class='ocrx_word' id='word_1_282' title='bbox 1205 1727 1368 1763; x_wconf 86' lang='lat' dir='ltr'>relatum</span> <span class='ocrx_word' id='word_1_283' title='bbox 1386 1728 1468 1765; x_wconf 87' lang='lat' dir='ltr'>vult</span> 
     </span>
     <span class='ocr_line' id='line_1_56' title="bbox 810 1782 1468 1834; baseline -0.002 -14"><span class='ocrx_word' id='word_1_284' title='bbox 810 1783 1044 1820; x_wconf 79' lang='lat' dir='ltr'>Dalilmann.</span> <span class='ocrx_word' id='word_1_285' title='bbox 1076 1785 1115 1819; x_wconf 91' lang='lat' dir='ltr'>in</span> <span class='ocrx_word' id='word_1_286' title='bbox 1136 1782 1319 1823; x_wconf 86' lang='lat' dir='ltr'>Herodot.</span> <span class='ocrx_word' id='word_1_287' title='bbox 1340 1797 1379 1834; x_wconf 89' lang='lat' dir='ltr'>p.</span> <span class='ocrx_word' id='word_1_288' title='bbox 1401 1785 1468 1832; x_wconf 83' lang='lat'>99,</span> 
     </span>
     <span class='ocr_line' id='line_1_57' title="bbox 813 1839 1470 1893; baseline -0.002 -16"><span class='ocrx_word' id='word_1_289' title='bbox 813 1840 917 1893; x_wconf 90' lang='lat' dir='ltr'>quod</span> <span class='ocrx_word' id='word_1_290' title='bbox 935 1839 996 1876; x_wconf 90' lang='lat' dir='ltr'>hic</span> <span class='ocrx_word' id='word_1_291' title='bbox 1017 1841 1146 1877; x_wconf 82' lang='lat' dir='ltr'>velites</span> <span class='ocrx_word' id='word_1_292' title='bbox 1167 1842 1363 1888; x_wconf 76' lang='lat' dir='ltr'>octingenti</span> <span class='ocrx_word' id='word_1_293' title='bbox 1379 1841 1470 1891; x_wconf 89' lang='lat' dir='ltr'>plu-</span> 
     </span>
     <span class='ocr_line' id='line_1_58' title="bbox 812 1895 1470 1948; baseline 0.002 -16"><span class='ocrx_word' id='word_1_294' title='bbox 812 1911 881 1945; x_wconf 76' lang='lat' dir='ltr'>res,</span> <span class='ocrx_word' id='word_1_295' title='bbox 914 1909 1028 1948; x_wconf 87' lang='lat' dir='ltr'>quam</span> <span class='ocrx_word' id='word_1_296' title='bbox 1060 1899 1125 1948; x_wconf 87' lang='lat' dir='ltr'>qui</span> <span class='ocrx_word' id='word_1_297' title='bbox 1150 1910 1198 1933; x_wconf 84' lang='lat' dir='ltr'>ex</span> <span class='ocrx_word' id='word_1_298' title='bbox 1226 1898 1323 1933; x_wconf 83' lang='lat' dir='ltr'>iusta</span> <span class='ocrx_word' id='word_1_299' title='bbox 1350 1895 1470 1947; x_wconf 88' lang='lat' dir='ltr'>prod-</span> 
     </span>
     <span class='ocr_line' id='line_1_59' title="bbox 814 1954 1470 2003; baseline 0 -14"><span class='ocrx_word' id='word_1_300' title='bbox 814 1960 905 1989; x_wconf 89' lang='lat' dir='ltr'>eunt</span> <span class='ocrx_word' id='word_1_301' title='bbox 926 1954 1220 2003; x_wconf 83' lang='lat' dir='ltr'>computatione⁷</span> <span class='ocrx_word' id='word_1_302' title='bbox 1238 1966 1470 1990; x_wconf 82' lang='lat' dir='ltr'>enumeran-</span> 
     </span>
     <span class='ocr_line' id='line_1_60' title="bbox 813 2008 1471 2060; baseline -0.003 -13"><span class='ocrx_word' id='word_1_303' title='bbox 813 2017 887 2047; x_wconf 84' lang='lat' dir='ltr'>tur.</span> <span class='ocrx_word' id='word_1_304' title='bbox 939 2011 1004 2046; x_wconf 91' lang='lat' dir='ltr'>Tu</span> <span class='ocrx_word' id='word_1_305' title='bbox 1023 2009 1109 2047; x_wconf 85' lang='lat' dir='ltr'>vide</span> <span class='ocrx_word' id='word_1_306' title='bbox 1130 2017 1277 2060; x_wconf 82' lang='lat' dir='ltr'>praeter</span> <span class='ocrx_word' id='word_1_307' title='bbox 1296 2008 1471 2049; x_wconf 85' lang='lat' dir='ltr'>Boeckh.</span> 
     </span>
     <span class='ocr_line' id='line_1_61' title="bbox 815 2065 1472 2116; baseline 0 -13"><span class='ocrx_word' id='word_1_308' title='bbox 815 2068 1023 2104; x_wconf 89' lang='lat' dir='ltr'>Oeconom.</span> <span class='ocrx_word' id='word_1_309' title='bbox 1057 2065 1225 2105; x_wconf 84' lang='lat' dir='ltr'>Athenn,</span> <span class='ocrx_word' id='word_1_310' title='bbox 1256 2067 1274 2101; x_wconf 95' lang='lat' dir='ltr'>I</span> <span class='ocrx_word' id='word_1_311' title='bbox 1309 2080 1345 2116; x_wconf 91' lang='lat' dir='ltr'>p.</span> <span class='ocrx_word' id='word_1_312' title='bbox 1376 2068 1472 2107; x_wconf 79' lang='lat'><strong>276.</strong></span> 
     </span>
     <span class='ocr_line' id='line_1_62' title="bbox 813 2120 1470 2174; baseline -0.005 -11"><span class='ocrx_word' id='word_1_313' title='bbox 813 2125 908 2171; x_wconf 85' lang='grc'>278,</span> <span class='ocrx_word' id='word_1_314' title='bbox 956 2134 1072 2174; x_wconf 88' lang='lat' dir='ltr'>quem</span> <span class='ocrx_word' id='word_1_315' title='bbox 1106 2124 1196 2159; x_wconf 87' lang='lat' dir='ltr'>citat</span> <span class='ocrx_word' id='word_1_316' title='bbox 1235 2120 1470 2160; x_wconf 77' lang='lat' dir='ltr'>Dahlmann.</span> 
     </span>
     <span class='ocr_line' id='line_1_63' title="bbox 812 2180 1471 2229; baseline 0.002 -14"><span class='ocrx_word' id='word_1_317' title='bbox 812 2181 947 2216; x_wconf 81' lang='lat' dir='ltr'>Mauso</span> <span class='ocrx_word' id='word_1_318' title='bbox 997 2180 1120 2229; x_wconf 86' lang='lat' dir='ltr'>Spart.</span> <span class='ocrx_word' id='word_1_319' title='bbox 1143 2180 1178 2215; x_wconf 94' lang='lat' dir='ltr'>II</span> <span class='ocrx_word' id='word_1_320' title='bbox 1212 2191 1300 2228; x_wconf 83' lang='lat' dir='ltr'>pag.</span> <span class='ocrx_word' id='word_1_321' title='bbox 1323 2180 1404 2218; x_wconf 80' lang='lat'>312</span> <span class='ocrx_word' id='word_1_322' title='bbox 1433 2185 1471 2216; x_wconf 90' lang='lat' dir='ltr'>et</span> 
     </span>
     <span class='ocr_line' id='line_1_64' title="bbox 815 2236 1471 2285; baseline 0 -12"><span class='ocrx_word' id='word_1_323' title='bbox 815 2236 858 2273; x_wconf 89' lang='lat' dir='ltr'>C.</span> <span class='ocrx_word' id='word_1_324' title='bbox 880 2237 922 2274; x_wconf 90' lang='lat' dir='ltr'>O.</span> <span class='ocrx_word' id='word_1_325' title='bbox 944 2237 1092 2272; x_wconf 81' lang='lat' dir='ltr'>Miiller.</span> <span class='ocrx_word' id='word_1_326' title='bbox 1112 2236 1152 2271; x_wconf 89' lang='lat' dir='ltr'>in</span> <span class='ocrx_word' id='word_1_327' title='bbox 1168 2236 1360 2284; x_wconf 83' lang='lat' dir='ltr'>Aeginett.</span> <span class='ocrx_word' id='word_1_328' title='bbox 1381 2247 1471 2285; x_wconf 84' lang='lat' dir='ltr'>pag.</span> 
     </span>
     <span class='ocr_line' id='line_1_65' title="bbox 816 2291 1472 2343; baseline -0.003 -14"><span class='ocrx_word' id='word_1_329' title='bbox 816 2295 909 2341; x_wconf 80' lang='grc'>126,</span> <span class='ocrx_word' id='word_1_330' title='bbox 940 2293 1005 2343; x_wconf 89' lang='lat' dir='ltr'>qui</span> <span class='ocrx_word' id='word_1_331' title='bbox 1024 2291 1262 2328; x_wconf 88' lang='lat' dir='ltr'>Herodotum</span> <span class='ocrx_word' id='word_1_332' title='bbox 1288 2292 1379 2327; x_wconf 76' lang='lat' dir='ltr'>levis</span> <span class='ocrx_word' id='word_1_333' title='bbox 1409 2304 1472 2327; x_wconf 90' lang='lat' dir='ltr'>ar-</span> 
     </span>
     <span class='ocr_line' id='line_1_66' title="bbox 811 2346 1472 2385; baseline -0.003 0"><span class='ocrx_word' id='word_1_334' title='bbox 811 2356 983 2385; x_wconf 85' lang='lat' dir='ltr'>maturae</span> <span class='ocrx_word' id='word_1_335' title='bbox 1003 2361 1207 2385; x_wconf 87' lang='lat' dir='ltr'>numerum</span> <span class='ocrx_word' id='word_1_336' title='bbox 1226 2349 1291 2385; x_wconf 81' lang='lat' dir='ltr'>vix</span> <span class='ocrx_word' id='word_1_337' title='bbox 1317 2346 1472 2384; x_wconf 81' lang='lat' dir='ltr'>aliunde</span> 
     </span>
     <span class='ocr_line' id='line_1_67' title="bbox 814 2404 1471 2457; baseline -0.002 -16"><span class='ocrx_word' id='word_1_338' title='bbox 814 2418 932 2457; x_wconf 87' lang='lat' dir='ltr'>quam</span> <span class='ocrx_word' id='word_1_339' title='bbox 953 2419 1001 2442; x_wconf 85' lang='lat' dir='ltr'>ex</span> <span class='ocrx_word' id='word_1_340' title='bbox 1022 2404 1174 2456; x_wconf 90' lang='lat' dir='ltr'>hoplitis</span> <span class='ocrx_word' id='word_1_341' title='bbox 1186 2404 1396 2441; x_wconf 83' lang='lat' dir='ltr'>definivisse</span> <span class='ocrx_word' id='word_1_342' title='bbox 1407 2416 1471 2440; x_wconf 81' lang='lat' dir='ltr'>ra-</span> 
     </span>
     <span class='ocr_line' id='line_1_68' title="bbox 814 2460 1473 2509; baseline -0.005 -10"><span class='ocrx_word' id='word_1_343' title='bbox 814 2469 874 2499; x_wconf 87' lang='lat' dir='ltr'>tus</span> <span class='ocrx_word' id='word_1_344' title='bbox 895 2460 988 2499; x_wconf 88' lang='lat' dir='ltr'>haec</span> <span class='ocrx_word' id='word_1_345' title='bbox 1004 2463 1176 2499; x_wconf 89' lang='lat' dir='ltr'>subiicit:</span> <span class='ocrx_word' id='word_1_346' title='bbox 1208 2460 1313 2509; x_wconf 80' lang='lat' dir='ltr'>„Sed</span> <span class='ocrx_word' id='word_1_347' title='bbox 1335 2461 1473 2497; x_wconf 85' lang='lat' dir='ltr'>fortas-</span> 
     </span>
     <span class='ocr_line' id='line_1_69' title="bbox 813 2515 1471 2568; baseline -0.005 -13"><span class='ocrx_word' id='word_1_348' title='bbox 813 2532 854 2556; x_wconf 86' lang='lat' dir='ltr'>se</span> <span class='ocrx_word' id='word_1_349' title='bbox 870 2519 1076 2568; x_wconf 82' lang='lat' dir='ltr'>octingenti</span> <span class='ocrx_word' id='word_1_350' title='bbox 1095 2515 1221 2566; x_wconf 73' lang='grc' dir='ltr'><em>ψιλοὶ,</em></span> <span class='ocrx_word' id='word_1_351' title='bbox 1243 2518 1308 2568; x_wconf 90' lang='lat' dir='ltr'>qui</span> <span class='ocrx_word' id='word_1_352' title='bbox 1327 2516 1471 2553; x_wconf 86' lang='lat' dir='ltr'>redun-</span> 
     </span>
     <span class='ocr_line' id='line_1_70' title="bbox 816 2572 1473 2624; baseline 0 -14"><span class='ocrx_word' id='word_1_353' title='bbox 816 2574 918 2622; x_wconf 85' lang='lat' dir='ltr'>dant,</span> <span class='ocrx_word' id='word_1_354' title='bbox 954 2581 1019 2612; x_wconf 88' lang='lat' dir='ltr'>aut</span> <span class='ocrx_word' id='word_1_355' title='bbox 1049 2574 1273 2623; x_wconf 83' lang='lat' dir='ltr'>octingentis</span> <span class='ocrx_word' id='word_1_356' title='bbox 1301 2572 1473 2624; x_wconf 84' lang='lat' dir='ltr'>Epidau-</span> 
     </span>
     <span class='ocr_line' id='line_1_71' title="bbox 815 2626 1474 2678; baseline 0 -11"><span class='ocrx_word' id='word_1_357' title='bbox 815 2632 900 2678; x_wconf 86' lang='lat' dir='ltr'>riis,</span> <span class='ocrx_word' id='word_1_358' title='bbox 958 2637 1001 2667; x_wconf 90' lang='lat' dir='ltr'>ut</span> <span class='ocrx_word' id='word_1_359' title='bbox 1048 2626 1356 2678; x_wconf 82' lang='grc' dir='ltr'><em>κονιοπόποδες,</em></span> <span class='ocrx_word' id='word_1_360' title='bbox 1408 2637 1474 2668; x_wconf 88' lang='lat' dir='ltr'>aut</span> 
     </span>
     <span class='ocr_line' id='line_1_72' title="bbox 817 2687 1472 2736; baseline 0 -12"><span class='ocrx_word' id='word_1_361' title='bbox 817 2687 1044 2736; x_wconf 80' lang='lat' dir='ltr'>octingentis</span> <span class='ocrx_word' id='word_1_362' title='bbox 1080 2687 1306 2734; x_wconf 84' lang='lat' dir='ltr'>Anactoriis‚</span> <span class='ocrx_word' id='word_1_363' title='bbox 1341 2687 1391 2723; x_wconf 87' lang='lat' dir='ltr'>ita</span> <span class='ocrx_word' id='word_1_364' title='bbox 1429 2693 1472 2725; x_wconf 92' lang='lat' dir='ltr'>ut</span> 
     </span>
     <span class='ocr_line' id='line_1_73' title="bbox 816 2742 1472 2794; baseline 0 -14"><span class='ocrx_word' id='word_1_365' title='bbox 816 2745 971 2794; x_wconf 85' lang='lat' dir='ltr'>singulis</span> <span class='ocrx_word' id='word_1_366' title='bbox 991 2742 1066 2780; x_wconf 88' lang='lat' dir='ltr'>duo</span> <span class='ocrx_word' id='word_1_367' title='bbox 1087 2742 1205 2780; x_wconf 81' lang='lat' dir='ltr'>additi</span> <span class='ocrx_word' id='word_1_368' title='bbox 1223 2743 1362 2780; x_wconf 86' lang='lat' dir='ltr'>fuerint</span> <span class='ocrx_word' id='word_1_369' title='bbox 1380 2744 1472 2780; x_wconf 86' lang='lat' dir='ltr'>levis</span> 
     </span>
     <span class='ocr_line' id='line_1_74' title="bbox 818 2798 1472 2851; baseline 0 -14"><span class='ocrx_word' id='word_1_370' title='bbox 818 2807 1043 2849; x_wconf 81' lang='lat' dir='ltr'>armaturae,</span> <span class='ocrx_word' id='word_1_371' title='bbox 1074 2799 1308 2851; x_wconf 84' lang='lat' dir='ltr'>adiungendi</span> <span class='ocrx_word' id='word_1_372' title='bbox 1323 2798 1472 2838; x_wconf 86' lang='lat' dir='ltr'>erunt.“</span> 
     </span>
    </p>
   </div>
   <div class='ocr_carea' id='block_1_11' title="bbox 1834 777 1839 1458">
    <p class='ocr_par' dir='ltr' id='par_1_12' title="bbox 1834 777 1839 1458">
     <span class='ocr_line' id='line_1_75' title="bbox 1834 777 1839 1458; baseline 0 0"><span class='ocrx_word' id='word_1_373' title='bbox 1834 777 1839 1458; x_wconf 95' lang='lat' dir='ltr'> </span> 
     </span>
    </p>
   </div>
  </div>
 </body>
</html>
