1839 3292
30 635 128 683 126

551 221 895 260 URANIA.
950 220 1085 258 VIII.
1367 223 1451 262 173

198 349 272 381 πε·
327 331 478 385 „Offm
507 331 590 386 ἔχει
617 346 705 374 τοι·
739 328 830 374 οὔτ’
861 328 917 372 ἂν
947 328 1042 385 ἐγώ,
1072 327 1158 372 ἐών
1186 329 1451 384 Βελβινίτης,

197 400 439 456 ,,ἒτιμη’θην
468 399 583 443 οὕτω
621 398 732 451 πρός
773 397 1106 453 Σπαρτιητέων·
1148 395 1239 440 οὔτ’
1278 395 1334 439 ἂν
1381 396 1449 450 σύ,

195 467 452 522 ,,ὠ’νθρωπε,
482 467 566 511 ἐῶν
590 465 866 523 Ἀθηναῖος.“
927 469 1076 509 Ταῦτα
1105 465 1184 521 μέν
1213 480 1296 507 νυν
1325 463 1368 515 ἐς
1387 471 1478 507 το-1

197 540 328 580 σοῦτο
359 537 538 591 ἐγένετο.

302 635 560 691 Ἀρτάβαζος
593 634 639 678 δὲ
670 632 693 677 ὁ
726 631 1000 687 Φαρνάκεος,
1032 628 1144 684 ἀνήρ
1176 630 1222 673 ἐν
1254 632 1449 688 Πέρσῃσι

195 703 374 760 λόγιμος
393 704 465 746 καὶ
493 700 659 756 πρόσθε
678 700 774 752 ἐών,
805 700 851 743 ἐκ
881 700 927 743 δὲ
956 701 1043 741 τῶν
1074 702 1352 741 Πλαταιϊκῶν
1374 700 1447 742 καὶ

193 776 354 827 μᾶλλον
397 770 456 813 ἔτι
489 769 740 824 γενόμενος,
778 767 885 822 ἔχων
927 767 972 817 ἓξ
1002 764 1217 821 μυριάδας
1257 771 1472 821 στρατοῦ5

165 839 273 882 Ξτὸν
302 838 559 891 Μαρδόνιος
588 837 812 889 ἐξελέξατο,
839 833 1083 890 προέπεμπε
1113 831 1292 886 βασιλέα
1321 834 1443 889 μέχρι

190 908 271 948 τοῦ
306 904 462 958 πόρου.
504 904 562 955 ὥς
604 904 649 947 δὲ
679 903 703 948 ὁ
733 902 815 958 μὲν
844 898 899 957 ἦν
929 901 975 944 ἐν
1003 905 1055 957 τῇ
1079 899 1223 956 Ἀσίῃ,
1254 900 1278 943 ὁ
1310 901 1366 952 ὁὲ,
1399 899 1443 944 ὀ-

188 974 300 1016 πίσω
329 971 633 1027 πορευόμενος,
662 972 772 1014 κατόι
801 969 879 1025 τὴν
909 967 1147 1024 Παλλήνην
1161 967 1335 1022 ἐγίνετο·
1367 967 1441 1010 ἅτε

188 1042 450 1096 Μαρδονίου
479 1056 523 1083 τε
556 1041 867 1097 χειμερίζοντος
894 1037 991 1092 περὶ,
1025 1037 1264 1091 Θεσσαλίην
1294 1051 1339 1079 τε
1367 1035 1441 1079 καὶ

189 1280 266 1322 &cdv
278 1281 521 1334 Βελβινίτης]
539 1282 690 1319 Belbina
702 1282 785 1318 exi-

1506 637 1662 673 Expeditio
1670 637 1779 666 Persa-

1505 681 1570 698 rum
1582 673 1778 700 Pallenensis.

1505 706 1670 733 Artabazus
1696 714 1762 733 cum

1505 745 1591 771 parte
1625 740 1779 774 copiarum

1502 773 1654 800 Mardonii
1675 780 1779 807 regem

1503 807 1539 832 ad
1550 807 1779 841 Hellespontum

1498 839 1778 875 prosecutus‚inde-

1502 881 1559 907 que
1570 873 1698 907 rediens,
1710 873 1777 900 Pat-

1501 907 1651 941 ienenses,
1671 907 1721 940 qui
1730 907 1777 933 in-

1499 944 1585 967 terea.
1614 941 1777 967 Persarum

1498 982 1532 1000 se
1561 975 1631 1008 iugo
1658 973 1778 1000 subtra-

1498 1013 1614 1041 xerant,
1625 1015 1775 1041 expugna-

1499 1049 1534 1068 re
1551 1041 1714 1069 constituit.

845 1280 921 1323 185
939 1281 980 1317 C.
1013 1281 1130 1318 Cicer.
1151 1282 1207 1317 De
1242 1277 1435 1317 Senectus.
1457 1281 1496 1327 3,

839 1339 905 1374 ubi
936 1337 1010 1374 vid.
1031 1339 1239 1387 interprett.
1259 1358 1315 1363 -—
1353 1335 1415 1372 Ad
1435 1337 1497 1372 lo-

132 1352 207 1389 gua
241 1340 359 1376 fertur
389 1353 466 1376 esse
505 1340 625 1376 insula
664 1352 782 1389 prope

132 1396 296 1432 Sunium
339 1397 639 1446 promontorium
688 1402 782 1431 teste

131 1452 278 1502 Scylac.
302 1453 337 1496 ξ.
370 1454 422 1492 52
451 1465 488 1501 p.
515 1454 568 1491 20
590 1450 708 1488 Huds.
739 1465 779 1501 p.

128 1510 208 1547 268
230 1509 326 1544 Gaii.
348 1508 430 1555 (ubi
450 1508 563 1544 verba
581 1504 677 1545 κατα
689 1509 780 1546 τοῦ·

126 1578 170 1601 το
200 1563 246 1600 ad
299 1565 472 1614 proxime
519 1563 779 1600 antecedentia

125 1620 238 1655 verba
256 1615 502 1671 α’κρωτήριον
520 1616 696 1659 Σούνιον
716 1634 778 1656 re-

123 1675 215 1724 fero⁷
230 1677 335 1712 aliter
355 1684 466 1728 atque
489 1677 584 1713 Gail.
606 1690 642 1727 p.
665 1675 774 1725 408),

124 1731 306 1782 Stephan.
336 1734 428 1783 Byz.
458 1746 486 1770 s.
508 1747 544 1769 v.
571 1746 656 1783 pag.
678 1733 774 1773 214.

123 1788 298 1825 Strabon.
320 1790 405 1825 VIII
424 1804 459 1840 p.
479 1790 558 1830 375
581 1790 622 1825 C.
643 1803 671 1826 s.
693 1790 773 1829 576

122 1851 159 1880 et
184 1847 240 1881 IX
268 1858 354 1895 pag.
381 1848 458 1885 398
489 1847 535 1882 Ι).
560 1858 589 1890 s,
616 1848 692 1884 611
724 1846 772 1882 A.

120 1901 218 1937 Plin.
239 1903 288 1938 H.
313 1904 358 1938 N.
378 1903 440 1948 IV,
464 1904 528 1940 12.
588 1903 691 1937 Inter
710 1915 772 1937 re·-

121 1959 302 1994 centiores
322 1957 557 2008 geographos
577 1971 653 1994 non
667 1971 776 2008 pror-

119 2026 179 2049 sus
200 2021 368 2050 constare
389 2014 537 2050 videtur
558 2014 604 2050 de
626 2013 696 2050 hac
712 2016 774 2050 in-

117 2070 209 2115 sula,
234 2084 347 2120 quam
367 2078 453 2107 sunt
472 2072 537 2121 qui
549 2071 595 2107 ad
611 2072 772 2107 insulam

119 2124 177 2162 St.
201 2127 347 2175 Giorgio
376 2128 566 2175 (I'Arbora‚
594 2135 635 2163 ut
665 2141 768 2164 nunc

116 2190 273 2231 vocant,
336 2197 533 2234 perperam
590 2184 765 2232 referant,

118 2251 236 2289 quum
274 2241 388 2277 istaec
434 2241 556 2276 insula
600 2242 766 2277 multum

115 2292 204 2331 hinc
223 2296 421 2332 meridiem
449 2310 576 2333 versus
619 2305 766 2334 remota

112 2351 170 2386 sit.
227 2354 317 2389 Utut
339 2361 402 2400 est,
427 2355 585 2402 exiguae
620 2355 764 2390 insulae

114 2407 251 2443 incolas
281 2407 382 2445 haud
416 2422 556 2459 magno
585 2410 669 2447 loco
696 2410 765 2446 ha-

114 2462 208 2498 bitos
237 2477 313 2499 esse
342 2465 441 2515 apud
470 2469 650 2514 Graecos,
678 2469 764 2504 satis

113 2516 186 2554 hoc
208 2532 255 2555 ex
276 2519 373 2557 dicto
394 2524 635 2573 perspicitur,
666 2537 762 2574 quo-

113 2587 199 2610 cum
223 2578 461 2615 conferantur
487 2592 583 2630 quae
616 2587 763 2616 exstant

111 2631 245 2666 similia
267 2633 365 2682 apud
382 2635 528 2673 Platon.
550 2637 760 2686 Derepubl.

109 2687 138 2732 Ι,
161 2686 185 2725 4
203 2700 288 2736 pag·
315 2691 393 2728 330
413 2692 471 2737 A„
504 2692 568 2727 ubi
599 2692 645 2730 cf.
666 2694 763 2729 Astii

109 2751 332 2780 commentt.
353 2758 390 2794 p.
413 2746 506 2785 334.
528 2748 629 2784 Plut.
651 2748 762 2785 The-

107 2800 204 2841 mist.
229 2803 290 2840 18.
307 2802 325 2836 Ι
352 2813 440 2851 pag.
457 2805 531 2843 121
553 2804 600 2844 A.
618 2805 654 2839 II
673 2818 760 2855 pag.

838 1395 1031 1431 cntionem
1061 1393 1101 1440 ἐς
1134 1395 1297 1432 τοσοῦτο
1318 1393 1367 1429 cf.
1392 1394 1494 1440 VIII,

839 1475 929 1513 107,
988 1470 1098 1517 Quod
1128 1470 1315 1507 antecedit
1345 1485 1441 1518 νυν,
1473 1482 1496 1507 a

833 1530 1065 1574 Florentino,
1087 1527 1272 1573 Mediceo‚
1290 1528 1369 1563 aliis
1380 1526 1494 1564 codd.

834 1587 948 1626 abest.
996 1587 1054 1621 De
1088 1598 1163 1636 quo
1189 1585 1389 1621 conferunt
1415 1584 1493 1619 Mi-

833 1644 933 1681 scell.
957 1643 1136 1679 Observv.
1157 1643 1211 1678 III
1230 1655 1268 1692 p.
1296 1640 1387 1683 146.

1011 1755 1103 1806 Cap.
1127 1754 1301 1793 CXXVI.

883 1839 1150 1895 Ἀρτάβαζος]
1184 1844 1292 1881 Idem
1313 1850 1389 1889 est,
1421 1844 1488 1896 qui

830 1902 910 1947 Vll,
936 1904 986 1941 66
1011 1902 1089 1938 dux
1110 1901 1419 1938 Chorasmiorum
1450 1908 1487 1938 et

829 1956 1059 1994 Parthorum
1080 1960 1302 2009 appellatur.
1351 1959 1488 2008 Respi-

831 2015 880 2050 cit
895 2022 1021 2051 autem
1043 2014 1256 2051 Herodotus
1280 2013 1342 2050 hic
1364 2014 1411 2050 ad
1429 2027 1485 2061 ea,

830 2084 927 2122 quae
955 2073 1022 2119 IX,
1044 2071 1092 2111 41
1120 2085 1198 2123 seq.
1228 2073 1294 2111 (56.
1325 2073 1378 2110 89
1405 2077 1483 2106 tra-

827 2127 1052 2165 duntur.——
1080 2129 1173 2164 Mox
1209 2128 1341 2173 reieci,
1378 2126 1483 2177 quod

823 2185 949 2234 plures
979 2183 1091 2221 codd.
1122 2184 1344 2230 afferebant,
1384 2185 1482 2221 τοῦ

823 2241 1077 2289 ΙΠαρόονίου,
1099 2254 1220 2292 quum
1248 2252 1370 2275 unum
1400 2236 1482 2279 τὸν

821 2310 955 2333 verum
976 2311 1054 2333 esse
1074 2298 1199 2347 possit.
1247 2298 1420 2347 Namque
1432 2309 1481 2332 ex

822 2367 866 2390 eo
889 2355 1069 2401 exercitu,
1093 2367 1208 2404 quem
1231 2367 1279 2389 ex
1303 2353 1479 2388 omnibus

820 2412 1024 2447 Persarum
1063 2412 1177 2460 copiis
1207 2411 1276 2446 sibi
1317 2410 1481 2458 elegerat

819 2466 1039 2503 Mardonius
1052 2468 1149 2514 regis
1167 2468 1269 2502 iussu
1282 2466 1476 2513 V111,107‚

818 2525 1014 2573 sexaginta
1043 2524 1147 2559 mille
1179 2535 1267 2558 cum
1289 2521 1476 2558 Artabazo

821 2581 884 2631 qui
908 2592 1038 2629 regem
1072 2580 1353 2624 comitarentur,
1382 2579 1476 2614 mis—

818 2649 878 2672 sos
897 2636 1009 2672 fuisse
1027 2636 1215 2684 intelligit.
1237 2656 1292 2661 -—
1311 2636 1369 2670 De
1387 2633 1475 2672 Pal-

819 2693 891 2729 lene
903 2691 1041 2728 dixiad
1058 2693 1135 2733 Vll,
1162 2693 1237 2731 123
1261 2698 1297 2728 et
1317 2690 1364 2727 de
1379 2704 1473 2727 voce

819 2749 1046 2799 χειμερίζειν
1067 2747 1167 2787 conf.
1188 2754 1281 2785 nott.
1303 2747 1352 2785 ad
1372 2749 1472 2795 VIII,

821 2808 911 2846 113.
