1839 3292
508 240 972 276 CALLIOPE.
1029 239 1108 276 IX.
1326 241 1405 281 261

152 355 257 408 γεῖοι
289 347 588 403 ἀπειληθέντες
617 347 658 398 ἐς
689 347 871 398 στεινὸν,
902 346 1178 390 καταινέουσι
1206 347 1279 390 καὶ
1308 350 1408 391 ταῦ-

21 416 86 461 35
150 435 213 462 τα.
256 415 348 466 “ῼς
386 416 431 459 δὲ
469 416 542 458 καὶ
579 419 873 472 Σπαρτιῆται,
908 413 1080 458 ἐδέοντο
1126 413 1211 470 γάρ
1256 415 1459 466 damis-10
1462 412 1736 487 ξιῆξξζξᾶῐξξξὲξῇζξῖξ

144 487 223 528 τοῦ
248 488 514 539 Τισαμενοῦ,
558 484 729 534 πάντως
768 480 1036 537 συνεχώρεόν
1071 482 1125 524 οι.
1185 493 1403 538 συγχωρη-
1459 481 1661 511 notonarum.

143 550 314 595 σάντων
354 550 399 594 δὲ
442 551 514 594 καὶ
557 554 692 594 ταῦτα
730 554 814 594 τῶν
843 548 1174 604 Σπαρτιητέων,
1203 547 1318 593 οὕτω
1349 549 1402 606 δή

141 620 265 663 πέντε
294 632 372 675 σφι
401 615 719 673 μαντευόμενος
749 615 920 671 ἀγῶνας
947 613 1052 665 τούς
1073 615 1300 670 μεγίστους
1334 619 1403 659 Τι-

143 686 327 742 σαμενὸς
357 685 380 728 6
409 685 585 736 Ἠλεῖος,
613 683 846 740 γενόμενος
860 683 1151 739 Σπαρτιήτης,
1174 694 1403 736 συγκαται-

142 755 241 809 ρέει.
298 756 457 809 μοῦνοι
505 752 550 796 δὲ
587 752 639 809 δή
677 750 854 795 παντων
903 748 1153 805 ἀνθρώπων
1194 750 1396 805 ἐγένοντο
1413 753 1458 792 45

113 816 267 863 Ξοῦτοι
308 819 607 899 Σπαρτιήτησι
651 819 958 876 πολιῆται.οἱ
985 818 1030 861 δὲ
1068 818 1193 862 πέντε
1226 816 1400 899 ἀγιιῖνες,

140 889 231 930 οἵδε
265 887 486 940 ἐγένοντο·

139 959 401 1013 Πλαταιῇσι·

138 1125 421 1179 ἀπειληθέντες
469 1128 509 1176 ἐς
549 1124 732 1176 στεινὸν]

80 1185 165 1224 Vid.
185 1187 215 1234 Ι,
237 1186 300 1224 24.
327 1188 424 1233 VIII,
449 1189 527 1226 109
559 1185 605 1222 de
626 1187 736 1221 locu-

80 1244 196 1280 tione.
225 1242 392 1279 Verbum
407 1245 607 1282 καταινεῖν
629 1241 735 1291 attigi

79 1298 128 1336 ad
155 1299 230 1344 IX,
251 1301 319 1339 33.

264 1388 357 1440 Cap.
384 1389 547 1426 xxxv.

132 1462 292 1513 πάντως
311 1463 552 1518 συνεχώρεόν
573 1465 632 1514 οἷ]
654 1467 731 1502 Pro

75 1520 235 1570 πάντως
277 1521 640 1573 Schweighaeusero
691 1522 732 1558 111

73 1586 244 1616 mentem
253 1586 407 1617 venerat
415 1575 589 1626 πάντων,
595 1591 730 1631 quem-

72 1634 281 1673 admodum
303 1637 383 1684 VII,
407 1638 498 1677 161.
557 1636 639 1682 Quo
671 1642 731 1672 ta-

71 1705 162 1728 men
182 1705 275 1743 opus
296 1706 376 1729 esse
398 1700 514 1743 negat
535 1694 730 1729 Letronne

70 1749 111 1784 in
129 1749 289 1785 Journal
310 1748 374 1786 des
395 1749 486 1787 sav.
514 1752 618 1790 1817
638 1761 728 1800 pag·

69 1803 137 1851 44,
165 1806 196 1842 si
224 1804 378 1857 quidem
407 1801 591 1853 πάντως,
622 1804 727 1858 quod

68 1859 174 1897 idem
193 1863 315 1899 valeat
340 1869 454 1914 atque
480 1859 624 1910 ἅπασι,
660 1875 726 1898 ae-

70 1930 144 1969 que
171 1919 334 1968 probum
354 1920 553 1956 constituat
571 1932 726 1956 sensum

69 1980 182 2025 atque
203 1972 362 2021 πάντως
383 1971 562 2027 οἷγαθός,
594 1976 665 2011 alia
684 1975 725 2012 id

67 2042 202 2080 genus.
247 2033 290 2068 In
329 2045 433 2084 seqq.
457 2027 724 2083 μαντεύεσθαι

66 2088 289 2124 vaticinandi
307 2090 504 2125 notionem
525 2087 657 2134 habet,
681 2095 724 2126 ut

67 2141 231 2180 diximus
251 2143 299 2181 ad
318 2146 386 2194 IX,
407 2148 475 2185 33.

123 2199 414 2252 συγκαταιρέει]
436 2202 461 2238 1.
483 2215 517 2239 e.
537 2201 585 2239 acl
601 2203 723 2238 maxi-

66 2266 122 2292 ma
143 2259 334 2294 certamina
347 2257 505 2308 feliciter
511 2258 718 2308 peragenda

67 2323 165 2349 suam
183 2312 242 2350 ille
267 2327 404 2364 operam
435 2315 580 2352 contulit
601 2314 719 2365 Spar-

67 2369 160 2404 tanis
197 2381 225 2407 S.
265 2369 370 2420 operti
407 2371 474 2408 suci
501 2370 717 2418 (divinandi

65 2423 143 2460 scil.
181 2424 287 2476 arte)
333 2425 532 2477 Spartanos
566 2427 717 2466 adiuvit.

67 2478 176 2515 Conf.
192 2487 286 2518 nott.
309 2481 356 2518 ad
372 2484 449 2530 VII,
466 2485 533 2525 50,
572 2486 717 2521 Pausa-

65 2535 146 2571 nias
161 2536 224 2582 111,
249 2539 294 2575 11
319 2539 355 2582 §.
377 2541 401 2578 6
426 2539 528 2577 hunc
555 2541 595 2576 in
630 2554 715 2577 mo·

65 2590 159 2627 dum
191 2590 284 2628 haec
311 2597 487 2643 protulit:
530 2595 670 2647 σφίσιν
693 2613 713 2636 ο

70 2645 282 2698 Τισαμενὸς
332 2645 486 2701 ἅγωνας
539 2653 714 2705 πολέμου

62 2702 177 2742 πέντε
197 2703 364 2753 ἐνίκησε.

119 2762 264 2809 μοῦνοι
294 2758 336 2799 δὲ
366 2760 416 2812 δὴ
450 2760 612 2803 πάντων
639 2761 712 2804 οἷν-

61 2813 267 2869 θραίπων’
250 2815 433 2870 εγένοντο
446 2814 554 2860 οὗτοι
573 2824 710 2873 Σπαο-

555 885 613 938 εἷς
651 888 728 944 μὲν
765 887 839 932 καὶ
877 890 1072 941 πρῶτος,
1134 880 1265 936 οὗτος
1297 882 1321 928 6
1352 885 1400 928 έν

445 955 514 999 έπὶ
546 955 612 1010 δὲ,
658 953 682 1000 ὁ
714 955 761 999 έν
795 954 928 1011 Τεγέῃ
968 953 1081 1011 πρὸς
1115 952 1325 1011 Τεγεήτας
1354 968 1398 996 τε

790 1122 948 1180 τιήτῃσι
985 1124 1192 1179 πολιῆται]
1241 1127 1324 1163 Hoc
1358 1138 1450 1163 sane

790 1196 905 1219 nemo
954 1183 1164 1229 mirabitur,
1207 1184 1295 1234 qui,
1330 1183 1450 1233 qualis

791 1240 949 1276 omnino
970 1240 1126 1277 civitatis
1144 1239 1354 1289 Spartanae
1363 1239 1449 1275 fue-

790 1297 839 1332 rit
870 1297 964 1332 ratio
992 1303 1106 1348 atque
1141 1294 1308 1343 indoles,
1349 1295 1447 1332 bene

788 1352 916 1389 novit:
946 1358 990 1388 ut
1022 1353 1062 1388 in
1094 1351 1168 1403 qu&
1203 1353 1252 1389 ob
1285 1352 1449 1389 arctissi-

788 1421 893 1444 mam
912 1409 1018 1444 illam
1045 1409 1219 1458 stirpium
1249 1409 1448 1458 cognatio-

787 1476 899 1512 nem,
930 1477 1028 1516 quae
1047 1463 1182 1500 eadem
1209 1465 1249 1500 in
1271 1465 1447 1502 omnibus

786 1523 935 1558 Dorum
954 1521 1356 1571 1ust1tut1soonsp10ua
1375 1535 1446 1571 pe·-

786 1579 984 1628 regrinum
1004 1577 1201 1614 admittere
1218 1577 1446 1632 familiisque

782 1635 998 1671 immiscere
1008 1634 1113 1671 nefas
1121 1627 1346 1671 habebatur.
1365 1635 1444 1671 Ita-

784 1704 860 1743 que
879 1691 1047 1727 maxime
1064 1691 1324 1738 memorabile,
1338 1689 1443 1742 quod

784 1760 806 1784 a
834 1749 1015 1802 scripto-re
1042 1746 1105 1784 hic
1137 1747 1312 1798 proditur
1330 1760 1442 1785 vere-

785 1817 859 1856 que
878 1806 1056 1853 unicum,
1091 1803 1195 1856 quod
1212 1805 1440 1841 Tisamenus

780 1862 895 1897 Eleus
926 1862 1082 1913 eiusque
1105 1861 1221 1898 frater
1239 1861 1380 1911 Hegias
1399 1861 1440 1897 iu

779 1919 978 1954 Laconum
998 1919 1190 1954 civitatem
1205 1918 1256 1954 ita
1267 1924 1439 1968 receptus

779 1974 861 2021 fuit,
874 1981 916 2010 ut
929 1973 1077 2022 eodem,
1100 1987 1175 2025 quo
1192 1976 1305 2011 ceteri
1318 1974 1439 2024 Spar-

777 2032 857 2068 tani
876 2031 955 2068 veri
981 2043 1023 2067 ac
1044 2032 1213 2081 genuini,
1243 2036 1440 2066 uterentur

777 2088 859 2124 iure
878 2086 1090 2138 iisdemque
1119 2087 1335 2123 fruerentur
1357 2087 1439 2136 pri-

777 2145 943 2194 vilegiis,
984 2144 1119 2195 quibus
1150 2144 1319 2193 legitime
1358 2143 1438 2178 nati

779 2201 957 2251 Spartani
967 2200 1156 2249 fruuntur,
1170 2201 1261 2251 quin
1272 2200 1309 2235 in
1319 2212 1437 2235 unam

778 2259 894 2294 etiam
923 2257 1064 2307 recepti
1090 2257 1233 2293 tribum
1264 2270 1284 2292 e
1317 2256 1437 2293 tribus

773 2315 844 2350 illis
857 2313 1039 2361 tribubus,
1060 2313 1197 2365 quibus
1209 2313 1330 2349 omnis
1341 2325 1436 2349 con-

772 2372 862 2408 stitit
883 2371 1160 2421 Spartanorum
1180 2371 1321 2407 civitas.

830 2425 896 2466 έπὶ
923 2425 984 2477 δὲ]
1003 2425 1089 2466 Vid.
1109 2427 1190 2473 VII,
1212 2427 1293 2465 219
1316 2423 1362 2460 de
1375 2425 1434 2460 lo-

772 2484 939 2520 cutione.
997 2484 1102 2528 Quae
1132 2481 1171 2520 h.
1199 2482 1225 2518 l.
1257 2480 1433 2517 dicuutur

772 2541 942 2591 quinque
971 2539 1199 2586 certamina,
1221 2550 1265 2573 ea
1295 2535 1431 2573 eodem

771 2596 905 2633 ordine
926 2603 1096 2632 recenset
1115 2597 1276 2631 Pausau.
1297 2595 1363 2641 111,
1381 2596 1421 2632 11

771 2654 806 2697 §.
831 2655 854 2691 6
875 2653 1002 2702 ipsum
1028 2650 1267 2687 Herodotum
1286 2651 1429 2701 proba-

769 2709 894 2745 biliter
913 2715 1073 2746 secutus.
1108 2709 1212 2752 Quae
1233 2713 1317 2757 post
1337 2707 1427 2742 Pla-

767 2772 961 2802 taeensem
987 2777 1156 2814 pugnam
1188 2776 1427 2800 commemo-

766 2828 897 2859 rantur
916 2822 1191 2872 Spartanorum
1207 2820 1424 2861 certamina,
