1839 3292
12 624 111 672 ]03
179 624 292 664 ,,σω,
330 608 534 664 πυρώσας
561 608 637 657 τὰς
671 607 855 665 Ἀθήνας
883 607 1083 664 α’πελᾷς.ις

767 676 952 731 λέγουσα
980 674 1061 730 γὰρ
1093 673 1349 729 ἐπετύγχανε
1379 675 1433 718 τά
1489 673 1540 726 {³110
1525 706 1557 725 03
1590 698 1620 726 ᾗ,

15 1161 113 1208 1θί

544 229 884 267 URANIA.
942 228 1069 269 V111.

1348 230 1430 270 141

182 342 378 398 »ἀγῶνας
407 338 666 394 δραμέονται
694 337 794 391 περὶ
824 335 969 392 σφέων
988 334 1136 380 αὐτῶν
1158 337 1202 379 οἱ
1217 334 1433 393 ’Έλληνες.

153 409 441 462 5Μαρδονίου
477 406 545 458 δὲ,
586 404 644 460 ἤν
672 421 712 448 τι
741 405 886 462 πάθῃ,
916 403 1043 460 λόγος
1073 402 1217 453 οὐδεὶς
1245 406 1431 458 γίνεται·

179 476 312 531 »οὐδέ
341 493 381 518 τι
408 477 613 523 νικῶντες
643 475 687 516 οἱ
713 472 916 528 Έλληνες
941 477 1114 525 νικῶσι,
1164 474 1324 515 δοῦλον
1354 472 1434 515 σὸν

179 543 501 599 ,,α’πολέσαντες
533 541 588 584 σὺ
618 541 682 592 δὲ,
714 545 801 583 τῶν
834 542 976 583 εἵνεκα
1004 540 1083 584 τόν
1115 539 1272 583 στόλον
1291 538 1492 594 ἐποιή-4ο

177 683 231 736 τῇ
262 679 502 734 συμβουλίῃ
532 676 709 730 Ξέρξης·

1129 607 1276 663 Ἠσθη
1305 623 1350 651 τε
1379 607 1432 664 δὴ

1486 733 1529 759 tio

1490 597 1585 625 Proba
1588 599 1619 625 to
1624 598 1749 660 .,M³¹'‘¹⁰

1491 640 1685 667 ιιιιιιιιιιιι

1512 669 1562 692 nte
1589 632 1653 692 omi.
1712 675 1749 693 no

1647 699 1765 735 expedi-

1533 740 1599 759 nem
1632 741 1663 760 se

176 763 255 800 περ
288 744 417 797 αὐτὸς
455 743 582 788 ἐνόεε.
642 742 746 786 ουδὲ
774 742 880 798 γάρ,
919 744 956 786 εἰ
994 742 1148 792 πάντες
1185 742 1258 784 καὶ
1296 746 1432 786 πᾶσαι
1488 774 1541 825 pu⁰
1526 765 1574 826 oms
1578 770 1638 793 zos
1664 742 1765 802 Ehe-

1587 808 1657 827 cum
1692 803 1746 827 Ar-

179 813 498 870 συνεβούλευον
527 811 647 866 αὐτῷ
677 811 833 866 μένειν,
864 811 983 865 ἔμενε
1015 808 1082 860 ἂν,
1113 809 1282 853 δοκέειν
1316 810 1432 864 έμοί·
1444 807 1554 859 45ῗωῃ
1503 833 1766 868 emxsiapraemit-

149 882 300 926 Ξοῧτω
341 879 678 934 καταῤῥωόηκεε
709 878 935 928 ἐπαινέσας
966 877 1012 921 δὲ
1052 876 1130 932 τὴν
1155 876 1434 933 Ἀρτεμισίην,

177 948 340 1005 ταύτην
387 947 465 1002 μὲν
503 944 750 988 ἀποστέλλει
789 944 985 999 ἄγουσαν
1029 945 1167 988 αὐτοῦ
1206 962 1306 995 τους
1334 951 1436 989 παῖ-

177 1019 255 1068 δας
284 1017 326 1068 ές
358 1015 569 1070 Ἔφεσον·

175 1096 353 1129 σποντο.

288 1151 540 1205 Συνέπεμπε
571 1148 616 1192 δὲ
644 1154 754 1192 τοῖσι
783 1149 906 1192 παισὶ
936 1147 1137 1204 φύλακον
1160 1146 1435 1205 Ἑρμότιμον,

179 1221 305 1278 γένος
328 1219 406 1275 μὲν
427 1219 555 1262 ἐόντα
577 1218 796 1274 Πηδασέα,
827 1215 1069 1272 φερόμενον
1099 1216 1144 1259 δὲ
1176 1215 1230 1259 οὐ
1257 1234 1309 1260 τα
1337 1215 1585 1268 ded-500ffieu‘
1561 1249 1620 1268 uun
1603 1215 1705 1270 ugims

125 1422 190 1446 ται
216 1422 250 1446 κ.
281 1421 314 1445 τ.
355 1406 430 1454 λ.]
490 1407 547 1441 De
589 1404 780 1441 locutione

125 1463 202 1500 vid.
238 1470 331 1499 nott.
374 1462 420 1498 ad
454 1462 544 1508 Vll,
585 1461 638 1501 57
668 1467 703 1496 et
732 1459 779 1496 de

124 1519 247 1555 forma
284 1517 517 1569 δραμέονται
546 1515 680 1557 matth,
713 1518 780 1554 Gr.

125 1577 190 1612 Gr.
213 1577 248 1621 ξ.
271 1575 349 1615 252
372 1588 408 1625 p.
425 1574 520 1614 493.
550 1574 669 1610 Voces
682 1575 779 1611 πολ-

124 1629 217 1677 λούς
245 1627 433 1676 πολλάκις
462 1643 540 1666 nou
569 1631 648 1666 sinc
680 1642 778 1681 qua-

124 1687 212 1724 dam
233 1689 270 1725 vi
296 1688 399 1724 iuxta
426 1688 562 1738 positas
593 1699 670 1722 esse
693 1687 779 1737 qui-

123 1745 178 1781 vis
198 1745 392 1794 intelliget.
449 1745 565 1779 Plura
589 1743 778 1779 simillima

124 1802 300 1837 excitavit
339 1801 500 1850 Strange
534 1801 572 1836 in
611 1799 776 1836 Seebod.

123 1864 160 1893 et
178 1856 285 1893 Iahn.
325 1858 479 1893 Annall.
501 1857 635 1906 Suppl.
657 1857 714 1898 ΙΙ,
751 1858 775 1896 3

122 1926 161 1963 p.
182 1912 264 1953 402
283 1926 360 1964 seq.
390 1935 446 1940 ——
473 1915 516 1949 In
537 1913 779 1963 sequentibus

124 1968 172 2006 de
200 1970 390 2005 locutione
416 1966 468 2019 ἥν
504 1984 540 2007 τι
570 1965 685 2022 πάθῃ
728 1965 782 2019 (si

124 2025 208 2075 quid
228 2025 286 2062 illi
314 2025 530 2073 accidisset),
562 2025 636 2077 quei
656 2026 778 2062 verbis

122 2082 326 2118 lenioribus
346 2083 571 2133 plerumque
601 2095 658 2118 res
678 2080 780 2117 indi-

123 2145 229 2175 catur
269 2140 442 2188 gravior,
492 2151 614 2184 mors,
655 2137 778 2174 clades

91 2194 98 2201 '
123 2195 183 2230 vel
220 2195 342 2231 simile
382 2194 491 2246 quid,
532 2194 630 2233 conf.
662 2193 777 2231 modo

122 2251 192 2297 IV,
222 2252 274 2290 97
303 2252 429 2302 ibique
458 2258 554 2293 nott,
595 2249 695 2287 Add.
716 2252 779 2286 In-

122 2313 267 2356 terprtt.
307 2306 353 2343 ad
385 2310 544 2358 Diogen.
578 2309 701 2346 Laert.
733 2308 777 2356 V,

125 2365 191 2402 61.
213 2363 318 2399 Stob.
340 2365 466 2400 XLIX
498 2364 586 2412 [51]
638 2377 675 2414 p.
697 2363 777 2403 356

123 2430 154 2454 s.
173 2419 222 2453 Τ.
244 2419 279 2453 II
315 2433 351 2469 p.
371 2423 451 2460 372
481 2420 595 2458 Gaisf.
621 2419 777 2456 Diodor.

126 2473 242 2512 Sicul.
264 2476 375 2524 XIII,
397 2478 462 2516 98.
493 2478 612 2515 Cicer.
639 2478 778 2513 Tusco.

124 2530 161 2578 I,
182 2529 248 2569 43.

180 2581 293 2637 λόγος
327 2582 456 2634 ου’δεὶς
494 2586 660 2640 γίνεται]
691 2588 778 2629 Vid.

123 2648 219 2677 nott.
253 2641 300 2677 ad
320 2643 423 2689 VIII,
448 2647 510 2685 10.
533 2666 582 2673 -
614 2645 676 2682 Ad
695 2646 776 2682 for-

123 2710 229 2733 mam
278 2697 576 2749 καταρῤωδήκεε
616 2703 654 2738 in
694 2715 774 2753 seq.

125 2755 244 2803 capite
279 2754 379 2793 conf.
409 2756 541 2796 Mauh.
565 2759 629 2797 Gr.
650 2760 715 2796 Gr.
737 2760 775 2804 ξ.

127 2811 204 2851 188
221 2817 299 2848 not.
328 2813 346 2849 1
368 2824 456 2863 pag.
478 2813 571 2854 332.

628 1013 756 1057 νόθοι
785 1012 868 1069 γάρ
909 1029 1020 1064 τινες
1048 1011 1199 1064 παῖδές
1239 1015 1282 1057 οἱ
1310 1014 1436 1058 συνέ-

1054 1436 1145 1487 Cap.
1179 1435 1274 1474 CIV.

892 1510 1115 1566 φερόμενον
1144 1513 1186 1554 δὲ
1208 1510 1258 1554 ου’
1287 1511 1334 1553 vo?
1357 1510 1492 1555 δεύτε-

836 1585 884 1622 ρα
907 1573 989 1610 τῶν
1020 1567 1220 1622 εὕνούχων
1247 1568 1355 1622 παρά
1376 1572 1492 1623 βασι·

834 1626 916 1677 λέϊ]
946 1629 970 1665 i.
995 1641 1026 1665 e.
1049 1631 1112 1679 qui
1130 1631 1220 1665 inter
1244 1630 1360 1676 regios
1377 1642 1492 1665 eunu-

834 1684 912 1721 cleos
941 1685 1039 1721 haud
1062 1686 1246 1722 secundum
1264 1685 1412 1722 obtinuit
1436 1685 1492 1721 lo-

834 1754 922 1778 cum.
984 1742 1056 1777 Ubi
1077 1741 1229 1778 attende
1251 1742 1354 1778 verbi
1375 1741 1493 1778 medii

834 1796 1063 1848 (φέρεσθαι)
1080 1800 1168 1845 vim,
1192 1811 1309 1850 quam
1330 1797 1492 1834 eandem

835 1853 1019 1890 Valckeu.
1032 1855 1089 1904 (in
1111 1862 1189 1891 not.
1212 1854 1259 1891 ad
1269 1854 1409 1891 Herod.
1422 1856 1492 1902 IX,

836 1912 907 1957 78)
930 1911 1120 1947 observari
1149 1912 1229 1948 vult
1248 1913 1288 1947 in
1308 1912 1493 1948 similibus

836 1967 926 2003 locis
947 1969 1105 2003 Luciaui
1128 1967 1173 2006 V.
1206 1970 1299 2007 Hist.
1326 1969 1385 2015 II,
1428 1971 1493 2009 18.

835 2024 985 2074 Eunap.
1005 2023 1202 2061 Iamblich.
1223 2038 1260 2075 p.
1282 2027 1331 2063 21
1348 2038 1376 2061 S.
1388 2038 1426 2075 p.
1443 2027 1489 2063 11

835 2079 1069 2127 Boissouad.,
1091 2094 1207 2131 quem
1235 2083 1360 2132 ipsum
1391 2080 1492 2118 conf.

834 2138 872 2172 in
896 2144 1023 2174 annot.
1047 2151 1084 2186 p.
1109 2138 1198 2177 175.
1222 2139 1315 2178 567.
1348 2134 1496 2173 Mosch-

834 2194 909 2238 111,
933 2195 999 2235 57.
1024 2192 1245 2230 Callimach.
1275 2195 1420 2243 Hymu.
1455 2193 1495 2228 iu

833 2250 917 2286 Del.
971 2249 1023 2289 4:
1087 2251 1222 2301 quibus
1278 2249 1496 2286 VVesselin-

834 2307 916 2356 gius
939 2305 1042 2343 addit
1062 2308 1174 2343 Dion.
1198 2307 1298 2343 Cass.
1316 2307 1384 2342 XL
1406 2318 1494 2356 pag.

837 2365 916 2402 136
959 2362 1061 2413 [cap.
1084 2366 1121 2403 2.
1166 2362 1267 2400 Add.
1296 2364 1387 2407 LII,
1430 2364 1494 2401 19.

832 2420 936 2466 LIV,
966 2419 1004 2458 4.
1024 2420 1136 2466 LIX,
1166 2420 1237 2467 28]
1270 2420 1417 2455 Aelian.
1445 2419 1494 2458 N.

833 2476 881 2512 A.
895 2477 1000 2523 XIII,
1022 2479 1062 2516 7.
1083 2474 1391 2513 Hemsterhus.iu
1412 2475 1495 2510 Lu-

834 2533 929 2568 cian.
943 2534 1101 2569 Timon.
1123 2532 1174 2573 35
1199 2530 1231 2582 (Ι
1244 2545 1281 2582 p.
1294 2530 1375 2571 400
1387 2527 1492 2582 Bip.)

836 2596 871 2625 et
899 2588 1146 2639 Xenophont.
1175 2587 1315 2638 Ephes.
1344 2588 1384 2623 in
1417 2588 1494 2623 Mi-

830 2646 931 2681 scell.
949 2646 1128 2682 Observv.
1147 2645 1228 2681 Vol.
1247 2645 1281 2682 V
1290 2658 1328 2693 p.
1341 2647 1407 2685 30,
1429 2644 1494 2680 Tu

833 2701 933 2738 conf.
955 2701 1002 2737 de
1029 2702 1220 2737 locutione
1254 2696 1302 2740 οὔ
1329 2697 1495 2752 δεύτερα

833 2759 958 2807 ipsum
998 2757 1237 2795 Herodotum
1277 2759 1317 2804 Ι,
1353 2760 1428 2803 233
1458 2763 1495 2793 et

834 2813 883 2851 ad
918 2827 1031 2852 usum
1076 2815 1184 2853 verbi
1221 2813 1340 2852 medii
1379 2812 1495 2866 φέρε-

1493 866 1542 894 tit.

1494 1137 1568 1165 Aidd
1571 1138 1690 1165 tuiis
1715 1147 1765 1166 cu-

1491 1177 1553 1199 stos
1594 1146 1620 1198 er
1658 1182 1674 1200 o
1732 1184 1749 1202 u

1490 1206 1638 1233 Pesnsdae

1674 1216 1749 1241 ‚ar-
