<?xml version="1.0" encoding="UTF-8"?>
<!DOCTYPE html PUBLIC "-//W3C//DTD XHTML 1.0 Transitional//EN"
    "http://www.w3.org/TR/xhtml1/DTD/xhtml1-transitional.dtd">
<html xmlns="http://www.w3.org/1999/xhtml" xml:lang="en" lang="en">
 <head>
  <title>
</title>
<meta http-equiv="Content-Type" content="text/html;charset=utf-8" />
  <meta name='ocr-system' content='tesseract 3.04.00' />
  <meta name='ocr-capabilities' content='ocr_page ocr_carea ocr_par ocr_line ocrx_word'/>
</head>
<body>
  <div class='ocr_page' id='page_1' title='image "./musaeher04hero/musaeher04hero_0061.png"; bbox 0 0 1839 3292; ppageno 0'>
   <div class='ocr_carea' id='block_1_1' title="bbox 563 204 1076 242">
    <p class='ocr_par' dir='ltr' id='par_1_1' title="bbox 563 204 1076 242">
     <span class='ocr_line' id='line_1_1' title="bbox 563 204 1076 242; baseline 0.004 -2"><span class='ocrx_word' id='word_1_1' title='bbox 563 204 894 240; x_wconf 90' lang='lat' dir='ltr'><strong>URANIA</strong></span> <span class='ocrx_word' id='word_1_2' title='bbox 951 205 1076 242; x_wconf 86' lang='lat' dir='ltr'><strong>VIII.</strong></span> 
     </span>
    </p>
   </div>
   <div class='ocr_carea' id='block_1_2' title="bbox 1378 211 1433 249">
    <p class='ocr_par' dir='ltr' id='par_1_2' title="bbox 1378 211 1433 249">
     <span class='ocr_line' id='line_1_2' title="bbox 1378 211 1433 249; baseline 0 0"><span class='ocrx_word' id='word_1_3' title='bbox 1378 211 1433 249; x_wconf 75' lang='lat'>53</span> 
     </span>
    </p>
   </div>
   <div class='ocr_carea' id='block_1_3' title="bbox 168 321 1429 447">
    <p class='ocr_par' dir='ltr' id='par_1_3' title="bbox 168 321 1429 447">
     <span class='ocr_line' id='line_1_3' title="bbox 171 321 1429 379; baseline -0.001 -10"><span class='ocrx_word' id='word_1_4' title='bbox 171 324 329 375; x_wconf 72' lang='grc' dir='ltr'><em>παῖδας</em></span> <span class='ocrx_word' id='word_1_5' title='bbox 357 339 402 366; x_wconf 89' lang='grc' dir='ltr'>τε</span> <span class='ocrx_word' id='word_1_6' title='bbox 430 323 506 366; x_wconf 83' lang='grc' dir='ltr'>καὶ</span> <span class='ocrx_word' id='word_1_7' title='bbox 532 328 746 378; x_wconf 84' lang='grc' dir='ltr'><em>γυναῖκας</em></span> <span class='ocrx_word' id='word_1_8' title='bbox 774 321 1129 378; x_wconf 78' lang='grc' dir='ltr'><em>ὑπεξαγάγωνται</em></span> <span class='ocrx_word' id='word_1_9' title='bbox 1158 323 1205 366; x_wconf 82' lang='grc' dir='ltr'>ἐκ</span> <span class='ocrx_word' id='word_1_10' title='bbox 1233 328 1308 379; x_wconf 84' lang='grc' dir='ltr'>τῆς</span> <span class='ocrx_word' id='word_1_11' title='bbox 1333 323 1429 368; x_wconf 90' lang='grc' dir='ltr'>Ἀτ-</span> 
     </span>
     <span class='ocr_line' id='line_1_4' title="bbox 168 389 1427 447; baseline 0.001 -12"><span class='ocrx_word' id='word_1_12' title='bbox 168 396 311 447; x_wconf 85' lang='grc' dir='ltr'><em>τικῆς,</em></span> <span class='ocrx_word' id='word_1_13' title='bbox 351 391 462 444; x_wconf 80' lang='grc' dir='ltr'><em>πρὸς</em></span> <span class='ocrx_word' id='word_1_14' title='bbox 495 391 539 433; x_wconf 72' lang='grc' dir='ltr'>δὲ</span> <span class='ocrx_word' id='word_1_15' title='bbox 579 391 651 433; x_wconf 83' lang='grc' dir='ltr'>καὶ</span> <span class='ocrx_word' id='word_1_16' title='bbox 681 389 1009 446; x_wconf 79' lang='grc' dir='ltr'><em>βουλεύσωνται</em></span> <span class='ocrx_word' id='word_1_17' title='bbox 1038 389 1086 434; x_wconf 70' lang='grc' dir='ltr'>τὸ</span> <span class='ocrx_word' id='word_1_18' title='bbox 1116 391 1320 446; x_wconf 79' lang='grc' dir='ltr'><em>ποιητέον</em></span> <span class='ocrx_word' id='word_1_19' title='bbox 1351 391 1427 436; x_wconf 82' lang='grc' dir='ltr'>αὐ-</span> 
     </span>
    </p>
   </div>
   <div class='ocr_carea' id='block_1_4' title="bbox 140 462 461 503">
    <p class='ocr_par' dir='ltr' id='par_1_4' title="bbox 140 462 461 503">
     <span class='ocr_line' id='line_1_5' title="bbox 140 462 461 503; baseline -0.006 -2"><span class='ocrx_word' id='word_1_20' title='bbox 140 465 287 503; x_wconf 90' lang='grc' dir='ltr'><em>3τοῖσι</em></span> <span class='ocrx_word' id='word_1_21' title='bbox 335 462 461 502; x_wconf 72' lang='grc' dir='ltr'><em>ἔσται.</em></span> 
     </span>
    </p>
   </div>
   <div class='ocr_carea' id='block_1_5' title="bbox 533 458 1425 514">
    <p class='ocr_par' dir='ltr' id='par_1_5' title="bbox 533 458 1425 514">
     <span class='ocr_line' id='line_1_6' title="bbox 533 458 1425 514; baseline 0.002 -13"><span class='ocrx_word' id='word_1_22' title='bbox 533 459 600 501; x_wconf 77' lang='grc' dir='ltr'><em>ἐπὶ</em></span> <span class='ocrx_word' id='word_1_23' title='bbox 638 459 720 512; x_wconf 78' lang='grc' dir='ltr'>γὰρ</span> <span class='ocrx_word' id='word_1_24' title='bbox 767 464 879 501; x_wconf 85' lang='grc' dir='ltr'><em>τοῖσι</em></span> <span class='ocrx_word' id='word_1_25' title='bbox 918 458 1161 512; x_wconf 83' lang='grc' dir='ltr'><em>κατήκουσι</em></span> <span class='ocrx_word' id='word_1_26' title='bbox 1198 458 1425 514; x_wconf 81' lang='grc' dir='ltr'><em>πρήγμασι</em></span> 
     </span>
    </p>
   </div>
   <div class='ocr_carea' id='block_1_6' title="bbox 139 524 1479 919">
    <p class='ocr_par' dir='ltr' id='par_1_6' title="bbox 139 524 1479 919">
     <span class='ocr_line' id='line_1_7' title="bbox 168 524 1422 583; baseline 0 -12"><span class='ocrx_word' id='word_1_27' title='bbox 168 526 332 583; x_wconf 81' lang='grc' dir='ltr'><em>βουλήν</em></span> <span class='ocrx_word' id='word_1_28' title='bbox 364 527 540 582; x_wconf 76' lang='grc' dir='ltr'><em>ἔμελλον</em></span> <span class='ocrx_word' id='word_1_29' title='bbox 568 525 852 580; x_wconf 83' lang='grc' dir='ltr'><em>ποιήσεσθαι,</em></span> <span class='ocrx_word' id='word_1_30' title='bbox 885 524 942 575; x_wconf 75' lang='grc' dir='ltr'>ὥς</span> <span class='ocrx_word' id='word_1_31' title='bbox 960 525 1217 579; x_wconf 73' lang='grc' dir='ltr'><em>ἐψευσμένοι</em></span> <span class='ocrx_word' id='word_1_32' title='bbox 1236 525 1422 583; x_wconf 72' lang='grc' dir='ltr'><em>γνώμης.</em></span> 
     </span>
     <span class='ocr_line' id='line_1_8' title="bbox 139 592 1479 650; baseline 0.001 -15"><span class='ocrx_word' id='word_1_33' title='bbox 139 594 396 644; x_wconf 83' lang='grc' dir='ltr'><em>4δοκέοντες</em></span> <span class='ocrx_word' id='word_1_34' title='bbox 437 593 521 648; x_wconf 77' lang='grc' dir='ltr'>γὰρ</span> <span class='ocrx_word' id='word_1_35' title='bbox 555 592 752 648; x_wconf 83' lang='grc' dir='ltr'><em>εὑρήσειν</em></span> <span class='ocrx_word' id='word_1_36' title='bbox 783 594 1170 646; x_wconf 81' lang='grc' dir='ltr'><em>Πελοποννησίους</em></span> <span class='ocrx_word' id='word_1_37' title='bbox 1210 595 1479 650; x_wconf 67' lang='grc' dir='ltr'><em>πανδημεὶὲο</em></span> 
     </span>
     <span class='ocr_line' id='line_1_9' title="bbox 167 658 1421 719; baseline -0.001 -13"><span class='ocrx_word' id='word_1_38' title='bbox 167 663 215 706; x_wconf 75' lang='grc' dir='ltr'><em>ἐν</em></span> <span class='ocrx_word' id='word_1_39' title='bbox 242 667 293 719; x_wconf 82' lang='grc' dir='ltr'>τῇ</span> <span class='ocrx_word' id='word_1_40' title='bbox 324 662 513 715; x_wconf 80' lang='grc' dir='ltr'><em>Βοιωτίῃ</em></span> <span class='ocrx_word' id='word_1_41' title='bbox 543 658 899 716; x_wconf 81' lang='grc' dir='ltr'><em>ὑποκατημένους</em></span> <span class='ocrx_word' id='word_1_42' title='bbox 934 658 1011 702; x_wconf 83' lang='grc' dir='ltr'><em>τὸν</em></span> <span class='ocrx_word' id='word_1_43' title='bbox 1041 658 1288 715; x_wconf 77' lang='grc' dir='ltr'><em>βάρβαρον,</em></span> <span class='ocrx_word' id='word_1_44' title='bbox 1332 666 1421 705; x_wconf 78' lang='grc' dir='ltr'><em>τῶν</em></span> 
     </span>
     <span class='ocr_line' id='line_1_10' title="bbox 166 723 1420 785; baseline -0.001 -12"><span class='ocrx_word' id='word_1_45' title='bbox 166 729 244 785; x_wconf 75' lang='grc' dir='ltr'><em>μὲν</em></span> <span class='ocrx_word' id='word_1_46' title='bbox 279 723 410 781; x_wconf 80' lang='grc' dir='ltr'><em>εὗρον</em></span> <span class='ocrx_word' id='word_1_47' title='bbox 452 727 582 770; x_wconf 75' lang='grc' dir='ltr'><em>οὐδὲν</em></span> <span class='ocrx_word' id='word_1_48' title='bbox 611 726 709 781; x_wconf 78' lang='grc' dir='ltr'><em>ἐὰν,</em></span> <span class='ocrx_word' id='word_1_49' title='bbox 752 729 795 772; x_wconf 79' lang='grc' dir='ltr'>οἱ</span> <span class='ocrx_word' id='word_1_50' title='bbox 825 727 871 771; x_wconf 79' lang='grc' dir='ltr'>δὲ</span> <span class='ocrx_word' id='word_1_51' title='bbox 899 727 1203 771; x_wconf 79' lang='grc' dir='ltr'><em>ἐπυνθάνοντο</em></span> <span class='ocrx_word' id='word_1_52' title='bbox 1237 728 1316 771; x_wconf 80' lang='grc' dir='ltr'><em>τόν</em></span> <span class='ocrx_word' id='word_1_53' title='bbox 1341 727 1420 772; x_wconf 85' lang='grc' dir='ltr'><em>Ἰσ-</em></span> 
     </span>
     <span class='ocr_line' id='line_1_11' title="bbox 164 794 1420 852; baseline 0 -13"><span class='ocrx_word' id='word_1_54' title='bbox 164 795 281 852; x_wconf 82' lang='grc' dir='ltr'><em>θμὸν</em></span> <span class='ocrx_word' id='word_1_55' title='bbox 311 794 471 845; x_wconf 77' lang='grc' dir='ltr'><em>αὐτούς</em></span> <span class='ocrx_word' id='word_1_56' title='bbox 498 794 736 850; x_wconf 82' lang='grc' dir='ltr'><em>τειχέοντας</em></span> <span class='ocrx_word' id='word_1_57' title='bbox 766 795 809 846; x_wconf 79' lang='grc' dir='ltr'>ἐς</span> <span class='ocrx_word' id='word_1_58' title='bbox 838 794 918 851; x_wconf 74' lang='grc' dir='ltr'><em>τήν</em></span> <span class='ocrx_word' id='word_1_59' title='bbox 939 795 1290 850; x_wconf 81' lang='grc' dir='ltr'><em>Πελοπόννησον,</em></span> <span class='ocrx_word' id='word_1_60' title='bbox 1322 797 1420 851; x_wconf 77' lang='grc' dir='ltr'><em>περὶ</em></span> 
     </span>
     <span class='ocr_line' id='line_1_12' title="bbox 161 862 1417 919; baseline 0 -12"><span class='ocrx_word' id='word_1_61' title='bbox 161 866 364 908; x_wconf 85' lang='grc' dir='ltr'><em>πλείστου</em></span> <span class='ocrx_word' id='word_1_62' title='bbox 394 879 437 905; x_wconf 82' lang='grc' dir='ltr'>τε</span> <span class='ocrx_word' id='word_1_63' title='bbox 459 863 742 917; x_wconf 84' lang='grc' dir='ltr'><em>ποιευμένους</em></span> <span class='ocrx_word' id='word_1_64' title='bbox 765 869 988 917; x_wconf 80' lang='grc' dir='ltr'><em>περιεῖναι,</em></span> <span class='ocrx_word' id='word_1_65' title='bbox 1018 863 1092 906; x_wconf 80' lang='grc' dir='ltr'>καὶ</span> <span class='ocrx_word' id='word_1_66' title='bbox 1111 862 1275 919; x_wconf 85' lang='grc' dir='ltr'><em>ταύτην</em></span> <span class='ocrx_word' id='word_1_67' title='bbox 1298 863 1417 919; x_wconf 77' lang='grc' dir='ltr'><em>ἔχον-</em></span> 
     </span>
    </p>
   </div>
   <div class='ocr_carea' id='block_1_7' title="bbox 134 929 1082 986">
    <p class='ocr_par' dir='ltr' id='par_1_7' title="bbox 134 929 1082 986">
     <span class='ocr_line' id='line_1_13' title="bbox 134 929 1082 986; baseline -0.003 -12"><span class='ocrx_word' id='word_1_68' title='bbox 134 938 238 983; x_wconf 83' lang='grc' dir='ltr'><em>5τας</em></span> <span class='ocrx_word' id='word_1_69' title='bbox 278 931 325 974; x_wconf 76' lang='grc' dir='ltr'><em>ἐν</em></span> <span class='ocrx_word' id='word_1_70' title='bbox 367 934 565 986; x_wconf 75' lang='grc' dir='ltr'><em>φυλακῇ,</em></span> <span class='ocrx_word' id='word_1_71' title='bbox 597 930 649 973; x_wconf 78' lang='grc' dir='ltr'>τὰ</span> <span class='ocrx_word' id='word_1_72' title='bbox 679 931 724 974; x_wconf 82' lang='grc' dir='ltr'>δὲ</span> <span class='ocrx_word' id='word_1_73' title='bbox 754 931 862 974; x_wconf 80' lang='grc' dir='ltr'><em>ἄλλα</em></span> <span class='ocrx_word' id='word_1_74' title='bbox 899 929 1082 974; x_wconf 75' lang='grc' dir='ltr'><em>ἀπιέναι.</em></span> 
     </span>
    </p>
   </div>
   <div class='ocr_carea' id='block_1_8' title="bbox 1140 932 1471 973">
    <p class='ocr_par' dir='ltr' id='par_1_8' title="bbox 1140 932 1471 973">
     <span class='ocr_line' id='line_1_14' title="bbox 1140 932 1471 973; baseline 0.003 -1"><span class='ocrx_word' id='word_1_75' title='bbox 1140 932 1276 972; x_wconf 84' lang='grc' dir='ltr'><em>ταῦτα</em></span> <span class='ocrx_word' id='word_1_76' title='bbox 1312 947 1415 973; x_wconf 90' lang='grc' dir='ltr'><em>πυν-</em></span> <span class='ocrx_word' id='word_1_77' title='bbox 1427 938 1471 973; x_wconf 73' lang='grc'>25</span> 
     </span>
    </p>
   </div>
   <div class='ocr_carea' id='block_1_9' title="bbox 159 997 1415 1056">
    <p class='ocr_par' dir='ltr' id='par_1_9' title="bbox 159 997 1415 1056">
     <span class='ocr_line' id='line_1_15' title="bbox 159 997 1415 1056; baseline -0.001 -14"><span class='ocrx_word' id='word_1_78' title='bbox 159 999 426 1055; x_wconf 82' lang='grc' dir='ltr'><em>θανόμενοι,</em></span> <span class='ocrx_word' id='word_1_79' title='bbox 475 997 590 1042; x_wconf 82' lang='grc' dir='ltr'><em>οὕτω</em></span> <span class='ocrx_word' id='word_1_80' title='bbox 634 998 686 1055; x_wconf 76' lang='grc' dir='ltr'>δὴ</span> <span class='ocrx_word' id='word_1_81' title='bbox 725 997 1081 1056; x_wconf 76' lang='grc' dir='ltr'><em>προσεδεήθησάν</em></span> <span class='ocrx_word' id='word_1_82' title='bbox 1119 1008 1267 1054; x_wconf 83' lang='grc' dir='ltr'><em>σφεων</em></span> <span class='ocrx_word' id='word_1_83' title='bbox 1297 1003 1415 1055; x_wconf 84' lang='grc' dir='ltr'><em>σχεῖν</em></span> 
     </span>
    </p>
   </div>
   <div class='ocr_carea' id='block_1_10' title="bbox 87 1170 758 2856">
    <p class='ocr_par' dir='ltr' id='par_1_10' title="bbox 95 1170 758 1673">
     <span class='ocr_line' id='line_1_16' title="bbox 101 1170 758 1223; baseline 0.003 -17"><span class='ocrx_word' id='word_1_84' title='bbox 101 1170 250 1218; x_wconf 90' lang='lat' dir='ltr'>liberos,</span> <span class='ocrx_word' id='word_1_85' title='bbox 280 1172 423 1221; x_wconf 77' lang='lat' dir='ltr'>optima</span> <span class='ocrx_word' id='word_1_86' title='bbox 445 1184 618 1223; x_wconf 85' lang='lat' dir='ltr'>quaeque</span> <span class='ocrx_word' id='word_1_87' title='bbox 635 1178 758 1208; x_wconf 83' lang='lat' dir='ltr'>trans-</span> 
     </span>
     <span class='ocr_line' id='line_1_17' title="bbox 101 1227 756 1279; baseline 0.002 -17"><span class='ocrx_word' id='word_1_88' title='bbox 101 1227 274 1273; x_wconf 86' lang='lat' dir='ltr'>tulerint3</span> <span class='ocrx_word' id='word_1_89' title='bbox 312 1227 491 1279; x_wconf 84' lang='lat' dir='ltr'>idemque</span> <span class='ocrx_word' id='word_1_90' title='bbox 516 1235 641 1265; x_wconf 88' lang='lat' dir='ltr'>nostra</span> <span class='ocrx_word' id='word_1_91' title='bbox 671 1241 756 1264; x_wconf 88' lang='lat' dir='ltr'>me-</span> 
     </span>
     <span class='ocr_line' id='line_1_18' title="bbox 100 1283 755 1334; baseline 0.003 -15"><span class='ocrx_word' id='word_1_92' title='bbox 100 1284 221 1319; x_wconf 88' lang='lat' dir='ltr'>moria</span> <span class='ocrx_word' id='word_1_93' title='bbox 254 1283 398 1320; x_wconf 83' lang='lat' dir='ltr'>factum</span> <span class='ocrx_word' id='word_1_94' title='bbox 429 1298 507 1321; x_wconf 85' lang='lat' dir='ltr'>esse</span> <span class='ocrx_word' id='word_1_95' title='bbox 540 1286 755 1334; x_wconf 87' lang='lat' dir='ltr'>accepimus</span> 
     </span>
     <span class='ocr_line' id='line_1_19' title="bbox 101 1340 754 1377; baseline 0.002 -2"><span class='ocrx_word' id='word_1_96' title='bbox 101 1340 253 1376; x_wconf 85' lang='lat' dir='ltr'>Graecis</span> <span class='ocrx_word' id='word_1_97' title='bbox 273 1352 295 1376; x_wconf 85' lang='lat' dir='ltr'>a</span> <span class='ocrx_word' id='word_1_98' title='bbox 307 1341 521 1377; x_wconf 88' lang='lat' dir='ltr'>Turcarum</span> <span class='ocrx_word' id='word_1_99' title='bbox 534 1341 660 1377; x_wconf 88' lang='lat' dir='ltr'>furore</span> <span class='ocrx_word' id='word_1_100' title='bbox 675 1354 754 1376; x_wconf 87' lang='lat' dir='ltr'>cre-</span> 
     </span>
     <span class='ocr_line' id='line_1_20' title="bbox 99 1396 754 1433; baseline 0.003 -2"><span class='ocrx_word' id='word_1_101' title='bbox 99 1396 200 1432; x_wconf 82' lang='lat' dir='ltr'><strong>brius</strong></span> <span class='ocrx_word' id='word_1_102' title='bbox 241 1409 260 1431; x_wconf 90' lang='lat' dir='ltr'>e</span> <span class='ocrx_word' id='word_1_103' title='bbox 289 1397 496 1433; x_wconf 88' lang='lat' dir='ltr'>continenti</span> <span class='ocrx_word' id='word_1_104' title='bbox 522 1397 562 1432; x_wconf 90' lang='lat' dir='ltr'>in</span> <span class='ocrx_word' id='word_1_105' title='bbox 590 1397 754 1433; x_wconf 89' lang='lat' dir='ltr'>insulam</span> 
     </span>
     <span class='ocr_line' id='line_1_21' title="bbox 99 1452 751 1501; baseline 0 -13"><span class='ocrx_word' id='word_1_106' title='bbox 99 1452 241 1500; x_wconf 88' lang='lat' dir='ltr'>coluri,</span> <span class='ocrx_word' id='word_1_107' title='bbox 276 1459 318 1488; x_wconf 88' lang='lat' dir='ltr'>ut</span> <span class='ocrx_word' id='word_1_108' title='bbox 346 1466 449 1488; x_wconf 88' lang='lat' dir='ltr'>nunc</span> <span class='ocrx_word' id='word_1_109' title='bbox 488 1453 552 1488; x_wconf 87' lang='lat' dir='ltr'>illa</span> <span class='ocrx_word' id='word_1_110' title='bbox 581 1460 751 1501; x_wconf 81' lang='lat' dir='ltr'>vocatur,</span> 
     </span>
     <span class='ocr_line' id='line_1_22' title="bbox 97 1508 752 1560; baseline 0.002 -15"><span class='ocrx_word' id='word_1_111' title='bbox 97 1508 399 1558; x_wconf 81' lang='lat' dir='ltr'>confugientibus</span> <span class='ocrx_word' id='word_1_112' title='bbox 409 1510 655 1560; x_wconf 79' lang='lat' dir='ltr'>fortunasque</span> <span class='ocrx_word' id='word_1_113' title='bbox 667 1523 752 1547; x_wconf 85' lang='lat' dir='ltr'>suas</span> 
     </span>
     <span class='ocr_line' id='line_1_23' title="bbox 95 1565 752 1603; baseline 0.003 -3"><span class='ocrx_word' id='word_1_114' title='bbox 95 1565 149 1601; x_wconf 90' lang='lat' dir='ltr'>ibi</span> <span class='ocrx_word' id='word_1_115' title='bbox 175 1565 215 1600; x_wconf 87' lang='lat' dir='ltr'>in</span> <span class='ocrx_word' id='word_1_116' title='bbox 234 1571 315 1602; x_wconf 88' lang='lat' dir='ltr'>tuto</span> <span class='ocrx_word' id='word_1_117' title='bbox 344 1566 627 1603; x_wconf 82' lang='lat' dir='ltr'>collocantibus.</span> <span class='ocrx_word' id='word_1_118' title='bbox 686 1567 752 1602; x_wconf 89' lang='lat' dir='ltr'>Tu</span> 
     </span>
     <span class='ocr_line' id='line_1_24' title="bbox 95 1621 749 1673; baseline 0.005 -15"><span class='ocrx_word' id='word_1_119' title='bbox 95 1621 198 1658; x_wconf 88' lang='lat' dir='ltr'>conf.</span> <span class='ocrx_word' id='word_1_120' title='bbox 216 1623 334 1658; x_wconf 88' lang='lat' dir='ltr'>Kruse</span> <span class='ocrx_word' id='word_1_121' title='bbox 354 1623 381 1658; x_wconf 91' lang='lat' dir='ltr'>l.</span> <span class='ocrx_word' id='word_1_122' title='bbox 405 1623 430 1659; x_wconf 91' lang='lat' dir='ltr'>l.</span> <span class='ocrx_word' id='word_1_123' title='bbox 452 1623 499 1670; x_wconf 93' lang='lat' dir='ltr'>II,</span> <span class='ocrx_word' id='word_1_124' title='bbox 518 1625 535 1661; x_wconf 88' lang='lat'>1</span> <span class='ocrx_word' id='word_1_125' title='bbox 554 1636 639 1673; x_wconf 83' lang='lat' dir='ltr'>pag.</span> <span class='ocrx_word' id='word_1_126' title='bbox 654 1624 749 1662; x_wconf 80' lang='lat'>302.</span> 
     </span>
    </p>

    <p class='ocr_par' dir='ltr' id='par_1_11' title="bbox 92 1675 752 2010">
     <span class='ocr_line' id='line_1_25' title="bbox 149 1675 752 1730; baseline 0.003 -14"><span class='ocrx_word' id='word_1_127' title='bbox 149 1675 298 1724; x_wconf 81' lang='grc' dir='ltr'><em>παῖδάς</em></span> <span class='ocrx_word' id='word_1_128' title='bbox 309 1677 424 1717; x_wconf 76' lang='grc' dir='ltr'><em>τεκαὶ</em></span> <span class='ocrx_word' id='word_1_129' title='bbox 445 1675 656 1730; x_wconf 84' lang='grc' dir='ltr'><em>γυναῖκας]</em></span> <span class='ocrx_word' id='word_1_130' title='bbox 674 1679 752 1715; x_wconf 85' lang='lat' dir='ltr'>Ar-</span> 
     </span>
     <span class='ocr_line' id='line_1_26' title="bbox 93 1734 750 1786; baseline 0 -15"><span class='ocrx_word' id='word_1_131' title='bbox 93 1734 253 1771; x_wconf 80' lang='lat' dir='ltr'>ticulum</span> <span class='ocrx_word' id='word_1_132' title='bbox 284 1736 465 1772; x_wconf 86' lang='lat' dir='ltr'>omissum</span> <span class='ocrx_word' id='word_1_133' title='bbox 500 1737 605 1786; x_wconf 79' lang='lat' dir='ltr'>attigi</span> <span class='ocrx_word' id='word_1_134' title='bbox 638 1748 750 1786; x_wconf 82' lang='lat' dir='ltr'>supra</span> 
     </span>
     <span class='ocr_line' id='line_1_27' title="bbox 93 1790 749 1844; baseline 0.003 -17"><span class='ocrx_word' id='word_1_135' title='bbox 93 1790 139 1828; x_wconf 89' lang='lat' dir='ltr'>ad</span> <span class='ocrx_word' id='word_1_136' title='bbox 169 1791 268 1838; x_wconf 86' lang='lat' dir='ltr'><strong>VIII,</strong></span> <span class='ocrx_word' id='word_1_137' title='bbox 300 1794 366 1833; x_wconf 81' lang='lat'>36,</span> <span class='ocrx_word' id='word_1_138' title='bbox 397 1814 453 1819; x_wconf 90' lang='lat'>—</span> <span class='ocrx_word' id='word_1_139' title='bbox 508 1794 551 1828; x_wconf 89' lang='lat' dir='ltr'>In</span> <span class='ocrx_word' id='word_1_140' title='bbox 573 1805 679 1844; x_wconf 83' lang='lat' dir='ltr'>seqq.</span> <span class='ocrx_word' id='word_1_141' title='bbox 701 1791 749 1829; x_wconf 86' lang='lat' dir='ltr'>ad</span> 
     </span>
     <span class='ocr_line' id='line_1_28' title="bbox 93 1843 749 1899; baseline 0.002 -13"><span class='ocrx_word' id='word_1_142' title='bbox 93 1860 205 1886; x_wconf 83' lang='lat' dir='ltr'>voces</span> <span class='ocrx_word' id='word_1_143' title='bbox 217 1845 280 1886; x_wconf 79' lang='grc' dir='ltr'>ἐπὶ</span> <span class='ocrx_word' id='word_1_144' title='bbox 299 1852 401 1887; x_wconf 84' lang='grc' dir='ltr'><em>τοῖσι</em></span> <span class='ocrx_word' id='word_1_145' title='bbox 412 1844 629 1899; x_wconf 78' lang='grc' dir='ltr'><em>κατήκουσι</em></span> <span class='ocrx_word' id='word_1_146' title='bbox 648 1843 749 1899; x_wconf 78' lang='grc' dir='ltr'><em>πρή-</em></span> 
     </span>
     <span class='ocr_line' id='line_1_29' title="bbox 92 1903 749 1956; baseline 0 -14"><span class='ocrx_word' id='word_1_147' title='bbox 92 1918 210 1956; x_wconf 80' lang='grc' dir='ltr'><em>γμασι</em></span> <span class='ocrx_word' id='word_1_148' title='bbox 230 1903 288 1949; x_wconf 83' lang='lat' dir='ltr'>(ob</span> <span class='ocrx_word' id='word_1_149' title='bbox 304 1909 518 1954; x_wconf 82' lang='lat' dir='ltr'>praesentem</span> <span class='ocrx_word' id='word_1_150' title='bbox 536 1918 648 1942; x_wconf 80' lang='lat' dir='ltr'>rerum</span> <span class='ocrx_word' id='word_1_151' title='bbox 667 1908 749 1942; x_wconf 88' lang='lat' dir='ltr'>sta-</span> 
     </span>
     <span class='ocr_line' id='line_1_30' title="bbox 92 1959 672 2010; baseline 0.003 -13"><span class='ocrx_word' id='word_1_152' title='bbox 92 1961 184 2010; x_wconf 79' lang='lat' dir='ltr'>tum)</span> <span class='ocrx_word' id='word_1_153' title='bbox 205 1959 282 1997; x_wconf 86' lang='lat' dir='ltr'>vid.</span> <span class='ocrx_word' id='word_1_154' title='bbox 302 1969 397 1998; x_wconf 89' lang='lat' dir='ltr'>nott.</span> <span class='ocrx_word' id='word_1_155' title='bbox 419 1960 467 1998; x_wconf 91' lang='lat' dir='ltr'>ad</span> <span class='ocrx_word' id='word_1_156' title='bbox 487 1962 585 2010; x_wconf 82' lang='lat' dir='ltr'><strong>VIII,</strong></span> <span class='ocrx_word' id='word_1_157' title='bbox 611 1964 672 2001; x_wconf 83' lang='lat'>19.</span> 
     </span>
    </p>

    <p class='ocr_par' dir='ltr' id='par_1_12' title="bbox 88 2014 749 2515">
     <span class='ocr_line' id='line_1_31' title="bbox 147 2014 749 2069; baseline 0.002 -14"><span class='ocrx_word' id='word_1_158' title='bbox 147 2015 475 2069; x_wconf 68' lang='grc' dir='ltr'><em>’ὑποκατημένους</em></span> <span class='ocrx_word' id='word_1_159' title='bbox 503 2015 572 2058; x_wconf 80' lang='grc' dir='ltr'><em>τόν</em></span> <span class='ocrx_word' id='word_1_160' title='bbox 595 2014 749 2069; x_wconf 77' lang='grc' dir='ltr'><em>βάρβα-</em></span> 
     </span>
     <span class='ocr_line' id='line_1_32' title="bbox 92 2071 748 2126; baseline -0.002 -14"><span class='ocrx_word' id='word_1_161' title='bbox 92 2071 188 2126; x_wconf 82' lang='grc' dir='ltr'><em>ρον]</em></span> <span class='ocrx_word' id='word_1_162' title='bbox 230 2075 253 2111; x_wconf 93' lang='lat' dir='ltr'>i.</span> <span class='ocrx_word' id='word_1_163' title='bbox 277 2087 310 2114; x_wconf 87' lang='lat' dir='ltr'>e.</span> <span class='ocrx_word' id='word_1_164' title='bbox 341 2075 488 2111; x_wconf 76' lang='lat' dir='ltr'>sedendo</span> <span class='ocrx_word' id='word_1_165' title='bbox 514 2078 748 2124; x_wconf 75' lang='lat' dir='ltr'>exspectantes</span> 
     </span>
     <span class='ocr_line' id='line_1_33' title="bbox 91 2130 746 2180; baseline 0.003 -14"><span class='ocrx_word' id='word_1_166' title='bbox 91 2143 121 2167; x_wconf 92' lang='lat' dir='ltr'>s.</span> <span class='ocrx_word' id='word_1_167' title='bbox 139 2131 354 2168; x_wconf 79' lang='lat' dir='ltr'>subsidentes</span> <span class='ocrx_word' id='word_1_168' title='bbox 363 2138 399 2167; x_wconf 86' lang='lat' dir='ltr'>et</span> <span class='ocrx_word' id='word_1_169' title='bbox 410 2135 644 2180; x_wconf 73' lang='lat' dir='ltr'>exspectantes</span> <span class='ocrx_word' id='word_1_170' title='bbox 656 2130 746 2168; x_wconf 83' lang='lat' dir='ltr'>Per-</span> 
     </span>
     <span class='ocr_line' id='line_1_34' title="bbox 89 2186 745 2234; baseline 0 -11"><span class='ocrx_word' id='word_1_171' title='bbox 89 2200 176 2224; x_wconf 79' lang='lat' dir='ltr'>sam.</span> <span class='ocrx_word' id='word_1_172' title='bbox 235 2187 344 2225; x_wconf 88' lang='lat' dir='ltr'>Conf.</span> <span class='ocrx_word' id='word_1_173' title='bbox 374 2189 453 2234; x_wconf 86' lang='lat' dir='ltr'>VII,</span> <span class='ocrx_word' id='word_1_174' title='bbox 477 2191 543 2228; x_wconf 80' lang='lat'>27.</span> <span class='ocrx_word' id='word_1_175' title='bbox 602 2186 664 2224; x_wconf 84' lang='lat' dir='ltr'>Ad</span> <span class='ocrx_word' id='word_1_176' title='bbox 683 2201 745 2225; x_wconf 90' lang='lat' dir='ltr'>se-</span> 
     </span>
     <span class='ocr_line' id='line_1_35' title="bbox 90 2242 745 2295; baseline 0.003 -17"><span class='ocrx_word' id='word_1_177' title='bbox 90 2256 210 2294; x_wconf 88' lang='lat' dir='ltr'>quens</span> <span class='ocrx_word' id='word_1_178' title='bbox 233 2243 274 2283; x_wconf 82' lang='grc' dir='ltr'>οἱ</span> <span class='ocrx_word' id='word_1_179' title='bbox 296 2242 338 2283; x_wconf 80' lang='grc' dir='ltr'>δὲ</span> <span class='ocrx_word' id='word_1_180' title='bbox 363 2245 462 2281; x_wconf 84' lang='lat' dir='ltr'>conf.</span> <span class='ocrx_word' id='word_1_181' title='bbox 481 2245 630 2290; x_wconf 79' lang='lat' dir='ltr'>similia,</span> <span class='ocrx_word' id='word_1_182' title='bbox 647 2257 745 2295; x_wconf 88' lang='lat' dir='ltr'>quae</span> 
     </span>
     <span class='ocr_line' id='line_1_36' title="bbox 89 2300 743 2348; baseline -0.003 -6"><span class='ocrx_word' id='word_1_183' title='bbox 89 2306 238 2337; x_wconf 82' lang='lat' dir='ltr'>exstant</span> <span class='ocrx_word' id='word_1_184' title='bbox 266 2301 294 2348; x_wconf 83' lang='grc' dir='ltr'>Ι,</span> <span class='ocrx_word' id='word_1_185' title='bbox 317 2301 382 2342; x_wconf 83' lang='grc'>56.</span> <span class='ocrx_word' id='word_1_186' title='bbox 410 2300 458 2348; x_wconf 85' lang='lat' dir='ltr'>V,</span> <span class='ocrx_word' id='word_1_187' title='bbox 484 2304 572 2341; x_wconf 81' lang='lat'>120.</span> <span class='ocrx_word' id='word_1_188' title='bbox 602 2302 683 2348; x_wconf 83' lang='lat' dir='ltr'>VII,</span> <span class='ocrx_word' id='word_1_189' title='bbox 705 2304 743 2342; x_wconf 88' lang='lat'>6.</span> 
     </span>
     <span class='ocr_line' id='line_1_37' title="bbox 91 2357 743 2407; baseline 0 -13"><span class='ocrx_word' id='word_1_190' title='bbox 91 2358 183 2395; x_wconf 84' lang='lat'>163.</span> <span class='ocrx_word' id='word_1_191' title='bbox 238 2358 296 2393; x_wconf 94' lang='lat' dir='ltr'>De</span> <span class='ocrx_word' id='word_1_192' title='bbox 336 2365 560 2407; x_wconf 79' lang='lat' dir='ltr'>argumento</span> <span class='ocrx_word' id='word_1_193' title='bbox 589 2359 663 2394; x_wconf 89' lang='lat' dir='ltr'>loci</span> <span class='ocrx_word' id='word_1_194' title='bbox 693 2357 743 2395; x_wconf 87' lang='lat' dir='ltr'>cf.</span> 
     </span>
     <span class='ocr_line' id='line_1_38' title="bbox 88 2411 743 2461; baseline 0.006 -15"><span class='ocrx_word' id='word_1_195' title='bbox 88 2411 278 2461; x_wconf 79' lang='lat' dir='ltr'>Plutarch,</span> <span class='ocrx_word' id='word_1_196' title='bbox 299 2412 547 2452; x_wconf 87' lang='lat' dir='ltr'>Themistocl.</span> <span class='ocrx_word' id='word_1_197' title='bbox 569 2417 609 2456; x_wconf 85' lang='lat'>9.</span> <span class='ocrx_word' id='word_1_198' title='bbox 629 2413 743 2451; x_wconf 87' lang='lat' dir='ltr'>Diod.</span> 
     </span>
     <span class='ocr_line' id='line_1_39' title="bbox 92 2466 340 2515; baseline 0.012 -12"><span class='ocrx_word' id='word_1_199' title='bbox 92 2466 252 2515; x_wconf 81' lang='lat' dir='ltr'>Sic.X1‚</span> <span class='ocrx_word' id='word_1_200' title='bbox 275 2473 340 2510; x_wconf 88' lang='lat'>16.</span> 
     </span>
    </p>

    <p class='ocr_par' dir='ltr' id='par_1_13' title="bbox 87 2521 741 2856">
     <span class='ocr_line' id='line_1_40' title="bbox 150 2521 741 2577; baseline 0.007 -15"><span class='ocrx_word' id='word_1_201' title='bbox 150 2528 221 2563; x_wconf 82' lang='grc' dir='ltr'><em>τόν</em></span> <span class='ocrx_word' id='word_1_202' title='bbox 251 2521 417 2576; x_wconf 80' lang='grc' dir='ltr'><em>Ἰσθμόν</em></span> <span class='ocrx_word' id='word_1_203' title='bbox 449 2522 596 2573; x_wconf 73' lang='grc' dir='ltr'><em>αὖτοῦς</em></span> <span class='ocrx_word' id='word_1_204' title='bbox 625 2525 741 2577; x_wconf 82' lang='grc' dir='ltr'><em>τειχέ-</em></span> 
     </span>
     <span class='ocr_line' id='line_1_41' title="bbox 91 2579 737 2634; baseline 0.009 -17"><span class='ocrx_word' id='word_1_205' title='bbox 91 2593 209 2627; x_wconf 86' lang='grc' dir='ltr'><em>οντας</em></span> <span class='ocrx_word' id='word_1_206' title='bbox 238 2579 277 2626; x_wconf 80' lang='grc' dir='ltr'>ἒς</span> <span class='ocrx_word' id='word_1_207' title='bbox 305 2580 376 2631; x_wconf 71' lang='grc' dir='ltr'><em>τήν</em></span> <span class='ocrx_word' id='word_1_208' title='bbox 403 2581 737 2634; x_wconf 78' lang='grc' dir='ltr'><em>Πελοπόννησον]</em></span> 
     </span>
     <span class='ocr_line' id='line_1_42' title="bbox 87 2637 737 2689; baseline 0.008 -17"><span class='ocrx_word' id='word_1_209' title='bbox 87 2637 144 2672; x_wconf 88' lang='lat' dir='ltr'>Ita</span> <span class='ocrx_word' id='word_1_210' title='bbox 183 2649 272 2674; x_wconf 88' lang='lat' dir='ltr'>cum</span> <span class='ocrx_word' id='word_1_211' title='bbox 302 2637 519 2689; x_wconf 77' lang='lat' dir='ltr'>Schweigh.</span> <span class='ocrx_word' id='word_1_212' title='bbox 551 2647 587 2676; x_wconf 88' lang='lat' dir='ltr'>et</span> <span class='ocrx_word' id='word_1_213' title='bbox 622 2641 737 2679; x_wconf 84' lang='lat' dir='ltr'>Gaisf.</span> 
     </span>
     <span class='ocr_line' id='line_1_43' title="bbox 90 2691 738 2744; baseline 0.005 -14"><span class='ocrx_word' id='word_1_214' title='bbox 90 2691 179 2730; x_wconf 84' lang='lat' dir='ltr'>dedi</span> <span class='ocrx_word' id='word_1_215' title='bbox 198 2691 310 2731; x_wconf 89' lang='lat' dir='ltr'>codd.</span> <span class='ocrx_word' id='word_1_216' title='bbox 334 2695 386 2730; x_wconf 84' lang='lat' dir='ltr'>ita</span> <span class='ocrx_word' id='word_1_217' title='bbox 413 2697 640 2744; x_wconf 84' lang='lat' dir='ltr'>iubentibus,</span> <span class='ocrx_word' id='word_1_218' title='bbox 669 2711 738 2733; x_wconf 82' lang='lat' dir='ltr'>ex-</span> 
     </span>
     <span class='ocr_line' id='line_1_44' title="bbox 88 2751 738 2804; baseline 0.005 -18"><span class='ocrx_word' id='word_1_219' title='bbox 88 2756 198 2800; x_wconf 85' lang='lat' dir='ltr'>cepto</span> <span class='ocrx_word' id='word_1_220' title='bbox 219 2762 295 2786; x_wconf 92' lang='lat' dir='ltr'>uno</span> <span class='ocrx_word' id='word_1_221' title='bbox 317 2751 505 2789; x_wconf 86' lang='lat' dir='ltr'>Sancrofti</span> <span class='ocrx_word' id='word_1_222' title='bbox 530 2754 645 2800; x_wconf 88' lang='lat' dir='ltr'>libro,</span> <span class='ocrx_word' id='word_1_223' title='bbox 673 2754 738 2804; x_wconf 89' lang='lat' dir='ltr'>qui</span> 
     </span>
     <span class='ocr_line' id='line_1_45' title="bbox 89 2805 736 2856; baseline 0.008 -15"><span class='ocrx_word' id='word_1_224' title='bbox 89 2819 157 2856; x_wconf 88' lang='lat' dir='ltr'>pro</span> <span class='ocrx_word' id='word_1_225' title='bbox 178 2805 216 2854; x_wconf 80' lang='grc' dir='ltr'>ἐς</span> <span class='ocrx_word' id='word_1_226' title='bbox 237 2805 390 2844; x_wconf 76' lang='lat' dir='ltr'>exhibet</span> <span class='ocrx_word' id='word_1_227' title='bbox 422 2808 500 2848; x_wconf 80' lang='grc' dir='ltr'>καί.</span> <span class='ocrx_word' id='word_1_228' title='bbox 558 2808 736 2846; x_wconf 76' lang='lat' dir='ltr'>Schaefe-</span> 
     </span>
    </p>
   </div>
   <div class='ocr_carea' id='block_1_11' title="bbox 792 1171 1469 2861">
    <p class='ocr_par' dir='ltr' id='par_1_14' title="bbox 803 1171 1469 1899">
     <span class='ocr_line' id='line_1_46' title="bbox 812 1171 1469 1223; baseline 0.005 -16"><span class='ocrx_word' id='word_1_229' title='bbox 812 1184 887 1220; x_wconf 88' lang='lat' dir='ltr'>rus,</span> <span class='ocrx_word' id='word_1_230' title='bbox 925 1184 1042 1222; x_wconf 88' lang='lat' dir='ltr'>quem</span> <span class='ocrx_word' id='word_1_231' title='bbox 1085 1179 1296 1223; x_wconf 88' lang='lat' dir='ltr'>sequuntur</span> <span class='ocrx_word' id='word_1_232' title='bbox 1332 1171 1469 1211; x_wconf 82' lang='lat' dir='ltr'>Matth.</span> 
     </span>
     <span class='ocr_line' id='line_1_47' title="bbox 813 1227 1468 1281; baseline 0.003 -17"><span class='ocrx_word' id='word_1_233' title='bbox 813 1235 849 1264; x_wconf 87' lang='lat' dir='ltr'>et</span> <span class='ocrx_word' id='word_1_234' title='bbox 887 1227 1066 1275; x_wconf 63' lang='lat' dir='ltr'>Bekker„</span> <span class='ocrx_word' id='word_1_235' title='bbox 1099 1242 1227 1280; x_wconf 86' lang='lat' dir='ltr'>neque</span> <span class='ocrx_word' id='word_1_236' title='bbox 1267 1228 1306 1275; x_wconf 76' lang='grc' dir='ltr'>ἐς</span> <span class='ocrx_word' id='word_1_237' title='bbox 1341 1243 1468 1281; x_wconf 87' lang='lat' dir='ltr'>neque</span> 
     </span>
     <span class='ocr_line' id='line_1_48' title="bbox 810 1282 1467 1335; baseline 0.002 -13"><span class='ocrx_word' id='word_1_238' title='bbox 810 1282 877 1322; x_wconf 82' lang='grc' dir='ltr'>καὶ</span> <span class='ocrx_word' id='word_1_239' title='bbox 910 1286 1071 1334; x_wconf 87' lang='lat' dir='ltr'>recepit,</span> <span class='ocrx_word' id='word_1_240' title='bbox 1105 1286 1364 1335; x_wconf 81' lang='lat' dir='ltr'>planissimam</span> <span class='ocrx_word' id='word_1_241' title='bbox 1392 1285 1467 1323; x_wconf 90' lang='lat' dir='ltr'>hoc</span> 
     </span>
     <span class='ocr_line' id='line_1_49' title="bbox 809 1339 1467 1380; baseline 0.003 -4"><span class='ocrx_word' id='word_1_242' title='bbox 809 1339 926 1377; x_wconf 90' lang='lat' dir='ltr'>modo</span> <span class='ocrx_word' id='word_1_243' title='bbox 942 1340 1103 1377; x_wconf 87' lang='lat' dir='ltr'>reddens</span> <span class='ocrx_word' id='word_1_244' title='bbox 1120 1343 1342 1380; x_wconf 85' lang='lat' dir='ltr'>orationem.</span> <span class='ocrx_word' id='word_1_245' title='bbox 1365 1342 1467 1379; x_wconf 84' lang='lat' dir='ltr'>Sen-</span> 
     </span>
     <span class='ocr_line' id='line_1_50' title="bbox 809 1396 1465 1448; baseline 0.005 -15"><span class='ocrx_word' id='word_1_246' title='bbox 809 1410 895 1433; x_wconf 88' lang='lat' dir='ltr'>sum</span> <span class='ocrx_word' id='word_1_247' title='bbox 933 1398 985 1433; x_wconf 91' lang='lat' dir='ltr'>sic</span> <span class='ocrx_word' id='word_1_248' title='bbox 1024 1399 1205 1446; x_wconf 84' lang='lat' dir='ltr'>expressit</span> <span class='ocrx_word' id='word_1_249' title='bbox 1246 1396 1465 1448; x_wconf 76' lang='lat' dir='ltr'>Schweigh-</span> 
     </span>
     <span class='ocr_line' id='line_1_51' title="bbox 809 1453 1468 1503; baseline 0.005 -15"><span class='ocrx_word' id='word_1_250' title='bbox 809 1453 999 1501; x_wconf 69' lang='lat' dir='ltr'>„isthmum</span> <span class='ocrx_word' id='word_1_251' title='bbox 1028 1453 1129 1501; x_wconf 82' lang='lat' dir='ltr'>illos,</span> <span class='ocrx_word' id='word_1_252' title='bbox 1162 1454 1234 1503; x_wconf 67' lang='lat' dir='ltr'>quet</span> <span class='ocrx_word' id='word_1_253' title='bbox 1261 1457 1311 1489; x_wconf 82' lang='lat' dir='ltr'>est</span> <span class='ocrx_word' id='word_1_254' title='bbox 1342 1457 1468 1491; x_wconf 76' lang='lat' dir='ltr'>introi-</span> 
     </span>
     <span class='ocr_line' id='line_1_52' title="bbox 808 1509 1466 1559; baseline 0.003 -14"><span class='ocrx_word' id='word_1_255' title='bbox 808 1512 865 1546; x_wconf 78' lang='lat' dir='ltr'>tas</span> <span class='ocrx_word' id='word_1_256' title='bbox 883 1511 923 1546; x_wconf 81' lang='lat' dir='ltr'>z&#39;n</span> <span class='ocrx_word' id='word_1_257' title='bbox 935 1509 1212 1559; x_wconf 73' lang='lat' dir='ltr'>Peloponnesum,</span> <span class='ocrx_word' id='word_1_258' title='bbox 1237 1522 1333 1546; x_wconf 83' lang='lat' dir='ltr'>muro</span> <span class='ocrx_word' id='word_1_259' title='bbox 1353 1512 1466 1547; x_wconf 77' lang='lat' dir='ltr'>inter-</span> 
     </span>
     <span class='ocr_line' id='line_1_53' title="bbox 809 1565 1465 1615; baseline 0 -12"><span class='ocrx_word' id='word_1_260' title='bbox 809 1567 958 1615; x_wconf 75' lang='lat' dir='ltr'>cipere.“</span> <span class='ocrx_word' id='word_1_261' title='bbox 1002 1565 1119 1615; x_wconf 88' lang='lat' dir='ltr'>Apud</span> <span class='ocrx_word' id='word_1_262' title='bbox 1138 1565 1333 1605; x_wconf 83' lang='lat' dir='ltr'>Plutarch.</span> <span class='ocrx_word' id='word_1_263' title='bbox 1355 1566 1465 1603; x_wconf 87' lang='lat' dir='ltr'>The-</span> 
     </span>
     <span class='ocr_line' id='line_1_54' title="bbox 807 1623 1464 1674; baseline 0.008 -16"><span class='ocrx_word' id='word_1_264' title='bbox 807 1623 968 1659; x_wconf 85' lang='lat' dir='ltr'>mistocl.</span> <span class='ocrx_word' id='word_1_265' title='bbox 1000 1625 1023 1663; x_wconf 84' lang='lat'><strong>9</strong></span> <span class='ocrx_word' id='word_1_266' title='bbox 1045 1623 1232 1673; x_wconf 83' lang='lat' dir='ltr'>legimus:</span> <span class='ocrx_word' id='word_1_267' title='bbox 1285 1623 1464 1674; x_wconf 77' lang='grc' dir='ltr'><em>διατειχι-</em></span> 
     </span>
     <span class='ocr_line' id='line_1_55' title="bbox 808 1675 1462 1731; baseline 0 -13"><span class='ocrx_word' id='word_1_268' title='bbox 808 1678 957 1725; x_wconf 82' lang='grc' dir='ltr'><em>ζόντων</em></span> <span class='ocrx_word' id='word_1_269' title='bbox 982 1677 1052 1717; x_wconf 76' lang='grc' dir='ltr'><em>τόν</em></span> <span class='ocrx_word' id='word_1_270' title='bbox 1077 1675 1248 1731; x_wconf 76' lang='grc' dir='ltr'><em>Ἰσθμόν</em></span> <span class='ocrx_word' id='word_1_271' title='bbox 1276 1679 1349 1725; x_wconf 85' lang='grc' dir='ltr'>εἰς</span> <span class='ocrx_word' id='word_1_272' title='bbox 1375 1676 1462 1718; x_wconf 73' lang='grc' dir='ltr'>θά-</span> 
     </span>
     <span class='ocr_line' id='line_1_56' title="bbox 805 1732 1463 1787; baseline -0.002 -14"><span class='ocrx_word' id='word_1_273' title='bbox 805 1738 947 1773; x_wconf 86' lang='grc' dir='ltr'><em>λατταν</em></span> <span class='ocrx_word' id='word_1_274' title='bbox 963 1734 1005 1774; x_wconf 79' lang='grc' dir='ltr'>ἐκ</span> <span class='ocrx_word' id='word_1_275' title='bbox 1021 1732 1240 1787; x_wconf 67' lang='grc' dir='ltr'><em>θαλάττηςς</em></span> <span class='ocrx_word' id='word_1_276' title='bbox 1273 1749 1388 1787; x_wconf 89' lang='lat' dir='ltr'>quam</span> <span class='ocrx_word' id='word_1_277' title='bbox 1407 1737 1463 1773; x_wconf 85' lang='lat' dir='ltr'>lo-</span> 
     </span>
     <span class='ocr_line' id='line_1_57' title="bbox 805 1790 1461 1842; baseline 0.003 -15"><span class='ocrx_word' id='word_1_278' title='bbox 805 1791 948 1842; x_wconf 89' lang='lat' dir='ltr'>quendi</span> <span class='ocrx_word' id='word_1_279' title='bbox 977 1792 1183 1829; x_wconf 87' lang='lat' dir='ltr'>formulam</span> <span class='ocrx_word' id='word_1_280' title='bbox 1223 1793 1387 1842; x_wconf 79' lang='lat' dir='ltr'>explicui</span> <span class='ocrx_word' id='word_1_281' title='bbox 1413 1790 1461 1829; x_wconf 85' lang='lat' dir='ltr'>ad</span> 
     </span>
     <span class='ocr_line' id='line_1_58' title="bbox 803 1847 1327 1899; baseline 0.004 -15"><span class='ocrx_word' id='word_1_282' title='bbox 803 1847 998 1885; x_wconf 86' lang='lat' dir='ltr'>Plutarch.</span> <span class='ocrx_word' id='word_1_283' title='bbox 1018 1849 1140 1886; x_wconf 88' lang='lat' dir='ltr'>Alcib.</span> <span class='ocrx_word' id='word_1_284' title='bbox 1172 1863 1210 1899; x_wconf 91' lang='lat' dir='ltr'>p.</span> <span class='ocrx_word' id='word_1_285' title='bbox 1232 1849 1327 1890; x_wconf 75' lang='lat'>225.</span> 
     </span>
    </p>

    <p class='ocr_par' dir='ltr' id='par_1_15' title="bbox 792 1901 1459 2861">
     <span class='ocr_line' id='line_1_59' title="bbox 859 1901 1459 1956; baseline -0.002 -13"><span class='ocrx_word' id='word_1_286' title='bbox 859 1902 907 1943; x_wconf 64' lang='grc' dir='ltr'>ἰα’</span> <span class='ocrx_word' id='word_1_287' title='bbox 929 1903 970 1943; x_wconf 81' lang='grc' dir='ltr'>δὲ</span> <span class='ocrx_word' id='word_1_288' title='bbox 987 1902 1085 1944; x_wconf 74' lang='grc' dir='ltr'><em>ἄλλα</em></span> <span class='ocrx_word' id='word_1_289' title='bbox 1104 1901 1283 1954; x_wconf 82' lang='grc' dir='ltr'><em>α’πιέναι]</em></span> <span class='ocrx_word' id='word_1_290' title='bbox 1305 1907 1459 1956; x_wconf 64' lang='lat' dir='ltr'>Inceptst</span> 
     </span>
     <span class='ocr_line' id='line_1_60' title="bbox 805 1961 1458 1999; baseline 0.002 -1"><span class='ocrx_word' id='word_1_291' title='bbox 805 1963 982 1998; x_wconf 82' lang='lat' dir='ltr'>orationis</span> <span class='ocrx_word' id='word_1_292' title='bbox 1013 1961 1197 1999; x_wconf 59' lang='lat' dir='ltr'>structura</span> <span class='ocrx_word' id='word_1_293' title='bbox 1219 1961 1358 1999; x_wconf 76' lang='lat' dir='ltr'>excidit</span> <span class='ocrx_word' id='word_1_294' title='bbox 1377 1965 1458 1999; x_wconf 89' lang='lat' dir='ltr'>No-</span> 
     </span>
     <span class='ocr_line' id='line_1_61' title="bbox 801 2018 1457 2069; baseline 0 -15"><span class='ocrx_word' id='word_1_295' title='bbox 801 2025 896 2065; x_wconf 87' lang='lat' dir='ltr'>ster,</span> <span class='ocrx_word' id='word_1_296' title='bbox 936 2018 1165 2055; x_wconf 83' lang='lat' dir='ltr'>infinitivum</span> <span class='ocrx_word' id='word_1_297' title='bbox 1184 2031 1350 2069; x_wconf 86' lang='lat' dir='ltr'>ponens,</span> <span class='ocrx_word' id='word_1_298' title='bbox 1391 2020 1457 2055; x_wconf 89' lang='lat' dir='ltr'>ubi</span> 
     </span>
     <span class='ocr_line' id='line_1_62' title="bbox 803 2076 1458 2125; baseline 0.002 -15"><span class='ocrx_word' id='word_1_299' title='bbox 803 2076 851 2111; x_wconf 92' lang='lat' dir='ltr'>ob</span> <span class='ocrx_word' id='word_1_300' title='bbox 872 2088 1089 2125; x_wconf 82' lang='lat' dir='ltr'>praegressa</span> <span class='ocrx_word' id='word_1_301' title='bbox 1113 2076 1353 2125; x_wconf 76' lang='lat' dir='ltr'>exspectabas</span> <span class='ocrx_word' id='word_1_302' title='bbox 1374 2089 1458 2125; x_wconf 84' lang='lat' dir='ltr'>par-</span> 
     </span>
     <span class='ocr_line' id='line_1_63' title="bbox 799 2132 1456 2182; baseline 0.002 -15"><span class='ocrx_word' id='word_1_303' title='bbox 799 2132 995 2182; x_wconf 89' lang='lat' dir='ltr'>ticipium,</span> <span class='ocrx_word' id='word_1_304' title='bbox 1033 2133 1105 2168; x_wconf 88' lang='lat' dir='ltr'>nisi</span> <span class='ocrx_word' id='word_1_305' title='bbox 1133 2133 1277 2169; x_wconf 73' lang='lat' dir='ltr'>variare</span> <span class='ocrx_word' id='word_1_306' title='bbox 1317 2133 1456 2168; x_wconf 82' lang='lat' dir='ltr'>oratio-</span> 
     </span>
     <span class='ocr_line' id='line_1_64' title="bbox 799 2187 1456 2232; baseline -0.002 -8"><span class='ocrx_word' id='word_1_307' title='bbox 799 2201 891 2224; x_wconf 87' lang='lat' dir='ltr'>nem</span> <span class='ocrx_word' id='word_1_308' title='bbox 910 2189 1019 2224; x_wconf 90' lang='lat' dir='ltr'>illum</span> <span class='ocrx_word' id='word_1_309' title='bbox 1038 2190 1199 2226; x_wconf 80' lang='lat' dir='ltr'>voluisse</span> <span class='ocrx_word' id='word_1_310' title='bbox 1221 2187 1370 2232; x_wconf 83' lang='lat' dir='ltr'>dixeris,</span> <span class='ocrx_word' id='word_1_311' title='bbox 1402 2189 1456 2224; x_wconf 80' lang='lat' dir='ltr'>ita</span> 
     </span>
     <span class='ocr_line' id='line_1_65' title="bbox 801 2239 1455 2295; baseline 0.002 -14"><span class='ocrx_word' id='word_1_312' title='bbox 801 2252 843 2281; x_wconf 89' lang='lat' dir='ltr'>ut</span> <span class='ocrx_word' id='word_1_313' title='bbox 862 2246 1029 2295; x_wconf 84' lang='lat' dir='ltr'>primum</span> <span class='ocrx_word' id='word_1_314' title='bbox 1042 2245 1156 2282; x_wconf 81' lang='lat' dir='ltr'>verbo</span> <span class='ocrx_word' id='word_1_315' title='bbox 1169 2239 1455 2282; x_wconf 72' lang='grc' dir='ltr'><em>πυνθάνεσθαι</em></span> 
     </span>
     <span class='ocr_line' id='line_1_66' title="bbox 800 2300 1455 2352; baseline 0 -15"><span class='ocrx_word' id='word_1_316' title='bbox 800 2302 1040 2352; x_wconf 86' lang='lat' dir='ltr'>participium</span> <span class='ocrx_word' id='word_1_317' title='bbox 1068 2315 1136 2352; x_wconf 85' lang='lat' dir='ltr'>pro</span> <span class='ocrx_word' id='word_1_318' title='bbox 1167 2314 1273 2337; x_wconf 88' lang='lat' dir='ltr'>more</span> <span class='ocrx_word' id='word_1_319' title='bbox 1306 2300 1455 2337; x_wconf 85' lang='lat' dir='ltr'>adstru—</span> 
     </span>
     <span class='ocr_line' id='line_1_67' title="bbox 799 2357 1455 2405; baseline -0.005 -10"><span class='ocrx_word' id='word_1_320' title='bbox 799 2359 909 2405; x_wconf 81' lang='lat' dir='ltr'>xerit,</span> <span class='ocrx_word' id='word_1_321' title='bbox 932 2357 1068 2394; x_wconf 80' lang='lat' dir='ltr'>deinde</span> <span class='ocrx_word' id='word_1_322' title='bbox 1089 2359 1233 2395; x_wconf 81' lang='lat' dir='ltr'>veroin</span> <span class='ocrx_word' id='word_1_323' title='bbox 1254 2358 1455 2394; x_wconf 82' lang='lat' dir='ltr'>accusativi</span> 
     </span>
     <span class='ocr_line' id='line_1_68' title="bbox 799 2414 1454 2451; baseline 0 -1"><span class='ocrx_word' id='word_1_324' title='bbox 799 2422 837 2451; x_wconf 85' lang='lat' dir='ltr'>et</span> <span class='ocrx_word' id='word_1_325' title='bbox 856 2414 1031 2451; x_wconf 79' lang='lat' dir='ltr'>infinitivi</span> <span class='ocrx_word' id='word_1_326' title='bbox 1062 2421 1287 2451; x_wconf 86' lang='lat' dir='ltr'>structuram</span> <span class='ocrx_word' id='word_1_327' title='bbox 1313 2415 1454 2450; x_wconf 82' lang='lat' dir='ltr'>oratio-</span> 
     </span>
     <span class='ocr_line' id='line_1_69' title="bbox 797 2468 1453 2508; baseline -0.002 -1"><span class='ocrx_word' id='word_1_328' title='bbox 797 2484 888 2508; x_wconf 89' lang='lat' dir='ltr'>nem</span> <span class='ocrx_word' id='word_1_329' title='bbox 917 2471 1175 2508; x_wconf 84' lang='lat' dir='ltr'>conformarit.</span> <span class='ocrx_word' id='word_1_330' title='bbox 1234 2471 1290 2506; x_wconf 87' lang='lat' dir='ltr'>Cf.</span> <span class='ocrx_word' id='word_1_331' title='bbox 1318 2468 1453 2506; x_wconf 75' lang='lat' dir='ltr'>matth.</span> 
     </span>
     <span class='ocr_line' id='line_1_70' title="bbox 798 2527 1452 2576; baseline -0.003 -12"><span class='ocrx_word' id='word_1_332' title='bbox 798 2528 863 2564; x_wconf 89' lang='lat' dir='ltr'>Gr.</span> <span class='ocrx_word' id='word_1_333' title='bbox 887 2529 951 2564; x_wconf 88' lang='lat' dir='ltr'>Gr.</span> <span class='ocrx_word' id='word_1_334' title='bbox 975 2530 1009 2573; x_wconf 60' lang='grc' dir='ltr'>ξ.</span> <span class='ocrx_word' id='word_1_335' title='bbox 1031 2527 1111 2567; x_wconf 84' lang='lat'>549</span> <span class='ocrx_word' id='word_1_336' title='bbox 1132 2533 1210 2563; x_wconf 82' lang='lat' dir='ltr'>not.</span> <span class='ocrx_word' id='word_1_337' title='bbox 1230 2530 1256 2566; x_wconf 80' lang='lat'><strong>2</strong></span> <span class='ocrx_word' id='word_1_338' title='bbox 1274 2540 1312 2576; x_wconf 88' lang='lat' dir='ltr'>p.</span> <span class='ocrx_word' id='word_1_339' title='bbox 1334 2528 1452 2566; x_wconf 83' lang='lat'>1079.</span> 
     </span>
     <span class='ocr_line' id='line_1_71' title="bbox 794 2583 1451 2635; baseline -0.005 -14"><span class='ocrx_word' id='word_1_340' title='bbox 794 2604 850 2613; x_wconf 91' lang='lat'>—</span> <span class='ocrx_word' id='word_1_341' title='bbox 870 2585 915 2620; x_wconf 87' lang='lat' dir='ltr'>Iu</span> <span class='ocrx_word' id='word_1_342' title='bbox 936 2585 1111 2634; x_wconf 76' lang='lat' dir='ltr'>proxime</span> <span class='ocrx_word' id='word_1_343' title='bbox 1138 2596 1244 2635; x_wconf 87' lang='lat' dir='ltr'>seqq.</span> <span class='ocrx_word' id='word_1_344' title='bbox 1273 2583 1451 2619; x_wconf 86' lang='lat' dir='ltr'>voculam</span> 
     </span>
     <span class='ocr_line' id='line_1_72' title="bbox 795 2637 1451 2691; baseline -0.008 -12"><span class='ocrx_word' id='word_1_345' title='bbox 795 2637 863 2691; x_wconf 74' lang='grc' dir='ltr'>δή,</span> <span class='ocrx_word' id='word_1_346' title='bbox 885 2653 982 2691; x_wconf 85' lang='lat' dir='ltr'>qnae</span> <span class='ocrx_word' id='word_1_347' title='bbox 1002 2646 1085 2690; x_wconf 86' lang='lat' dir='ltr'>post</span> <span class='ocrx_word' id='word_1_348' title='bbox 1104 2641 1225 2678; x_wconf 84' lang='grc' dir='ltr'><em>ταῦτα</em></span> <span class='ocrx_word' id='word_1_349' title='bbox 1243 2640 1357 2689; x_wconf 85' lang='lat' dir='ltr'>vulgo</span> <span class='ocrx_word' id='word_1_350' title='bbox 1371 2639 1451 2675; x_wconf 92' lang='lat' dir='ltr'>col-</span> 
     </span>
     <span class='ocr_line' id='line_1_73' title="bbox 792 2694 1450 2742; baseline -0.003 -8"><span class='ocrx_word' id='word_1_351' title='bbox 792 2697 1009 2742; x_wconf 71' lang='lat' dir='ltr'>locabatur,</span> <span class='ocrx_word' id='word_1_352' title='bbox 1052 2709 1073 2731; x_wconf 92' lang='lat' dir='ltr'>e</span> <span class='ocrx_word' id='word_1_353' title='bbox 1110 2697 1313 2733; x_wconf 87' lang='lat' dir='ltr'>meliorum</span> <span class='ocrx_word' id='word_1_354' title='bbox 1335 2694 1450 2732; x_wconf 84' lang='lat' dir='ltr'>codd.</span> 
     </span>
     <span class='ocr_line' id='line_1_74' title="bbox 795 2748 1448 2803; baseline 0.003 -14"><span class='ocrx_word' id='word_1_355' title='bbox 795 2754 1017 2789; x_wconf 71' lang='lat' dir='ltr'>auctoritate</span> <span class='ocrx_word' id='word_1_356' title='bbox 1034 2754 1205 2790; x_wconf 84' lang='lat' dir='ltr'>transtuli</span> <span class='ocrx_word' id='word_1_357' title='bbox 1225 2759 1309 2803; x_wconf 87' lang='lat' dir='ltr'>post</span> <span class='ocrx_word' id='word_1_358' title='bbox 1330 2748 1448 2797; x_wconf 68' lang='grc' dir='ltr'><em>οὕτω,</em></span> 
     </span>
     <span class='ocr_line' id='line_1_75' title="bbox 793 2808 1448 2861; baseline -0.003 -15"><span class='ocrx_word' id='word_1_359' title='bbox 793 2809 1060 2861; x_wconf 84' lang='lat' dir='ltr'>praeeuntibus</span> <span class='ocrx_word' id='word_1_360' title='bbox 1083 2808 1316 2860; x_wconf 68' lang='lat' dir='ltr'>Schweigh„</span> <span class='ocrx_word' id='word_1_361' title='bbox 1333 2808 1448 2847; x_wconf 73' lang='lat' dir='ltr'>Gaisf‘.</span> 
     </span>
    </p>
   </div>
  </div>
 </body>
</html>
