1839 3292
416 238 484 276 DE
516 236 640 275 VITA
671 235 743 273 ET
773 233 1007 273 SCRIPTIS
1035 235 1316 273 HERonoTI.
1523 240 1608 279 409

122 364 218 403 opus
253 348 459 398 translatis,
500 347 606 401 quod
633 348 809 399 proxime
829 347 1062 386 adscendens
1090 345 1139 384 ad
1175 346 1366 395 carmina,
1403 359 1500 398 quae
1526 350 1607 387 sola

122 409 215 445 olim
241 406 355 443 literis
383 406 726 456 consignabautur‚
761 406 823 443 vel
839 407 880 442 in
900 406 1022 443 soluta
1052 405 1221 442 oratione
1245 402 1350 440 haud
1366 415 1487 453 pauca
1501 404 1608 453 ligati

121 463 302 502 sermonis
317 463 472 512 vestigia
501 463 662 499 retinere
680 462 828 507 debuit,
857 469 899 499 ut
929 463 1043 498 etiam
1070 456 1362 512 ὁμηρικώτατον
1392 473 1470 497 esse
1498 460 1608 497 illum

120 520 357 558 inveniamus
386 519 427 555 in
451 520 558 555 omni
588 520 709 569 operis
742 518 871 555 indole
905 525 1019 569 atque
1045 517 1348 554 conformatione
1377 515 1426 552 ad
1455 517 1609 566 epicum

121 588 275 613 carmen
293 576 466 625 proxime
487 574 703 612 accedente.
719 571 763 624 ³⁶²)
820 576 881 610 Ex
899 576 1068 611 Homero
1089 570 1158 621 ιὶβἢ)
1187 586 1340 625 quoque
1357 571 1511 609 ductam
1528 586 1608 609 esse

121 644 207 669 eam
230 633 427 668 notionem
439 660 449 679 ,
480 645 596 682 quam
618 645 686 681 per
705 629 890 667 Herodoti
908 631 1022 667 libros
1039 642 1199 679 regnare
1215 629 1332 666 modo
1351 628 1529 676 diximus,
1565 629 1608 666 tle

120 688 245 726 divina
274 692 384 725 mente
409 694 522 738 atque
542 688 682 725 invidia
712 688 791 724 sive
816 687 989 735 vindicta,
1019 685 1132 723 tradit
1144 685 1386 722 Eustathius:
1427 687 1608 737 quinum

120 752 222 782 recte
238 752 373 781 statuat
398 757 540 792 necne,
575 743 750 793 deinceps
765 744 1017 793 intelligetur3
1042 738 1138 790 ssssssa‘ss)
1181 755 1250 778 uos
1272 743 1313 778 in
1340 749 1517 778 naturam
1535 754 1609 792 po-

119 802 194 839 tius
209 808 322 852 atque
341 801 419 838 vim
435 799 545 836 huius
562 799 712 837 divinae
741 801 876 837 mentis
897 800 1025 836 omnia
1039 798 1270 836 moderantis
1291 805 1328 835 et
1354 800 1518 849 regentis
1544 800 1608 834 in-

120 859 336 909 quiramus,
385 869 460 907 quo
493 857 607 893 simul
632 855 839 893 Herodotei
862 857 984 907 operis
1012 856 1107 892 ratio
1133 856 1271 892 melius
1303 856 1414 892 nobis
1438 861 1608 906 patescat

117 915 309 965 ipsiusque
327 913 515 962 scriptoris
532 914 732 950 consilium
750 914 791 949 in
814 911 968 950 historia
989 910 1187 950 scribenda
1213 912 1439 949 luculentius
1460 912 1610 962 perspi-

119 971 251 1007 ciatur.
309 970 366 1005 De
398 969 467 1005 diis
490 971 606 1020 vulgo
622 971 779 1020 receptis
798 969 890 1021 quid
905 970 1062 1006 senserit
1086 975 1193 1019 pater
1221 967 1418 1016 historiae,
1451 981 1531 1005 non
1557 969 1610 1004 ita

119 1026 310 1073 enuntiat,
343 1038 462 1077 quum
488 1028 550 1076 pia
568 1028 779 1063 reverentia
812 1026 946 1063 ductus
971 1025 1019 1075 †)
1050 1027 1140 1062 talia
1175 1026 1297 1062 celare
1333 1026 1465 1062 mallet
1492 1037 1611 1078 quam

117 1089 260 1120 temere
279 1083 318 1117 in
335 1083 533 1132 publicum
558 1082 739 1133 prodere3
773 1082 939 1134 indeque
960 1084 1074 1119 etiam
1099 1094 1143 1118 ea
1165 1081 1297 1118 efferre
1327 1083 1475 1130 noluit,
1506 1094 1606 1133 quae

117 1139 384 1190 mysteriorum
417 1137 610 1176 doctrinae
637 1141 827 1176 initiatum
851 1140 976 1176 sanior
1001 1146 1115 1190 atque
1138 1139 1268 1189 purior
1290 1139 1383 1174 ratio
1415 1138 1610 1175 docuerat.

119 1196 362 1246 Quamquam
384 1208 496 1245 supra
517 1197 651 1246 vulgus
673 1197 780 1232 illum
800 1197 965 1246 sapuisse
984 1203 1020 1232 et
1042 1196 1150 1231 altius
1172 1194 1265 1246 quid
1281 1208 1412 1231 secum
1425 1196 1609 1243 statuisse,

118 1251 263 1303 liquido
285 1265 334 1287 ex
357 1252 399 1287 iis
423 1259 544 1301 patet,
577 1266 674 1304 quae
698 1265 810 1303 supra
830 1254 906 1289 iam
934 1252 1042 1289 attuli
1060 1251 1106 1288 de
1137 1251 1215 1287 eius
1245 1250 1383 1299 studio,
1416 1265 1474 1288 res
1494 1252 1609 1287 miras

119 1307 348 1360 easdemque
372 1309 532 1346 minime
553 1309 760 1358 credibiles,
783 1322 871 1347 cum
895 1322 917 1346 a
944 1316 1081 1346 natura
1100 1321 1230 1345 rerum
1249 1321 1400 1359 prorsus
1426 1306 1611 1345 abhorre-

209 1499 245 1542 *)
277 1498 355 1533 vid.
388 1498 549 1532 Creuzer.
583 1497 650 1532 Die
672 1498 794 1532 histor.
833 1497 944 1531 Kunst
968 1496 1002 1530 d.
1028 1497 1091 1531 Gr.
1115 1509 1149 1542 p.
1179 1497 1254 1531 146.
1281 1495 1345 1531 148
1371 1495 1444 1529 coll.
1472 1495 1537 1530 155
1565 1517 1611 1522 —

120 1543 196 1579 157.
221 1545 262 1578 G.
286 1545 326 1578 A.
349 1545 517 1588 Bottiger.
542 1545 672 1579 Prolus.
697 1545 749 1578 De
773 1543 938 1578 Herodoti
962 1543 1106 1576 historia
1129 1543 1171 1577 ad
1205 1542 1361 1576 carminis
1394 1542 1480 1585 epici
1513 1542 1612 1574 indo-

117 1589 182 1627 lem
205 1589 344 1634 propius
367 1592 550 1624 accedente
577 1591 699 1624 Vimar.
727 1592 823 1625 1792.
846 1589 869 1623 4
892 1594 928 1622 et
950 1589 986 1622 in
1011 1589 1155 1633 Ruperti
1180 1595 1214 1622 et
1224 1587 1480 1621 Schlichthorst.
1507 1587 1611 1620 Com·

117 1640 233 1668 mentt.
256 1635 382 1680 philoll.
407 1636 535 1678 (Brem.
561 1637 664 1677 1794)
691 1637 735 1669 T.
763 1637 778 1669 Ι
803 1648 837 1681 p.
862 1636 917 1669 41.
944 1635 987 1668 T.
1012 1635 1044 1667 II
1061 1647 1094 1680 p.
1115 1635 1168 1668 54.
1219 1636 1360 1667 Geinoz.
1390 1633 1423 1666 in
1447 1633 1550 1666 Mem.
1565 1632 1610 1665 de

115 1680 253 1760 }'3A‹iad).K
269 1681 301 1713 d.
326 1681 498 1725 Inscriptt.
523 1682 568 1716 T.
593 1681 716 1716 XXIII
740 1694 774 1727 p.
808 1683 871 1715 101
896 1680 1041 1725 indeque
1063 1681 1244 1715 ternacnle
1267 1681 1302 1713 in
1328 1681 1505 1713 Gatterer.
1532 1679 1611 1712 hist.

147 1726 178 1759 ib
195 1752 202 1760 .
275 1738 311 1772 p.
332 1728 501 1762 29—-136,

210 1794 269 1838 ’¹‘*)
294 1795 388 1828 Satis
413 1795 489 1828 hinc
513 1798 675 1840 apparet,
706 1794 915 1828 Herodotum
946 1794 1085 1828 Homeri
1111 1793 1274 1835 carmina,
1301 1793 1414 1838 qualia
1437 1804 1525 1826 nunc
1559 1793 1612 1825 fe-

117 1843 258 1881 runtur,
290 1852 354 1874 uno
378 1841 544 1874 volumine
573 1842 815 1884 comprehensa
847 1840 979 1874 novisse
1003 1846 1039 1874 et
1063 1852 1157 1883 eam,
1200 1851 1287 1884 quae
1312 1839 1411 1882 vulgo
1437 1839 1524 1883 apud
1550 1849 1612 1871 nos

117 1890 258 1929 recepta
291 1892 343 1918 est
366 1890 548 1926 sententia,
584 1887 626 1919 de
648 1887 690 1919 iis
716 1887 891 1927 habuisse,
926 1898 989 1919 nec
1016 1887 1134 1919 desunt
1158 1897 1293 1929 quoque
1330 1886 1398 1918 alia
1420 1884 1613 1918 testimonia

117 1931 162 1971 II,
189 1932 264 1971 116,
287 1932 342 1964 ubi
367 1933 409 1964 cf.
435 1937 518 1965 nott.
545 1932 590 1965 T.
614 1933 630 1964 I
659 1944 692 1976 p.
717 1934 783 1966 740
807 1932 880 1965 coll.
907 1931 951 1972 II,
979 1933 1052 1965 120.
1071 1950 1113 1956 —
1138 1932 1196 1972 IV,
1220 1932 1263 1964 29
1289 1932 1363 1964 coll.
1387 1931 1444 1965 32.
1469 1948 1511 1955 —·
1564 1930 1610 1972 V,

119 1977 173 2010 67.
206 1976 283 2019 Vll,
321 1978 397 2012 161.
422 1977 472 2018 ΙΙ,
495 1977 551 2011 53.
574 1978 617 2011 23
642 1978 716 2010 coll.
733 1977 795 2018 IV,
820 1978 874 2012 32.
900 1977 945 2011 Τ.
970 1977 1002 2009 ΙΙ
1028 1988 1061 2021 p.
1089 1977 1168 2010 338.
1225 1976 1325 2010 Conf.
1351 1976 1512 2008 Creuzer.
1537 1975 1559 2007 l.
1586 1974 1608 2008 l.

117 2032 152 2067 p.
179 2021 242 2055 155
265 2034 337 2067 seq.
385 2023 508 2056 Moneo
534 2024 596 2055 hoc
620 2027 759 2068 propter
784 2034 860 2063 eos,
886 2022 914 2055 si
939 2026 995 2067 qui
1020 2023 1129 2055 adhuc
1153 2027 1252 2062 sunt,
1287 2021 1347 2066 qui
1371 2021 1509 2054 Homeri
1534 2031 1612 2053 car-

117 2066 207 2099 mina
234 2079 297 2111 per
320 2069 499 2101 multorum
524 2080 683 2102 annornm
710 2069 862 2112 adeoque
880 2069 1066 2102 seculorum
1091 2068 1267 2101 decursum
1303 2072 1397 2108 orta,
1437 2066 1612 2110 postmodo

118 2113 248 2146 demum
281 2125 302 2147 a
336 2114 519 2147 Pisistrato
552 2114 694 2147 Athenis
727 2114 759 2147 in
793 2126 893 2147 unum
925 2126 1071 2158 corpus,
1119 2114 1172 2146 cui
1204 2113 1342 2146 Homeri
1366 2124 1483 2145 nomen
1508 2111 1613 2144 fuerit

115 2158 365 2203 praepositum,
399 2160 539 2193 collecta
570 2172 645 2194 esse
677 2164 807 2204 putent.
855 2163 885 2193 A
917 2162 984 2204 qua
1009 2160 1178 2193 sententia
1201 2161 1301 2201 longe
1335 2159 1455 2191 abesse
1480 2163 1613 2201 patrem

117 2204 302 2246 historiae,
326 2217 390 2238 non
418 2210 470 2238 est
494 2206 583 2249 quod
611 2217 754 2250 operose
778 2211 1094 2245 commonstremus3
1118 2205 1177 2249 qui
1212 2215 1310 2245 quum
1345 2203 1522 2236 Pisistrati
1556 2213 1613 2236 res

117 2253 187 2282 tam
211 2250 387 2293 diligenter
411 2256 569 2295 exponat,
593 2263 668 2284 num
693 2263 768 2285 euin
783 2252 952 2285 Pisistrati
976 2253 1097 2284 merita
1122 2251 1164 2283 de
1184 2250 1329 2282 Homero
1351 2249 1483 2282 silentio
1509 2260 1614 2293 prae-

117 2295 255 2328 teriisse
279 2296 440 2330 credibile
463 2298 541 2330 est?
587 2297 674 2330 Tum
699 2309 779 2330 sane
803 2310 868 2330 non
892 2309 976 2341 opus
1001 2297 1175 2330 habuisset
1192 2295 1329 2328 Homeri
1353 2300 1500 2328 aetatem
1527 2294 1613 2326 defi-

119 2340 192 2373 nire
202 2341 321 2381 11‚53:
346 2354 444 2386 quam
468 2343 647 2376 carminum
671 2344 762 2376 fama
784 2345 826 2376 ab
852 2343 1012 2376 historiae
1039 2348 1138 2386 patre
1166 2341 1337 2374 definitam
1361 2341 1434 2374 vuit
1457 2340 1612 2373 Nitzsch.

120 2385 253 2418 Melett.
278 2387 319 2420 de
343 2388 473 2421 Histor.
500 2389 597 2422 Hom.
622 2390 703 2422 fasc.
731 2390 764 2422 ΙΙ
785 2389 824 2423 P.
839 2389 874 2422 ΙΙ
895 2390 1062 2433 p.21.38‚
1085 2389 1145 2421 ubi
1170 2388 1272 2420 etiam
1296 2388 1381 2419 bene
1407 2389 1527 2426 monet,
1538 2396 1612 2417 cum

119 2431 186 2484 hac
205 2431 368 2465 Herodoti
404 2435 651 2478 computatione
682 2435 817 2477 egregie
839 2435 1019 2468 convenire
1045 2434 1291 2480 Apollodorum,
1313 2433 1371 2478 qui
1395 2432 1431 2465 iu
1456 2436 1609 2465 aetatum

120 2487 241 2510 senem
269 2482 303 2510 et
325 2483 420 2513 notas
444 2482 696 2514 accuratissime
719 2480 925 2525 inquisierit.

212 2545 273 2589 *'')
299 2546 397 2581 Conf.
422 2548 523 2582 etiam
547 2549 622 2582 Alb.
651 2549 693 2582 de
715 2549 835 2592 Iongh.
860 2549 881 2581 l.
906 2549 927 2582 l.
951 2548 1049 2593 p.27.

212 2613 254 2656 †)
280 2614 553 2654 „Relativement
576 2629 619 2650 au
644 2619 733 2650 culte
756 2616 814 2649 des
839 2616 969 2656 Dieux,
994 2615 1169 2649 Herodote
1193 2617 1323 2647 montre
1356 2612 1612 2646 l⁷attachement

119 2659 152 2692 le
175 2659 249 2704 plus
273 2660 324 2693 vis
342 2672 427 2704 pour
452 2673 489 2694 ce
514 2665 611 2706 qu'on
637 2668 717 2706 peut
741 2662 880 2706 appeler
903 2662 936 2694 la
960 2662 1103 2704 religion
1139 2659 1311 2693 nationale
1335 2663 1370 2691 et
1402 2670 1447 2691 un
1475 2663 1613 2702 respect.

120 2705 263 2749 profond
296 2717 382 2749 pour
413 2711 489 2739 tous
513 2707 561 2740 les
585 2709 694 2741 obiets
726 2709 768 2740 de
794 2707 863 2747 foi,
902 2718 986 2751 pour
1010 2711 1125 2740 toutes
1149 2707 1198 2739 les
1229 2704 1382 2749 opinions
1412 2704 1611 2748 religieuses

119 2762 186 2795 que
218 2751 251 2784 la
283 2751 444 2784 tradition
477 2752 537 2785 des
567 2755 664 2797 peres
689 2753 782 2787 avoit
809 2753 873 2786 fait
907 2764 1025 2796 passer
1059 2764 1123 2785 aux
1148 2752 1267 2784 enfans
1289 2755 1324 2783 et
1347 2762 1412 2794 que
1432 2750 1462 2783 le
1487 2750 1612 2794 peuple

120 2796 214 2830 avoit
233 2797 542 2840 serupulcusement
565 2799 760 2844 adoptee5.“
808 2798 990 2831 Meierotto
1015 2798 1036 2830 l.
1063 2798 1085 2832 l.
1105 2809 1140 2843 p.
1163 2797 1241 2833 647.
1289 2796 1338 2830 Et
1362 2797 1449 2830 conf.
1473 2806 1612 2840 quoque

120 2842 196 2877 Alb.
220 2842 262 2876 de
285 2843 402 2887 longh.
425 2843 477 2877 De
500 2844 627 2878 Herod.
651 2845 839 2890 philosoph.
857 2855 895 2889 p.
919 2843 975 2878 25.
998 2844 1055 2878 26.
