1839 3292
512 211 974 249 CALLIOPE.
1041 213 1121 250 IX.

1362 216 1445 256 237

198 323 224 367 ὅ
251 338 291 364 τι
317 322 443 377 χρεὸν
468 322 532 377 εἴη
562 319 747 365 ποιέειν·
788 319 930 364 ἐδόκεε
961 318 1006 364 δέ
1037 330 1128 375 σφι,
1161 319 1369 378 α’ναρχίης
1399 323 1444 366 έ-

65 403 130 447 24
195 388 347 444 ου’σης,
389 387 647 432 ἀπελαύνειν
676 387 795 443 παρὰ
835 387 1109 442 Μαρδόνιον.
1162 387 1773 453 ἈπικομένηςὃοξζζζξζῑῑίξιξῐὲΜῐζιξξξὲζ

192 458 237 501 δὲ
258 462 333 513 τῆς
363 459 498 500 ἵππου
528 456 570 506 ές
591 455 639 499 τὸ
665 456 965 510 στρατόπεδον,
990 456 1151 507 πένθος
1181 456 1441 514 ἐποιήσαντο
1496 457 1701 517 ἓῑᾟθῗωῑωω
1726 460 1772 487 ¹¹¹·

189 527 438 568 Μασιστίου
474 522 591 567 πᾶσά
620 538 664 566 τε
692 521 718 578 ἡ
751 522 925 577 στρατιὴ
961 524 1034 565 καὶ
1075 524 1333 576 Μαρδόνιος
1370 527 1441 581 μέ-

189 603 362 649 γιστον,
404 589 537 645 σφέας
582 605 627 632 τε
678 588 838 640 αὐτούς
867 591 1105 643 κείροντες,
1143 592 1216 634 καὶ
1244 592 1347 643 τούς
1376 594 1441 636 ἵπ-

188 676 299 711 πους
325 659 398 703 καὶ
430 658 482 700 τά
516 655 745 712 ὑποζύγια,
783 659 949 714 οἰμωγῇ
978 673 1022 699 τε
1050 657 1285 712 χρεώμενοι
1314 659 1442 704 ἀπλέ-

188 743 272 784 τῳ·
303 726 475 769 ἅπασαν
491 723 575 779 γάρ
605 724 684 780 τήν
705 727 920 780 Βοιωτίην
949 731 1113 780 κατεῖχε
1134 724 1222 781 ἠχώ
1240 743 1249 752 ·
1282 725 1341 778 ὥς
1370 727 1495 770 οἷν-85

187 793 290 848 δρὸς
318 791 593 846 ἀπολομένου
632 792 737 848 μετά
775 808 821 847 γε
850 791 1113 847 Μαρδόνιον
1141 794 1439 849 λογιμωτάτου

157 858 306 914 Ξπαρά
343 875 388 902 τε
429 860 624 916 Πέρσῃσι
658 861 731 903 καὶ
759 859 938 916 βασιλέϊ.
982 861 1025 903 οἱ
1052 859 1131 915 μέν
1159 877 1243 903 νυν
1272 864 1439 918 βάρβα-

184 943 256 981 ροι
283 925 432 983 τρόπῳ
469 931 530 985 τῷ
569 927 760 986 σφετέρῳ
788 927 1073 972 ἀποθανόντα
1109 928 1264 984 ἐτίμων
1294 931 1438 973 Μασί-

183 1006 315 1038 στιον.

293 1063 346 1104 Οἱ
374 1061 419 1105 δὲ
437 1061 670 1118 ”Ἐλληνες,
712 1061 770 1113 ὦς
799 1064 876 1119 τήν
906 1065 1041 1106 ἵππον
1073 1062 1267 1115 ἐδέξαντο
1297 1076 1432 1120 προσ·
1489 1071 1766 1134 {ifaecffifflfgmgiffi

183 1128 450 1185 βάλλουσαν,
499 1130 571 1172 καὶ
610 1130 831 1185 δεξάμενοι
876 1130 1065 1182 ὤσαντο,
1110 1131 1356 1188 ἐθάρσησάν
1383 1140 1765 1209 τε901ῐῐὲὶἒὲῐιζιῆῖᾖξυπὲξῑέἇ

182 1200 325 1253 πολλῷ
354 1201 539 1252 μᾶλλον,
570 1199 642 1241 καὶ
669 1202 819 1253 πρῶτα
847 1199 926 1254 μὲν
963 1199 1004 1248 ές
1040 1198 1207 1253 ἅμαξαν
1236 1200 1433 1252 ἐσθέντες
1579 1195 1583 1200 ’
1643 1195 1651 1208 ’

1487 1207 1674 1242 Erythraeus
1709 1208 1748 1235 ad

182 1264 258 1306 τὸν
287 1264 457 1318 νεκρὸν,
486 1266 606 1319 παρά
635 1266 710 1317 τας
739 1264 854 1317 τάξις
882 1264 1101 1320 ἐκόμιζον·
1145 1265 1167 1310 ὁ
1200 1266 1246 1310 δὲ
1276 1269 1432 1324 νεκρός

53 1069 117 1115 25

1487 1249 1551 1268 rem
1569 1241 1731 1275 gerendam

1488 1283 1594 1310 parum
1621 1283 1748 1303 commo-

124 1440 298 1490 supplere
336 1439 458 1489 placet
497 1433 669 1484 ἕωυτοΰς
716 1435 777 1485 (ut

123 1509 214 1532 sane
243 1494 345 1532 idem
363 1496 410 1532 sit
439 1500 551 1545 atque
574 1489 776 1532 άποστάν-

121 1551 202 1601 τες)
215 1581 224 1599 ,
246 1552 469 1588 assentiente
479 1549 775 1600 Schweighaeu-

120 1621 223 1655 sero,
265 1609 330 1659 qui
350 1614 459 1644 antea
479 1608 653 1658 supplere
680 1604 774 1653 τούς

118 1663 266 1710 ἵππους
293 1665 489 1701 maluerat.
546 1665 710 1714 Hoeger.
731 1664 772 1700 in

117 1721 217 1759 Actt.
239 1719 344 1771 phin.
361 1723 533 1758 Mouacc.
555 1721 619 1767 111,
640 1720 666 1759 4
681 1733 770 1771 pag.

118 1777 220 1825 526,
254 1778 404 1814 coniicit
434 1775 769 1828 ὑποστρέψαντες.

116 1832 307 1884 Equidem
339 1834 457 1870 malui
509 1846 530 1870 a
586 1834 770 1870 librorum

115 1891 340 1939 scriptorum
402 1890 621 1927 auctoritate
672 1898 769 1927 stare

117 1959 232 1997 quam
272 1947 503 1983 coniecturas
541 1948 701 1984 incertas
728 1948 767 1983 in

114 2008 263 2039 textum
282 2004 460 2054 recipere.
509 2004 559 2039 Et
577 2002 652 2041 vid.
674 2016 768 2055 quo-

114 2071 188 2110 que
226 2059 362 2097 Matth.
402 2061 463 2098 Gr.
502 2060 567 2098 Gr.
609 2061 645 2105 ξ.
670 2059 764 2106 496,

113 2117 133 2154 1
156 2128 244 2166 pag.
265 2118 357 2157 933.
388 2116 529 2154 Similis
545 2116 646 2167 apud
661 2118 765 2153 Pau-

110 2173 254 2208 saniam
289 2173 458 2209 confusio
481 2174 554 2220 ΙΙΙ,
586 2175 632 2213 11
665 2174 700 2218 ξ,
724 2177 762 2220 6,

110 2228 176 2264 ubi
212 2235 338 2265 tamen
368 2230 526 2266 Siebelis
560 2228 665 2280 (pag.
687 2229 761 2281 31)

112 2286 298 2323 revocavit
320 2281 574 2334 ἀποστάντες.

305 2376 395 2427 Cap.
423 2378 565 2414 XXIV.

168 2453 379 2504 κείροντες]
417 2457 442 2492 i.
474 2470 507 2493 e.
538 2459 645 2506 caput
682 2460 762 2493 ton-

109 2507 250 2546 dentes:
282 2511 383 2562 quod
411 2513 532 2549 luctus
563 2520 640 2549 erat
660 2513 763 2549 iudi-

110 2565 224 2612 cium,
251 2573 293 2602 ut
320 2569 366 2614 ΙΙ,
397 2571 462 2608 36.
518 2570 654 2620 Attigit
683 2572 763 2605 He-

109 2620 264 2658 rodotea
283 2622 449 2662 Eustath.
480 2625 527 2662 ad
555 2627 598 2662 ΙΙ.
629 2627 760 2662 XXIII

107 2690 146 2727 p-
180 2677 296 2726 1402,
325 2679 390 2719 24.
456 2681 517 2718 Ad
554 2683 667 2719 verba
697 2697 759 2719 se-

109 2736 283 2783 quentia:
316 2735 467 2789 οἰμωγῇ
485 2753 523 2776 τε
544 2735 759 2789 χρεώμενοι

106 2786 257 2846 ἅπλέτςο
288 2792 386 2829 conf.
412 2793 456 2840 V,
479 2796 544 2834 99.
565 2796 758 2844 V11‚211.

830 1438 880 1473 Et
918 1438 1063 1475 luctum
1101 1439 1211 1475 illum
1243 1437 1378 1476 iisdem
1408 1440 1486 1478 fere

831 1494 952 1530 verbis
972 1501 1085 1546 atque
1106 1495 1319 1533 Herodotus
1340 1505 1489 1535 enarrat

831 1549 1026 1587 Plutarch.
1061 1552 1215 1589 Aristid.
1247 1551 1296 1592 14
1325 1553 1391 1590 fin.
1429 1556 1487 1590 De

831 1607 1079 1644 barbarorum
1117 1609 1220 1645 luctu
1254 1610 1488 1661 Wesseling.

829 1664 991 1700 conferri
1023 1665 1194 1702 voluerat
1223 1667 1389 1703 Brisson.
1430 1669 1489 1704 De

826 1733 906 1770 reg.
944 1722 1064 1760 Perss.
1103 1723 1262 1773 princip.
1301 1724 1348 1767 Π,
1386 1725 1483 1763 206.

826 1777 1003 1814 Perizon.
1018 1778 1065 1814 ad
1093 1780 1241 1816 AeIIan.
1262 1780 1307 1817 V.
1329 1781 1378 1817 Η.
1399 1780 1481 1829 VII,

826 1835 864 1873 8.
908 1835 1055 1871 Morem
1085 1843 1214 1872 autem
1243 1836 1352 1872 illum
1374 1838 1480 1888 equis

825 1891 977 1940 capillos
1011 1891 1218 1929 abradendi
1239 1892 1339 1942 apud
1360 1894 1482 1930 Grae-

824 1959 887 1983 cos
913 1960 1065 1998 quoque
1088 1950 1345 2000 antiquissimo
1367 1963 1480 2001 repe-

824 2004 887 2039 riri
918 2017 1010 2041 aevo
1039 2005 1209 2042 observat
1227 2005 1406 2044 Lar-cher.
1430 2021 1479 2044 ex

821 2060 993 2110 Euripid.
1024 2062 1161 2098 Alcest.
1192 2062 1272 2101 429
1305 2069 1341 2099 et
1378 2064 1479 2101 Plur.

819 2116 993 2169 Pelopid.
1013 2117 1066 2158 34
1085 2119 1166 2155 init.
1196 2131 1233 2168 p.
1255 2120 1336 2159 296
1367 2119 1410 2156 C.
1434 2121 1477 2160 F.

1034 2208 1125 2258 Cap.
1147 2208 1271 2245 XXV.

875 2282 1126 2338 ἐθάρσησαν]
1155 2289 1210 2324 Ita
1234 2300 1332 2324 unus
1353 2287 1475 2326 codex

820 2355 888 2392 pro
927 2344 1031 2393 vulg.
1073 2341 1319 2395 έθάρῤησαν.
1386 2345 1473 2383 Vid.

819 2400 943 2437 Koen.
965 2400 1013 2436 ad
1035 2401 1191 2451 Gregor.
1214 2399 1384 2440 Corinth.
1416 2403 1475 2438 De

821 2454 969 2493 dialect.
998 2458 1108 2496 Attio.
1131 2459 1167 2502 ξ.
1196 2460 1248 2498 82
1268 2470 1353 2508 pag.
1378 2458 1472 2499 153.

819 2513 1005 2550 Voculam
1030 2511 1083 2559 δὲ,
1113 2514 1152 2549 in
1182 2513 1329 2550 duobus
1358 2513 1473 2554 codd.

820 2571 996 2606 omissam
1010 2569 1247 2620 Schaeferus,
1263 2576 1300 2607 et
1313 2569 1472 2607 Bekke-

814 2639 875 2662 rus
895 2627 1159 2675 neglexerunt,

872 2681 895 2722 ὁ
917 2681 958 2720 δὲ
978 2681 1116 2732 νεκρός
1131 2676 1183 2732 ἧν
1204 2696 1240 2722 κ.
1260 2697 1293 2722 τ.
1306 2681 1372 2733 λ.]
1404 2683 1470 2720 Ci-

814 2745 867 2775 tat
894 2737 1067 2775 Eustath.
1102 2738 1149 2775 ad
1182 2740 1338 2776 Homer.
1360 2741 1404 2777 Il.
1424 2754 1465 2791 p.

816 2798 908 2843 626,
941 2795 994 2836 52
1019 2809 1049 2832 s.
1078 2794 1173 2843 481,
1203 2795 1241 2844 5,
1274 2796 1339 2833 ubi
1368 2803 1470 2834 recte
