1839 3292
270 191 354 232 462

316 301 445 342 forum,
478 300 520 342 V,
551 299 597 335 89
629 302 699 333 not.
729 309 791 332 arx
814 298 909 340 VIII,
933 297 989 332 53.

315 349 530 383 Athenarum
553 348 657 380 duces
678 346 797 378 decem
826 344 860 377 in
887 346 992 386 bello,

318 395 376 435 VI,
402 394 469 427 103
500 397 568 426 not.
595 393 810 425 Athenarum
833 391 990 431 divitiae,

316 441 392 479 1'11,
438 440 484 473 28
531 442 599 471 not.
645 438 802 470 Athenae
826 435 991 479 λιπαραί,

317 486 410 525 VIII,
435 486 481 518 77
513 489 583 517 not.
615 483 759 516 Athenis
793 493 991 516 commora-

316 536 371 566 tus
393 535 444 564 est
464 530 661 563 Herodotus
680 529 798 571 ibique
819 528 991 570 recitavit,

317 578 412 615 vlu,
437 576 494 609 94.
520 577 654 610 Comm.
679 577 710 617 §.
733 574 768 610 4.

271 624 511 665 Athenienses,
551 621 808 665 antiquissimus
831 620 990 664 populus,

317 670 395 712 VII,
420 669 498 702 161.
530 668 624 709 VIII,
647 666 694 700 44
717 672 788 702 not.
828 666 989 710 Pelasgi-

314 727 375 749 cae
394 715 520 758 stirpis,
543 725 717 757 nunquam
737 714 849 747 solum
871 718 989 746 muta-

315 765 405 803 runt,
439 761 467 802 I,
511 760 556 793 56
594 764 663 793 not.
720 764 753 792 et
794 759 872 799 VII,
918 757 987 790 161

315 811 386 841 not.
410 806 445 840 in
468 807 586 840 lonico
610 816 736 850 genere
759 804 987 847 praecellunt,

315 853 346 895 Ι,
370 852 428 887 56.
451 857 484 886 et
507 853 604 885 Iones
629 850 826 893 appellitari
854 850 986 890 nolunt,

316 901 343 939 l,
367 898 445 933 143.
469 909 588 932 eorum
611 896 754 929 diversis
776 896 990 939 temporibus

315 945 474 978 diversae
505 942 766 985 adpellationes,
803 942 899 984 VIII,
944 939 990 974 44

314 996 385 1025 not.
417 1011 462 1017 --
492 989 622 1022 civium
655 999 818 1021 numerus
844 987 991 1031 triginta

315 1036 443 1076 millia,
479 1035 582 1068 Darii
615 1039 751 1075 aetate,
783 1034 824 1074 V,
850 1034 895 1067 97
919 1036 992 1066 not.

312 1082 475 1124 antiquae
532 1081 642 1114 tribus
703 1092 729 1114 s.
773 1080 906 1123 φυλαί,
962 1079 991 1120 Ι,

314 1128 360 1163 59
386 1132 458 1161 not.
479 1126 743 1160 Atheniensibus
767 1127 864 1170 leges
885 1137 906 1160 a
923 1125 991 1158 So-

315 1176 395 1209 lone
428 1174 597 1214 conditae,
629 1173 658 1214 I,
694 1171 739 1205 59
771 1173 814 1204 ct'.
848 1172 891 1213 II,
909 1170 989 1204 177.

314 1221 468 1255 tribuum
499 1220 641 1252 nomina
665 1229 686 1251 a
710 1218 887 1251 Clisthene
909 1229 990 1250 mu-

313 1271 408 1308 tata,
448 1266 488 1307 V,
513 1266 570 1299 69.
612 1269 833 1308 prytaneum,
858 1264 885 1304 I,
909 1262 989 1297 146.

315 1314 405 1346 festa
435 1311 714 1355 quinquennalia,
741 1311 800 1351 VI,
826 1310 904 1343 111.
945 1328 990 1334 —

313 1359 547 1393 Democedem
566 1357 740 1389 medicum
753 1356 891 1399 publice
908 1367 990 1388 con-

314 1406 444 1438 ducunt
473 1408 610 1437 centum
650 1402 773 1443 minis,
807 1402 869 1441 III,
908 1402 989 1442 131,

313 1451 373 1484 ubi
389 1450 459 1483 vid.
486 1450 619 1483 acln.—
645 1459 763 1481 eorum
792 1448 922 1481 reditus
949 1459 992 1480 ex

313 1496 466 1530 metallis
480 1495 618 1536 Laurei,
642 1495 717 1536 VII,
743 1493 821 1529 144.
836 1514 881 1518 —
904 1505 992 1527 nau-

312 1543 374 1576 tici
397 1541 598 1575 necessitate
622 1540 717 1580 facti,
752 1541 835 1573 ibid.
863 1541 990 1573 ducen-

312 1592 366 1622 tas
389 1589 522 1621 habent
538 1598 643 1620 naves
660 1587 842 1619 instructas
860 1587 895 1618 ῐη
917 1587 990 1619 bel-

314 1635 349 1667 lo
381 1634 528 1674 Persico,
562 1633 653 1672 VIII,
677 1632 734 1666 61.
757 1631 814 1666 44.
841 1632 885 1664 ct‘.
918 1636 989 1665 not.

314 1680 359 1714 ad
394 1680 488 1719 VIII,
513 1679 544 1712 1.
579 1678 842 1711 Atheniensium
865 1677 989 1711 mulie-

314 1737 393 1759 rum
418 1725 525 1758 vestis
548 1725 709 1765 mutatio,
733 1725 773 1764 V,
789 1723 846 1757 87.
882 1724 988 1756 Athe-

313 1772 447 1805 nienses
491 1771 580 1804 inter
622 1770 774 1803 Graecos
818 1770 990 1813 sapientia

313 1818 428 1861 primi,
452 1816 480 1858 I,
503 1816 549 1850 60
570 1821 640 1849 not.
666 1818 696 1858 ⁸)
720 1816 755 1848 in
783 1827 988 1859 oppugnan-

313 1864 364 1897 dis
389 1864 499 1896 muris
522 1862 635 1906 periti,
653 1862 714 1902 lx,
735 1861 793 1895 70.
811 1863 894 1894 etc,
908 1861 987 1894 102.

313 1910 419 1953 primi
460 1920 562 1942 cursu
593 1909 627 1940 in
670 1909 787 1941 hostes
818 1908 988 1951 impetum

311 1956 457 1994 faciunt,
481 1954 559 1994 VII,
582 1954 660 1987 112.
695 1972 738 1979 -
779 1955 842 1986 sub
868 1960 989 1998 tyran-

312 2002 366 2035 nis
398 2000 540 2041 infirmi,
576 2001 618 2041 V,
654 1999 711 2034 78.
732 2000 777 2032 91
805 2005 875 2034 not.
900 2001 989 2034 inter

314 2049 468 2082 Graecos
500 2045 682 2090 tyrannide
720 2046 862 2081 liberati
901 2046 987 2080 emi-

313 2099 405 2134 nent,
432 2095 474 2134 V,
499 2092 555 2127 66.
571 2092 628 2126 97.
664 2092 709 2125 cf.
735 2092 764 2133 I,
788 2091 845 2126 56.
869 2112 913 2118 —
951 2092 988 2125 in

310 2151 430 2185 pugna
463 2138 659 2172 Plataeensi
696 2139 844 2172 alterum
880 2150 988 2172 cornu

312 2190 439 2228 tenent,
462 2183 579 2227 1X,27
603 2196 728 2227 seq.—
750 2185 882 2218 Eorum
906 2196 987 2227 pru-

311 2233 427 2266 dentia
456 2231 491 2264 in
523 2231 616 2264 bello
648 2230 800 2271 Persico,
833 2230 928 2272 VIII,
951 2230 985 2264 3.

310 2279 374 2319 lx,
387 2279 444 2314 27.
466 2277 726 2310 Atheniensium
744 2277 908 2310 sactiones
924 2287 988 2310 va-

310 2324 395 2365 rIae,
421 2335 461 2356 ex
484 2322 635 2355 dissidiis
659 2323 874 2356 familiarum
900 2322 988 2355 inter

313 2382 373 2403 eos
403 2369 592 2402 illustrium
626 2373 737 2409 ortae,
762 2368 789 2407 I,
814 2367 984 2401 59—63.

313 2417 358 2458 V,
383 2414 429 2449 55
444 2427 537 2458 seqq.
561 2414 604 2447 ad
628 2425 711 2457 quas
733 2414 898 2448 sedandas
920 2415 985 2447 Pe-

310 2462 502 2505 loponnesii
523 2460 756 2503 expeditiones
778 2465 928 2504 quatuor
950 2465 984 2493 in

310 2508 463 2544 Atticam
498 2505 702 2552 suscipiunt,
737 2507 780 2549 V,
811 2505 857 2540 62
888 2517 983 2551 seqq.

362 2706 396 2749 *)
430 2709 519 2745 Add.
546 2711 683 2746 Platon.
718 2711 901 2756 Protagor.

798 190 827 230 1.
857 190 1019 228 INDEX
1048 191 1240 231 RERUM.

1089 301 1225 340 ultima,
1249 300 1433 335 Cleomene
1451 299 1549 340 duce,
1571 298 1662 334 miro
1682 309 1760 333 mo-

1091 347 1136 379 do
1160 347 1336 390 frustrata,
1362 347 1401 389 V,
1425 345 1480 380 74.
1504 343 1561 379 75.
1583 345 1642 381 76.
1661 346 1703 379 cf.
1729 358 1759 380 c.

1090 391 1238 425 90—93.
1262 411 1305 417 —
1337 393 1389 425 De
1418 392 1524 437 Sigeo
1548 403 1628 425 cum
1651 391 1761 436 Mity-

1090 438 1218 471 lenaeis
1240 438 1383 477 bellum,
1407 439 1448 480 V,
1470 438 1528 472 94.
1550 436 1607 472 95.
1651 438 1762 471 Proe-

1090 484 1177 517 lium
1203 495 1281 517 cum
1315 484 1469 517 finitimis
1499 485 1591 527 apud
1626 483 1762 517 Eleusi-

1091 541 1182 569 nem,
1208 530 1234 571 1,
1259 529 1315 562 30.
1340 530 1479 562 Bellum
1504 541 1582 563 eum
1606 529 1760 573 Boeotis,

1088 576 1216 610 callido
1255 575 1345 618 quod
1376 576 1633 609 Plataeensibus
1654 576 1762 618 Spar-

1089 622 1163 656 tani
1188 623 1309 655 dedere
1331 621 1474 654 consilio
1498 622 1763 655 Atheniensibus

1090 668 1291 708 conflatum,
1327 667 1387 708 VI,
1425 666 1504 700 108.
1532 671 1606 701 not.
1643 668 1684 705 V,
1715 665 1763 700 74

1085 726 1181 757 seqq.
1204 719 1238 747 et
1261 712 1461 760 praesertim
1477 724 1555 746 cum
1570 713 1763 754 Thebanis,

1087 761 1130 800 V,
1148 760 1193 792 79
1217 771 1285 803 seq.
1311 758 1571 793 Atheniensium
1593 770 1717 792 uxores
1741 769 1764 792 a

1087 806 1253 851 Pelasgis,
1276 806 1388 839 Attica
1402 805 1564 849 expulsis,
1583 805 1665 849 (Vl,
1676 804 1762 848 137)

1087 857 1230 894 raptae,
1256 851 1403 893 vl‚138.
1427 862 1513 895 quas
1528 851 1637 885 ulturi
1656 851 1763 885 Athe—

1089 898 1221 931 nienses
1231 903 1358 940 postea,
1372 898 1529 931 Miltiade
1546 899 1645 941 duce,
1660 898 1764 931 Lem·

1091 954 1174 977 num
1198 955 1219 977 a
1236 944 1393 985 Pelasgis
1409 943 1641 977 inhabitatam
1663 944 1764 976 inva-

1092 990 1187 1030 dunt,
1214 990 1267 1029 x'l,
1290 990 1357 1022 139
1381 1001 1449 1033 seq.
1473 1009 1518 1014 —
1550 1001 1630 1023 cum
1654 988 1764 1033 Aegi-

1091 1035 1178 1069 netis
1206 1036 1338 1068 bellum
1371 1041 1404 1068 et
1435 1039 1577 1069 mutuae
1613 1035 1762 1069 inimici-

1090 1082 1180 1116 tiae:
1205 1082 1246 1122 V,
1280 1082 1324 1114 b'l
1348 1092 1440 1124 seqq.
1475 1080 1530 1114 89.
1557 1081 1615 1122 VI,
1636 1081 1692 1115 49.
1717 1080 1763 1114 87

1091 1127 1203 1161 -93,
1238 1139 1324 1170 quas
1363 1129 1521 1168 solvunt,
1562 1127 1764 1161 imminente

1091 1174 1184 1206 bello
1220 1173 1370 1214 Persico,
1403 1173 1480 1214 VII,
1502 1172 1580 1207 145.
1622 1174 1763 1206 Bellum

1089 1220 1200 1253 denuo
1225 1220 1408 1253 Cleomene
1429 1220 1630 1262 adparante,
1655 1220 1764 1253 Athe-

1090 1266 1259 1299 niensium
1292 1265 1403 1309 legati
1425 1266 1551 1299 Sardes
1573 1266 1670 1299 missi
1691 1267 1764 1298 Da-

1090 1312 1143 1345 rio
1167 1316 1296 1345 terram
1307 1318 1340 1345 et
1362 1323 1502 1355 aquam,
1531 1311 1650 1346 invitis
1677 1311 1762 1345 civi-

1090 1359 1168 1398 bus,
1214 1358 1429 1400 promittunt,
1470 1359 1510 1399 V,
1543 1357 1599 1390 73.
1643 1361 1764 1400 postea

1093 1404 1165 1437 alia
1196 1404 1371 1448 legatione
1395 1415 1475 1437 cum
1510 1408 1684 1446 contemtu
1717 1404 1763 1437 ab

1092 1451 1308 1492 Artapherne
1331 1450 1489 1489 remissa,
1512 1450 1552 1491 V,
1575 1449 1632 1485 96.
1672 1449 1763 1483 Ioni—

1090 1496 1157 1529 bus
1191 1497 1413 1536 auxiliantur,
1445 1497 1525 1529 adV.
1558 1496 1696 1537 Persas,
1719 1496 1764 1536 V,

1091 1541 1150 1575 97.
1182 1547 1216 1574 et
1251 1543 1376 1575 Sardes
1408 1542 1596 1583 invadunt,
1629 1542 1672 1582 V,
1695 1540 1763 1574 100

1091 1599 1161 1630 seq.
1196 1588 1242 1620 cf.
1276 1588 1352 1628 VII,
1385 1588 1418 1620 1.
1441 1587 1475 1621 S.
1516 1588 1598 1621 Inde
1629 1588 1762 1621 bellum

1092 1645 1172 1667 cum
1197 1633 1329 1671 Persis,
1358 1634 1397 1673 V,
1423 1632 1500 1667 105.
1524 1634 1569 1666 cf.
1594 1633 1660 1673 111,
1680 1631 1762 1674 134,

1090 1680 1149 1721 VI,
1185 1678 1231 1712 94
1261 1684 1295 1713 et
1320 1679 1395 1719 VII,
1421 1679 1489 1712 133
1513 1680 1591 1712 coll.
1621 1679 1679 1719 VI,
1703 1679 1761 1712 48.

1088 1725 1188 1758 Datis
1212 1730 1244 1758 et
1263 1726 1508 1768 Artaphernes,
1532 1725 1631 1758 Darii
1654 1725 1762 1767 iussu,

1090 1771 1273 1804 Graeciam
1314 1771 1445 1815 ingenti
1483 1772 1592 1805 classe
1630 1774 1762 1814 petunt,

1089 1818 1150 1858 VI,
1184 1817 1230 1850 91
1262 1828 1354 1859 seqq.
1391 1817 1449 1850 sed
1481 1819 1526 1851 ab
1547 1816 1764 1850 Atheniensi-

1087 1864 1153 1896 bus
1190 1864 1225 1896 in
1257 1873 1380 1905 campo
1404 1863 1628 1897 Marathonio
1659 1873 1763 1906 proe-

1089 1909 1137 1942 lio
1171 1909 1267 1949 victi,
1304 1909 1380 1950 VII,
1413 1909 1479 1942 111
1507 1921 1601 1952 seqq.
1629 1910 1677 1942 ef.
1700 1909 1762 1950 lx,

1089 1954 1145 1988 27.
1183 1956 1220 1988 In
1248 1956 1341 1988 bello
1372 1960 1491 1989 eontra
1515 1956 1663 1989 Xerxem
1697 1955 1761 1998 (οἳ.

1090 2001 1166 2041 vn,
1189 2000 1222 2034 5.
1248 2001 1301 2044 (5.)
1323 2001 1547 2044 Athenienses
1569 2006 1763 2036 sem-atores

1090 2047 1259 2081 Graeciae
1281 2047 1433 2081 maxime
1464 2047 1661 2087 laudantur,
1687 2047 1762 2087 VII,

1089 2092 1157 2126 139
1204 2097 1275 2126 not.
1329 2098 1362 2126 ct
1397 2093 1545 2134 iterum,
1587 2092 1693 2132 VIII,
1738 2092 1762 2125 3

1089 2143 1160 2172 not.
1187 2150 1301 2172 eorum
1337 2140 1447 2172 oratio
1467 2139 1514 2172 ad
1552 2139 1761 2182 Spartanos,

1088 2184 1182 2225 wll,
1207 2185 1274 2217 139
1298 2190 1365 2220 not.
1390 2184 1467 2216 142.
1496 2184 1562 2217 144
1586 2188 1654 2217 not.
1680 2184 1759 2217 coll.

1088 2230 1151 2270 lx,
1183 2229 1215 2263 5.
1252 2231 1352 2271 adde,
1384 2229 1448 2270 lx,
1471 2229 1518 2262 27
1541 2235 1610 2264 not.
1635 2229 1690 2263 46.
1715 2249 1761 2255 —

1088 2276 1313 2309 Athenienses
1346 2276 1381 2308 in
1414 2286 1532 2320 pugna
1565 2277 1682 2310 navali
1715 2275 1761 2309 ad

1087 2322 1270 2355 Euboeam
1300 2321 1441 2362 strenui,
1478 2321 1573 2361 VIII,
1607 2322 1663 2356 17.
1701 2333 1760 2355 ur-

1086 2368 1166 2401 bem
1198 2379 1296 2401 suam
1324 2368 1496 2407 deserunt,
1527 2367 1619 2411 vm,
1643 2368 1701 2402 41.
1724 2367 1760 2401 in

1086 2425 1205 2458 pugna
1238 2414 1280 2447 ad
1316 2413 1531 2447 Salaminem
1554 2418 1631 2458 post
1654 2413 1761 2457 Aegi-

1085 2466 1181 2494 netas
1217 2459 1522 2504 praestantissimi,
1573 2459 1669 2501 VIII,
1714 2457 1760 2493 84

1084 2517 1179 2551 seqq.
1213 2517 1242 2541 c.
1265 2504 1321 2540 93.
1346 2506 1462 2541 Persis
1489 2507 1638 2549 iterum,
1661 2505 1759 2540 Mar-

927 2722 964 2756 p.
992 2710 1069 2745 319.
1095 2711 1236 2745 Isocrat.
1268 2712 1360 2753 VIII,
1385 2711 1450 2751 523
1481 2722 1567 2755 quae
1592 2709 1691 2744 affert
1711 2709 1757 2744 K.

267 2753 329 2787 W.
358 2754 513 2797 Krfiger:
551 2758 668 2790 Leben
685 2758 719 2792 d.
740 2757 935 2804 Thucydid.
955 2769 992 2804 p.
1011 2757 1068 2793 39.
1104 2757 1280 2804 Aristoph.
1306 2761 1393 2793 Rau.
1415 2758 1502 2794 1115
1521 2769 1618 2803 seqq.
1651 2755 1756 2800 (1051

268 2799 394 2844 Bothe)
422 2800 537 2846 ibique
556 2803 718 2850 interprr.
