1839 3292
408 183 496 224 314

807 183 1273 223 HERODOTI

405 291 490 350 δήν
525 293 793 347 Τυνδαρίδαι
822 292 1031 347 ἐσέβαλον
1061 294 1104 344 ἐς
1132 296 1216 350 γῆν
1252 294 1336 352 τήν
1359 294 1557 352 ’Λττικην
1594 296 1732 341 σύνὸο

405 365 597 414 στρατοῦ
625 362 807 416 πλήθεϊ,
847 360 922 403 καὶ
963 358 1204 404 ἀνίστασαν
1231 362 1337 414 τούς
1371 362 1551 419 δήμους,
1592 363 1676 410 οὐκ

405 429 567 480 εἰδότες
597 431 670 471 ἵνα
698 427 943 480 ὑπεξέκειτο
973 428 1000 485 ἡ
1026 427 1193 486 Ἑλένη,
1242 428 1338 474 τότε
1367 432 1542 487 λέγουσι
1570 432 1675 483 τούς

404 497 632 548 Δεκελέας,
664 498 708 540 οἱ
747 496 794 540 δὲ
832 495 970 540 αὐτὸν
997 498 1218 551 Δέκελον,
1265 497 1516 554 ἀχθόμενόν
1544 518 1589 545 τε
1618 504 1673 558 τῇ

405 565 573 621 Θησέος
600 563 730 621 ὕβρι,
761 565 836 609 καὶ
863 566 1145 621 δειμαίνοντα
1181 567 1282 621 περὶ
1317 566 1435 624 πάσῃ
1472 572 1525 626 τῇ
1553 568 1674 626 Ἀθη-

401 633 686 691 ναίωνχῶρῃ,
716 632 1036 690 ἐξηγησάμενόν
1057 645 1138 691 σφι
1165 634 1215 679 τό
1240 640 1327 679 πᾶν
1345 641 1534 692 πρῆγμα,
1545 644 1728 693 noctu-55

400 702 626 760 γήσασθαι
662 702 729 746 ἐπὶ
769 703 846 753 τοὶς
874 700 1095 757 Ἀφίδνας·

373 771 663 827 θαύτόχθων,
715 773 1035 826 καταπροδιδοῖ
1089 774 1398 829 Τυνδαρίδῃσι.

1155 703 1231 754 τοὶς
1262 704 1314 759 δὴ
1351 703 1556 756 Τιτακὸς,
1587 704 1673 749 ἐών

1467 778 1582 816 τοῖσι
1623 773 1671 816 δὲ

399 844 638 884 Δεκελεῦσι
666 839 714 883 ἐν
742 838 929 895 Σπάρτῃ
968 837 1054 883 ἀπὸ
1084 839 1245 884 τούτου
1288 846 1368 884 τοῦ
1404 841 1538 897 ἔργου
1579 840 1672 885 οἷτε-

398 910 492 965 λείη
522 924 566 952 τε
595 907 670 951 καὶ
697 910 908 964 προεδρίη
941 908 1147 952 διατελέει
1165 909 1208 960 ἐς
1235 909 1333 954 τόδε
1360 911 1445 953 αἰεὶ
1475 910 1535 953 ἔτι
1566 909 1669 953 ἐοῦ-

398 988 484 1027 σα,
529 974 646 1019 οὕτω
678 975 786 1020 ὥστε
825 977 898 1020 καὶ
935 976 978 1027 ἐς
1006 976 1086 1020 τόν
1126 977 1320 1031 πόλεμον
1355 977 1435 1021 τόν
1475 977 1727 1033 ὕστερονσο

398 1049 602 1089 πολλοῖσι
635 1043 745 1088 ἔτεσι
780 1043 951 1088 τούτων
979 1044 1218 1100 γενόμενον
1242 1042 1514 1100 Ἀθηναίοισί
1531 1064 1576 1091 τε
1594 1048 1667 1091 καὶ

400 1113 820 1168 Πελοποννησίοισι,
872 1113 1139 1167 σινεομένων
1182 1112 1261 1168 τὴν
1300 1112 1438 1168 ἄλλην
1468 1113 1665 1171 Ἀττικὴν

272 1175 338 1221 74
396 1182 775 1238 Λακεδαιμονίων,
804 1179 1012 1238 Δεκελέης
1037 1179 1320 1238 ἀποσχέσθαι.

395 1426 465 1467 καὶ
489 1422 726 1473 οἷνίστασαν]
758 1424 783 1461 i.
805 1437 836 1462 e.
857 1423 1000 1474 expule-

337 1489 437 1533 runt,
468 1497 529 1521 suo
547 1484 618 1520 loco
631 1484 808 1520 moverunt
826 1494 857 1518 s.
883 1481 1000 1518 cedere

335 1544 525 1581 iusserunt.
556 1540 666 1576 Conf.
687 1540 732 1587 V,
753 1541 820 1585 71,
840 1550 890 1573 ne
910 1539 1000 1588 plu-

335 1612 405 1646 τος
452 1597 501 1635 ad
538 1598 699 1635 verbum
736 1593 999 1634 ὑπεκκεῖσθαι

334 1655 415 1694 vid.
432 1655 532 1699 VIII,
563 1656 616 1695 60
637 1655 673 1698 §.
703 1654 729 1691 2
751 1652 880 1703 ibique
900 1658 998 1689 nott.

334 1714 394 1753 De
414 1711 590 1763 Aphidm's
610 1709 687 1747 vid.
708 1715 803 1745 nott.
829 1707 878 1745 ad
897 1709 996 1756 VIII,

339 1770 443 1817 1253
474 1768 521 1806 de
555 1767 681 1804 Titaco
701 1767 817 1802 citant
849 1767 996 1816 Harpo-

335 1833 428 1863 crat.
449 1839 479 1864 s.
501 1839 539 1862 v.
561 1823 668 1863 Suid.
686 1836 763 1862 av.
792 1823 996 1861 Τιτακίδαι

333 1885 388 1919 111
408 1897 446 1933 p.
467 1881 562 1922 479.
585 1882 659 1932 ht)
653 1879 752 1916 mol
768 1880 822 1916 M
843 1893 881 1930 p.
898 1882 994 1920 760.

333 1938 468 1990 steph
473 1940 567 1989 Byz
571 1952 603 1989 Ρ
600 1940 760 1978 711s.v.
779 1936 991 1975 Τιτακίδαι.

388 1995 432 2036 ἐν
451 1992 618 2048 Σποίρτη
651 1989 730 2033 α’πὸ
754 1989 897 2032 τούτου
921 2007 993 2032 του

331 2051 468 2105 ἔργου]
500 2053 556 2088 Ita
575 2051 814 2088 Florentinus
835 2056 872 2087 et
892 2049 995 2086 San-

328 2110 440 2147 crofti
474 2110 570 2146 liber
597 2121 688 2146 cum
716 2108 811 2145 aliis.
866 2107 992 2157 Vulgo

329 2163 408 2207 vind
422 2162 565 2206 τούτου
581 2168 654 2205 τοῦ
669 2162 839 2215 ε’ργουῗέν
851 2159 994 2214 Σπάρ-

328 2239 375 2279 τῃ
399 2236 566 2275 eumque
594 2223 799 2260 veiborum
819 2219 994 2258 ordinem

328 2282 570 2318 retinuerunt
599 2277 796 2317 Schaefer.
832 2284 869 2314 et
888 2279 993 2315 Mat-

329 2336 447 2376 thiae.
469 2358 519 2365 -
563 2335 626 2373 Ad
647 2348 752 2387 seqq.
776 2329 928 2385 οἷτελείη
951 2349 992 2374 τε

329 2393 398 2434 καὶ
434 2393 625 2446 προεδρίη
656 2392 734 2432 vid.
763 2399 859 2429 nott.
890 2390 938 2428 ad
957 2392 990 2441 Ι,

329 2450 396 2491 54.
433 2473 485 2479 —-
544 2451 619 2487 Pro
652 2447 872 2499 σινομένων
902 2461 990 2486 cum

328 2515 485 2546 recentt.
499 2506 649 2558 reposui
667 2504 918 2557 σινεομὲνων,
941 2504 988 2542 de

330 2577 406 2615 quo
426 2564 504 2602 vid.
528 2566 597 2611 IX,
624 2565 688 2603 13.

383 2619 576 2671 Δεκελέης
592 2615 858 2670 ἀποσχέσθαι]
882 2620 987 2666 „Re-

326 2677 414 2713 ferri
442 2679 536 2715 solet
570 2676 618 2714 ad
648 2690 795 2713 annum
834 2676 988 2727 Olymp.

326 2734 426 2781 XCI,
457 2737 482 2774 3
514 2733 613 2782 [413
644 2747 666 2771 a
687 2732 777 2771 Chr.
797 2734 881 2782 n.]‚
911 2745 987 2785 quo

325 2791 430 2842 Agis,
461 2789 685 2830 Archidami
711 2791 821 2839 filius,
861 2792 985 2827 Dece-

1383 1181 1556 1226 Τούτου
1584 1186 1666 1226 τοῦ

1055 1425 1157 1462 leam
1177 1424 1377 1475 occupavit
1391 1430 1428 1462 et
1443 1423 1483 1462 in
1502 1424 1733 1464 maximum.

1056 1480 1350 1518 Atheniensium
1443 1481 1717 1520 detrimentum

1055 1540 1194 1575 muniit
1224 1538 1326 1589 apud
1351 1536 1533 1591 Thuoyd.
1558 1540 1639 1587 VII,
1663 1541 1716 1581 19

1054 1608 1135 1632 non
1159 1597 1240 1633 siue
1280 1594 1447 1647 quadam
1487 1595 1715 1647 impruden-

1054 1653 1120 1690 tia.
1186 1651 1304 1689 Aliud
1332 1653 1502 1703 profecto
1516 1682 1526 1701 ,
1572 1648 1715 1704 ἀπέχε-

1055 1713 1154 1748 σθαι
1176 1707 1368 1759 Δεκελέης
1390 1710 1435 1746 ab
1455 1722 1496 1747 ea
1521 1709 1713 1758 abstinere3

1053 1765 1157 1803 aliud
1197 1773 1422 1817 occupatam
1463 1767 1713 1804 munimentis

1052 1830 1090 1860 et
1110 1822 1295 1874 praesidio
1316 1825 1512 1871 iustruere,
1533 1823 1712 1876 belloque

1050 1880 1183 1917 sedem
1216 1882 1355 1930 legere.
1412 1880 1622 1930 Contigisse
1651 1894 1711 1918 res

1049 1936 1212 1983 videtur,
1236 1950 1334 1988 qnae
1358 1935 1604 1974 etBouhierii
1624 1938 1710 1988 opi-

1049 1995 1128 2042 nio,
1150 1995 1238 2030 belli
1249 1995 1571 2045 Peloponnesiaci,
1585 2007 1710 2046 quan-

1048 2050 1099 2088 do
1120 2049 1374 2088 Archidamus
1393 2052 1559 2087 Atticam
1578 2052 1710 2088 iucur-

1048 2108 1216 2145 siouibus
1236 2109 1413 2144 infestam
1434 2106 1578 2153 habuit,
1599 2109 1709 2158 prin-

1048 2165 1148 2215 cipio
1171 2165 1247 2212 [Ol.
1267 2164 1517 2211 LXXXVIII,
1530 2166 1555 2203 2
1575 2176 1605 2200 s.
1625 2163 1705 2205 431

1049 2234 1083 2258 a.
1094 2219 1182 2259 Chr.
1199 2219 1262 2273 n.]
1279 2233 1288 2257 :
1307 2219 1526 2271 Thucydid.
1548 2221 1594 2266 ΙΙ,
1615 2220 1708 2260 10.“

1055 2277 1124 2315 We
1134 2292 1151 2315 s
1161 2292 1178 2314 s
1187 2291 1203 2315 e
1213 2278 1279 2315 lin
1289 2290 1326 2326 g.
1347 2279 1396 2314 Et
1406 2278 1575 2328 sequitur
1586 2277 1707 2315 Wes-

1044 2335 1251 2385 selingium
1287 2332 1498 2371 Larcherus
1534 2334 1706 2386 itemquo

1047 2390 1231 2440 Schoe11.‚
1261 2392 1323 2428 cni
1360 2389 1434 2427 hoc
1468 2403 1559 2428 sane
1580 2392 1702 2428 multo

1047 2448 1197 2487 videtur
1243 2449 1488 2499 probabilius.
1540 2449 1704 2485 Contra-

1047 2508 1143 2542 riam
1162 2507 1386 2542 sentenliam
1407 2511 1561 2542 tuentur
1580 2503 1703 2542 Dahl-

1045 2576 1177 2602 mann.
1218 2564 1259 2598 in
1288 2561 1430 2598 Herod.
1460 2575 1549 2613 pag.
1582 2560 1636 2602 43
1665 2568 1702 2598 et

1044 2622 1170 2671 Heyse
1187 2619 1337 2664 Quaest.
1363 2621 1453 2656 Her.
1469 2632 1507 2669 p.
1528 2622 1595 2666 76,
1617 2625 1701 2655 tum

1044 2690 1134 2715 vero
1156 2675 1394 2713 Herodotum
1408 2688 1539 2712 senem
1557 2675 1699 2725 septin-

1044 2741 1158 2784 genta
1171 2733 1335 2770 duorum
1352 2730 1698 2769 annorumThuriis

1043 2790 1138 2830 haec
1159 2791 1345 2843 scripsisse
1364 2788 1586 2841 ponendum
1595 2793 1662 2826 est.

1722 1109 1806 1151 726
