1839 3292
285 173 372 213 508

331 292 439 315 unum
463 280 673 324 Spartanum
692 280 726 314 in
742 282 834 314 hello
853 281 1006 323 Persico,

331 327 392 368 lx,
418 326 473 361 10.
497 326 554 361 28.
582 338 702 360 eorum
726 327 857 360 ruditas
883 327 917 359 in
933 327 1005 359 dis-

330 373 519 417 tinguendo
550 383 630 406 aere
663 374 706 407 ab
731 383 839 415 auro,
862 373 924 414 lx,
949 372 1005 407 80.

333 419 411 453 Vid.
434 420 591 452 Ilelotae.

286 465 432 499 Himera
457 465 612 504 Siciliae,
649 463 709 504 VI,
734 463 790 498 24.
814 464 888 505 VII,
922 463 1004 497 165.

285 512 526 556 Ilippagogac
547 521 672 550 naves,
696 510 821 553 quibus
843 511 923 553 equi
945 522 1006 544 ve-

332 559 474 596 huntur,
498 556 557 597 VI,
585 555 630 589 48
653 563 721 590 not.
748 557 824 597 VII,
847 556 903 590 97.

288 604 520 648 ΗίρρανοΙιιιε,
555 602 726 636 Pisistrati
762 603 825 643 61.,
850 602 1003 647 Hippiae

331 651 453 689 frater,
488 649 528 689 V,
561 647 606 681 55
630 654 701 683 not.
738 648 1003 682 Onomacritum

331 696 378 730 ob
411 694 546 727 Musaei
577 694 739 728 vaticinia
772 701 934 738 corrupta
955 695 1003 728 A-

332 741 446 776 thenis
484 740 589 781 elicit,
621 741 696 780 VII,
728 740 762 776 6.
807 741 880 775 eius
909 753 1003 774 som-

331 787 442 828 nium,
468 787 509 830 V,
534 784 589 820 56.
614 787 658 820 ab
683 788 875 819 Harmodio
900 792 933 821 et
954 788 1003 821 A-

331 833 537 876 ristogitone
562 834 776 874 interemtus,
798 834 837 874 V,
860 832 905 866 55
928 840 1000 867 not.

333 880 393 920 vl,
419 878 498 912 123.

288 926 448 971 Hippias,
476 923 646 958 Pisistrati
674 924 735 965 fil„
761 924 788 965 Ι,
814 925 869 959 61.
894 925 935 967 V,
956 923 1001 959 55

334 976 405 1005 not.
440 982 521 1004 eum
554 971 707 1003 Athenas
738 972 901 1004 reducere
933 983 1002 1004 vo-

333 1018 408 1051 lunt
444 1016 722 1057 Lacedaemonii,
763 1018 803 1058 V,
836 1016 891 1051 91.
944 1017 1002 1050 scd

331 1065 474 1104 frustra,
509 1063 549 1103 V,
582 1062 638 1096 93.
680 1063 847 1097 sollicitat
883 1065 1004 1097 Persa-

331 1121 411 1143 rum
440 1120 540 1151 opem
571 1109 649 1143 adv.
682 1109 847 1150 Athenas,
881 1111 921 1150 V,
947 1110 1004 1144 96.

331 1156 365 1189 ei
399 1155 512 1188 visum
547 1155 581 1187 in
614 1155 742 1188 somnis
779 1157 934 1189 oblatum
971 1160 1005 1189 et

332 1202 415 1234 dens
439 1201 609 1235 tussiendo
634 1213 807 1242 excussus,
842 1202 899 1241 Vl,
925 1202 1005 1236 107.

287 1248 502 1293 Hippobotae
537 1247 582 1290 (i.
607 1259 637 1281 e.
662 1249 722 1291 qui
746 1260 844 1292 equos
871 1249 1005 1292 alunt),

333 1295 426 1337 apud
466 1293 710 1327 Chalcidenses
741 1299 908 1328 vocantur
939 1296 1006 1328 ho-

333 1340 443 1374 mines
474 1341 676 1383 locupletes,
704 1340 743 1383 V,
767 1340 814 1374 77
837 1346 908 1375 not.
945 1341 1005 1385 VI,

287 1432 529 1478 Hippoclides,
571 1431 736 1466 Tisandri
769 1433 842 1474 fik,
882 1444 1007 1476 procus

331 1479 528 1524 Agaristae,
555 1479 615 1520 vl,
640 1478 709 1511 127
732 1485 802 1513 not.
827 1479 900 1512 eius
925 1491 1006 1513 ma-

332 1525 424 1558 iores
448 1525 588 1568 Cypseli
611 1525 783 1558 Corinthii
811 1526 1005 1570 propinqui,

334 1571 490 1606 v1.128.
514 1571 587 1604 cius
610 1571 809 1605 saltationes
833 1577 867 1605 et
893 1572 1005 1615 gesti-

331 1617 521 1650 culationes
566 1622 706 1660 propter
751 1629 838 1660 quas
880 1618 1006 1652 excidit

333 1663 475 1705 nuptiis,
498 1663 555 1701 vl,
580 1662 661 1695 130.

288 1709 478 1753 Hippoclus
502 1709 768 1751 Lampsacenus,
791 1709 851 1750 IV,
877 1708 957 1743 138.

286 1756 500 1799 Hippocoon,
527 1754 627 1788 Scaei
652 1760 762 1797 pater,
787 1756 829 1796 V,
855 1755 910 1788 60.

286 1802 536 1845 Hippocrates,
590 1800 767 1834 Pisistrati
813 1808 912 1841 pater
956 1802 1004 1835 A·

333 1848 518 1881 thenarum
550 1846 709 1891 tyranni,
747 1847 774 1888 Ι,
797 1845 855 1880 59.
894 1848 935 1891 Y,
959 1846 1005 1881 65

332 1898 403 1926 not.

286 1939 534 1983 Hippocrates,
580 1938 753 1983 Megaclis
785 1939 898 1981 filius,
945 1940 1004 1984 vl,

286 2030 531 2076 Hippocrates,
564 2031 675 2064 Gelae
706 2034 883 2073 tyrannus,
926 2032 1005 2065 Cle-

333 2077 431 2111 andri
454 2078 577 2118 frater‚
605 2077 661 2115 Vl,
690 2077 747 2110 23.
776 2078 851 2119 Vll,
877 2076 954 2112 154.
983 2089 1005 2112 a

332 2123 510 2157 Zanclaeis
543 2124 737 2163 arcessitus,
773 2135 833 2156 cos
875 2124 1004 2157 Samiis

331 2170 455 2214 prodit,
481 2169 539 2210 VI,
564 2169 619 2202 23.
644 2170 865 2203 Camarinam
890 2181 911 2203 a
936 2171 1004 2214 Sy-

331 2215 509 2249 racusanis
533 2215 626 2256 pacis
650 2216 843 2249 conditione
868 2217 1004 2260 accipit,

333 2262 410 2300 VII,
429 2260 506 2294 154.
531 2261 564 2293 ἰη
589 2262 681 2295 bello
707 2274 785 2294 cum
810 2262 936 2295 Siculis
960 2263 1004 2294 ad

331 2308 488 2351 Hyblam
513 2308 634 2339 urbem
659 2309 845 2347 occumbit,
871 2321 899 2340 c.
924 2307 1003 2341 155.

287 2354 528 2398 Hippocrates,
555 2353 785 2398 Smindyridis
808 2361 920 2398 pater,
944 2354 1003 2395 vl,

332 2399 412 2434 127.
436 2400 494 2443 VI,
519 2398 565 2432 23
590 2403 661 2433 not.

839 173 868 210 1.
904 174 1065 210 INDEX
1093 174 1285 210 RERUM.

1061 282 1327 326 Hippocratides
1338 308 1348 324 ‚

1109 328 1198 365 Uli,
1222 328 1301 361 131.

1061 373 1232 416 llippolai
1244 375 1411 416 promont.
1429 370 1627 417 (Ἱππόλεω
1647 369 1775 419 ἄκρη),

1108 420 1165 460 lv,
1189 417 1234 452 53
1259 424 1329 452 not.
1352 419 1390 462 *J

1405 281 1629 327 Leotychidis
1671 282 1774 326 filius,

1061 466 1306 509 Hippolochus,
1332 465 1458 499 Glauci
1481 469 1596 509 pater,
1621 466 1649 506 I,
1673 465 1754 499 147.

1060 512 1330 556 Hippomachus,
1355 511 1568 545 Graecorum
1592 512 1652 555 qui
1677 515 1777 545 erant

1106 569 1186 590 cum
1214 557 1408 597 Mardonia,
1433 557 1620 601 haruspex,
1641 558 1701 598 lx,
1717 557 1776 591 38.

1060 605 1285 648 Ηίρροηὶειιε,
1310 603 1444 637 Calliae
1477 609 1585 644 pater,
1608 604 1774 643 vll,151.

1060 650 1285 694 Hipponiens,
1308 649 1440 683 Calliae
1464 650 1526 690 61.,
1551 649 1609 691 VI,
1634 649 1713 683 121.

1059 697 1334 740 Hippopotamus
1374 696 1604 739 describitur,
1637 695 1684 738 II,
1729 695 1776 729 71

1107 748 1174 775 not.
1203 742 1259 784 **)

1059 788 1199 826 Hircus,
1238 787 1449 832 Aegyptiace
1482 787 1622 821 Mendes
1651 787 1775 829 dictus,

1104 835 1147 874 II,
1180 832 1224 866 46
1259 843 1327 866 not.
1370 833 1462 867 hirci
1496 834 1598 867 urina
1637 844 1775 876 spasmo

1103 881 1255 914 liberant
1271 891 1394 923 pueros
1416 891 1496 913 suos
1519 879 1607 921 Arri,
1623 879 1684 919 IV,
1695 879 1775 915 187.

1103 927 1283 959 hircorum
1323 926 1441 959 barbis
1483 925 1639 960 innatum
1679 926 1776 959 lada-

1104 983 1186 1005 num
1211 972 1304 1015 apud
1329 973 1470 1012 Arabes,
1497 972 1560 1015 111,
1590 971 1668 1005 112.
1702 971 1776 1005 hir-

1105 1030 1166 1051 cus
1199 1030 1278 1051 cum
1315 1017 1460 1051 muliere
1490 1019 1617 1060 coiens,
1654 1018 1700 1060 II,
1730 1017 1776 1051 46

1104 1068 1176 1096 not.

1061 1110 1183 1144 Histia
1225 1105 1367 1153 (Ἱστίη,
1403 1109 1427 1144 i.
1460 1120 1490 1142 e.
1520 1109 1656 1153 Vesta),
1687 1109 1777 1154 Scy·

1107 1158 1247 1190 than-nm
1272 1156 1403 1200 regina,
1427 1155 1488 1196 IV,
1514 1155 1594 1189 127.

1061 1203 1270 1236 Histiaeotis
1295 1199 1338 1245 (ἡ
1358 1199 1575 1240 Ἴστιαιῶτις
1599 1200 1676 1245 γῆ),
1704 1201 1778 1234 Eu-

1108 1250 1216 1282 boeae
1246 1248 1519 1292 septentrionalis
1556 1248 1667 1291 regio,
1700 1247 1777 1288 VII,

1106 1293 1176 1328 175
1199 1299 1269 1329 not.
1293 1295 1322 1333 I,
1345 1295 1391 1328 56
1414 1298 1486 1328 not.
1516 1294 1675 1327 Histiaea
1698 1304 1777 1336 opp.

1106 1338 1272 1383 Ἰστιαίη,
1297 1338 1319 1384 ἢ
1346 1338 1454 1378 πόλις
1479 1339 1555 1373 τῶν
1581 1335 1777 1380 Ἴστιαίων,

1107 1387 1202 1427 VIII,
1224 1386 1280 1420 23.
1309 1387 1366 1420 ubi
1392 1392 1425 1420 et
1447 1382 1471 1429 ἦ
1488 1385 1533 1429 γῆ
1553 1381 1778 1430 Ἶστιαιῆτις,

1107 1439 1142 1467 ot
1166 1434 1250 1465 civis
1273 1429 1479 1471 Ἶστιαιεύς.

1060 1480 1269 1514 Histiacotis
1316 1478 1523 1512 Thessaliae
1565 1477 1666 1523 regio
1707 1477 1778 1512 Os-

1108 1538 1167 1560 sae
1203 1530 1237 1560 et
1276 1525 1428 1570 Olympo
1461 1523 1627 1567 subiecta,
1668 1524 1696 1566 1,
1732 1523 1778 1559 56

1104 1577 1174 1605 not.

1058 1619 1240 1652 Histiaeus
1271 1617 1448 1655 Milesius,
1480 1616 1681 1661 Lysagorae
1715 1616 1779 1657 61.,

1097 1664 1164 1704 IV,
1189 1663 1255 1696 138
1279 1668 1348 1696 not.
1376 1663 1416 1703 V,
1441 1661 1498 1696 30.
1529 1662 1581 1695 vir
1604 1663 1710 1695 solers
1744 1667 1779 1695 et

1105 1710 1305 1750 industrius,
1337 1709 1377 1749 V,
1410 1708 1467 1741 23.
1514 1713 1653 1751 pontem
1688 1708 1779 1741 Istro

1106 1756 1142 1790 ss.
1166 1755 1330 1788 iniectum
1355 1755 1415 1798 (V.
1440 1754 1486 1787 07
1509 1758 1613 1798 seq),
1635 1753 1779 1787 dissolvi

1107 1813 1174 1835 non
1198 1801 1290 1842 sinit,
1316 1800 1375 1840 IV,
1399 1800 1466 1833 137
1489 1805 1560 1834 not.
1594 1812 1662 1843 quo
1686 1801 1779 1833 sacto

1107 1849 1194 1881 bene
1226 1849 1267 1880 de
1301 1847 1408 1880 Dario
1449 1847 1604 1887 meritus,
1634 1858 1663 1879 c.
1698 1845 1779 1880 141.

1106 1894 1306 1937 Myr-einum
1331 1892 1519 1926 Edonidem
1556 1893 1601 1926 ab
1633 1892 1695 1926 illo
1720 1903 1778 1925 ac-

1108 1940 1205 1984 cipit,
1230 1940 1270 1980 V,
1282 1940 1339 1973 11.
1366 1951 1514 1982 eumque
1536 1939 1651 1972 Iocum
1676 1949 1778 1972 muro

1107 1986 1277 2027 muniens,
1313 1997 1335 2019 a
1358 1987 1553 2030 Megabazo
1579 1985 1672 2029 apud
1702 1986 1778 2017 Da·-

1106 2033 1198 2067 rium
1223 2033 1451 2073 insimulatus,
1487 2032 1614 2065 Sardes
1637 2030 1779 2064 honoris

1106 2090 1212 2112 causa
1256 2078 1386 2111 accitus
1427 2082 1461 2111 et
1492 2079 1581 2111 Susa
1612 2078 1779 2111 abductus

1107 2124 1301 2158 consiliarii
1341 2123 1428 2168 regii
1460 2125 1610 2163 nomine,
1647 2124 1684 2163 V,
1719 2122 1778 2157 23.

1106 2170 1162 2204 24.
1187 2171 1266 2203 inde
1291 2182 1351 2213 per
1374 2182 1513 2203 servum
1537 2170 1670 2202 occulte
1694 2169 1779 2201 mis-

1105 2228 1183 2250 sum
1219 2217 1481 2259 Arfflagoram,
1506 2215 1619 2248 Mileti
1643 2216 1779 2258 praefe-

1107 2268 1214 2302 ctum,
1259 2263 1300 2294 ad
1338 2262 1566 2294 defectionem
1609 2272 1631 2294 a
1665 2261 1779 2295 Persis

1106 2308 1286 2348 sollicitat,
1311 2307 1409 2347 53:30
1433 2313 1466 2340 et
1481 2305 1530 2341 35
1553 2315 1655 2340 not.a
1672 2309 1778 2341 Dario

1106 2355 1151 2386 ob
1178 2354 1296 2386 Ionum
1322 2353 1547 2387 defectionem
1561 2354 1776 2398 obiurgatus,

1105 2400 1266 2434 dimissus
1290 2404 1405 2434 tamen
1429 2401 1473 2435 ad
1505 2400 1673 2434 sedandas
1704 2405 1778 2434 tur-

380 2599 409 2641 ’)
435 2596 611 2643 Hippolai
629 2592 902 2638 promontorium
931 2605 1018 2626 nunc
1037 2593 1152 2626 vocari
1186 2594 1490 2640 Stanislaus-Cap
1514 2593 1633 2626 scribit
1658 2594 1779 2626 Mura-

288 2642 544 2687 view-Apostol
580 2642 681 2674 neise
699 2640 787 2673 nach
807 2640 957 2672 Taurieu
975 2652 1008 2684 p.
1027 2642 1082 2674 12.
1106 2640 1235 2673 addens
1267 2641 1504 2674 Herodoteam
1532 2640 1577 2673 de
1604 2640 1658 2673 his
1690 2639 1777 2672 locis

288 2689 559 2733 descriptionem
581 2686 874 2721 accuratissimam
894 2698 981 2720 esse.

379 2747 426 2790 ⁸⁸)
462 2748 547 2780 Add.
576 2757 663 2790 quae
693 2745 736 2778 de
763 2744 1013 2789 hippopotamo
1044 2742 1182 2787 scripsit
1209 2743 1340 2778 Cuvier.
1370 2744 1414 2777 ad
1445 2743 1532 2778 PIin.
1555 2744 1634 2778 VIII
1654 2754 1690 2788 p.
1710 2741 1777 2777 444

290 2804 386 2838 seqq.
414 2793 467 2827 ed.
490 2792 705 2826 Panekouck.
