1839 3292
516 247 550 283 U
578 247 612 283 R
639 246 675 282 A
703 248 738 283 N
766 247 784 283 1
812 247 861 285 A.
917 248 1047 285 VIII.
1319 251 1402 291 163

122 362 235 402 4πον
264 354 411 399 οὐδέν·
439 360 575 397 ταῦτα
596 354 632 398 δ’
661 354 834 398 ἐποίευν
864 353 951 398 ὑπὸ
982 358 1123 410 λιμοῦ.
1183 353 1402 412 ἐπιλαβών

148 427 194 469 δὲ
221 422 370 477 λοιμός
403 438 446 464 τε
475 421 554 464 τὸν
587 423 772 475 στρατόν
810 424 883 466 καὶ
913 424 1186 478 δυσεντερίη,
1232 421 1322 466 κατ’
1357 422 1400 466 ὁ-

145 492 224 536 §dv
253 490 479 545 διέφθειρε.
540 489 642 540 τούς
673 491 717 533 δὲ
748 492 818 533 καὶ
847 490 1080 540 νοσέοντας
1110 488 1256 533 αὐτῶν
1283 490 1402 533 κατέ-

141 564 255 609 λιπε,
289 556 529 601 ἐπιτάσσων
557 561 656 613 τῇσι
686 557 852 607 πόλισι,
892 558 965 598 ἵνα
1005 555 1205 601 ἑκάστοτε
1233 560 1400 613 γίνοιτο

140 626 356 678 ἐλαύνων,
386 625 650 679 μελεδαίνειν
678 641 722 667 τε
753 625 826 667 καὶ
859 624 1057 678 τρέφειν’
1097 624 1144 666 ἐν
1187 627 1457 682 Θεσσαλίῃ75

142 694 186 736 τέ
215 710 354 745 τινας,
395 692 468 735 καὶ
498 692 543 733 έν
572 694 676 744 Σίρι
704 695 778 747 τῆς
809 693 1034 746 Παιονίης,
1064 691 1137 734 καὶ
1172 691 1219 735 ἐν
1249 696 1400 735 Mane-

114 762 284 817 ὀδονίῃ.
314 761 421 803 ἔνθα
449 760 522 802 καὶ
551 758 598 801 τὸ
632 758 729 813 ἷρὸν
761 758 877 814 ἅρμα
904 758 1154 802 καταλιπών
1183 762 1264 802 τοῦ
1281 759 1401 811 Διὸς,

142 827 211 870 ὅτε
254 827 320 870 ἐπὶ
361 827 439 882 τὴν
463 826 646 870 Ἑλλάδα
684 825 870 882 ἤλαυνε,
901 825 1043 868 οἷπιών
1074 825 1156 869 οὐκ
1186 825 1400 881 ἀπέλαβε·

140 894 245 937 ἄλλα
276 893 422 945 δόντες
453 897 496 937 οἱ
527 896 714 944 Παίονες
752 899 863 936 τοῖσι
906 892 1077 949 Θρήιξι,
1119 892 1402 944 ἀπαιτέοντος

140 963 326 1015 Ξέρξεω,
378 963 546 1018 ἔφασαν
586 962 826 1016 νεμομένας
874 960 1156 1017 ἁρπαχθῆναι
1193 959 1281 1003 ὑπὸ
1313 963 1456 1003 τῶνὸο

137 1029 227 1073 ἅνω
261 1032 464 1085 Θρηῖ’κων
493 1033 581 1073 τῶν
618 1029 715 1082 περὶ
744 1027 819 1078 τὰς
849 1027 989 1083 πηγάς
1017 1032 1098 1071 τοῦ
1134 1027 1397 1083 Στρυμόνος

0 1098 72 1144 ,16
131 1098 382 1153 οἰκημένων.
430 1097 572 1140 ”Evam
610 1097 682 1140 καὶ
714 1093 736 1138 ὁ
776 1098 864 1137 τῶν
909 1095 1156 1137 Βισαλτέων
1184 1094 1387 1151 βασιλεὺς

133 1170 210 1222 γῆς
239 1182 282 1209 τε
310 1169 386 1220 τῆς
406 1167 723 1220 Κρηστωνικῆς,
759 1162 902 1219 Θρήϊξ,
934 1163 1060 1218 ἔργον
1079 1162 1299 1218 ὑπερφυὲς
1321 1163 1389 1218 έρ-

1446 1087 1632 1117 Bisaltarum
1657 1098 1712 1119 rex

1443 1123 1588 1156 quomodo
1598 1127 1658 1151 tum
1674 1123 1710 1151 fi-

1444 1157 1520 1196 line,
1539 1157 1664 1184 Xerxem
1682 1157 1728 1185 in-

1445 1194 1508 1216 vito
1544 1195 1631 1225 patre
1664 1191 1697 1217 in

1449 1223 1611 1251 Graeciam
1640 1230 1726 1251 secu·

81 1358 243 1394 licitatae
284 1359 494 1395 exercitum
529 1370 738 1409 sequeren—

82 1416 183 1451 tur.“

138 1466 336 1519 ἐπιλαβών
359 1467 419 1518 δέ]
460 1467 547 1505 Vid.
565 1475 661 1504 nott.
687 1467 735 1505 ad

82 1525 145 1573 VI,
167 1529 230 1566 27.
261 1527 334 1561 Pro
348 1539 424 1576 seq.
448 1522 584 1573 λοιμός
605 1526 732 1575 Toup.

81 1581 269 1618 Emendd.
300 1583 339 1617 in
360 1582 468 1618 Suid.
503 1583 546 1618 P.
573 1583 627 1616 111
647 1594 731 1631 pag.

81 1640 160 1678 333
182 1652 210 1674 5.
236 1640 271 1673 II
301 1652 338 1688 p.
363 1640 440 1678 399
470 1638 621 1674 rescribi
652 1639 732 1674 vult

79 1691 190 1744 λιμός
212 1694 326 1746 idque
358 1694 404 1730 de
426 1695 581 1739 morbo,
617 1707 732 1745 quem

78 1752 193 1800 vulgo
215 1750 346 1788 dicunt
369 1751 399 1787 le
418 1752 553 1787 scorbut
573 1752 733 1799 intelligi

77 1810 171 1854 vult,
193 1820 414 1857 comparans
435 1809 568 1858 Polyb.
587 1808 650 1854 ΙΙΙ,
664 1810 730 1848 87.

135 1865 377 1913 μελεδαίνειν
406 1877 445 1901 τε
470 1863 533 1901 καὶ
554 1863 731 1912 τρέφειν]

79 1921 158 1957 scil.
177 1915 344 1965 αὐτούς,
370 1919 624 1969 (aegrotantes)
647 1933 734 1957 mo-

78 1983 193 2013 nente
231 1974 401 2014 Boeckh.
442 1978 482 2012 in
522 1978 632 2026 Corp.
667 1978 734 2012 Iu-

78 2034 220 2083 scriptt.
250 2034 268 2068 I
294 2034 387 2083 Jpag.
418 2035 484 2072 20.
521 2035 587 2071 21.
638 2033 731 2073 875.

77 2091 136 2126 De
174 2090 289 2125 verbo
327 2088 589 2139 μελεδαίνειν,
627 2088 731 2140 quod

79 2147 193 2182 etiam
222 2145 330 2181 affert
350 2145 485 2182 Suidas
516 2159 545 2182 s.
572 2159 610 2182 v.
637 2148 672 2182 ΙΙ
691 2159 730 2196 p.

80 2201 158 2242 523
169 2201 245 2239 vid.
268 2202 378 2238 allata
394 2201 447 2238 ad
474 2203 564 2250 VII,
590 2205 639 2243 31
656 2215 665 2248 3
683 2202 730 2238 de

81 2256 162 2295 Sin·
195 2259 288 2295 urbe
307 2259 345 2294 in
372 2272 477 2310 seqq.
508 2257 585 2294 dixi
617 2258 664 2295 ad
685 2260 729 2306 V,

83 2313 147 2354 15.
191 2316 371 2352 Romanis
397 2315 618 2352 dicebantur
648 2314 732 2352 Ser-

80 2381 140 2406 rae
152 2399 163 2415 ,
191 2383 294 2407 nunc
303 2379 440 2408 vocant
452 2371 595 2418 δεῖνες,
614 2385 731 2423 quam

79 2426 215 2462 urbem
247 2426 370 2465 adhuc
403 2429 630 2465 commercio
659 2428 732 2464 flo-

80 2488 227 2518 rentem
246 2484 342 2520 inter
369 2486 531 2534 potiores
550 2484 732 2521 Macedo-

80 2539 166 2574 niae
180 2539 289 2575 urbes
305 2542 580 2587 censeri,.sita1n
592 2540 638 2577 ad
651 2542 732 2577 lae-

81 2600 160 2630 tam
186 2595 287 2631 illam
314 2597 508 2646 planitiem
527 2598 733 2648 Strymone

80 2651 296 2700 irrigatam,
342 2652 389 2689 ad
418 2655 556 2690 montis
577 2653 735 2690 declivi-

80 2712 200 2755 tates,
256 2708 360 2744 brevi
396 2711 513 2759 spatio
547 2717 734 2747 remotam

81 2774 104 2798 a
125 2763 297 2800 Cercines
318 2765 404 2801 lacu
423 2794 433 2812 ,
455 2767 515 2801 cui
538 2779 641 2803 nunc
662 2779 735 2803 no-

81 2831 171 2856 men
209 2819 394 2868 Takinos,
429 2820 558 2859 docuit
601 2823 736 2860 Consi-

1450 1260 1497 1285 tos
1508 1279 1516 1293 ‚
1535 1258 1626 1287 ultus.

792 1355 911 1406 ne'ry‚
952 1357 1109 1406 Voyage
1145 1369 1193 1391 en
1227 1354 1451 1392 Macedoine

792 1413 809 1447 I
842 1425 928 1462 pag.
968 1414 1043 1452 157
1083 1424 1188 1462 seqq.
1226 1414 1302 1451 173
1341 1425 1449 1463 seqq.

790 1470 868 1504 Nec
889 1469 983 1518 fugit
1005 1480 1201 1504 censorem
1222 1468 1451 1517 Gottingen-

789 1538 870 1560 sem
897 1527 998 1564 1833
1021 1538 1077 1559 nr.
1104 1526 1180 1563 127
1200 1537 1238 1574 p.
1264 1525 1445 1563 1262.—

788 1582 844 1616 De
866 1593 969 1617 sacro
992 1581 1088 1616 on-is
1109 1592 1221 1615 curru
1255 1579 1331 1616 vid.
1353 1586 1447 1616 nott.

789 1636 837 1673 ad
857 1638 947 1683 Vll,
988 1637 1061 1684 403
1095 1635 1141 1672 de
1163 1635 1364 1673 Paeonibus
1387 1635 1447 1672 di-

787 1695 915 1730 ximus
940 1692 988 1729 ad
1016 1693 1072 1739 V,
1107 1695 1169 1733 12.

844 1748 1080 1801 νεμομένας]
1113 1747 1173 1784 Ad
1190 1743 1297 1798 ἅρμα
1330 1747 1451 1784 refer-

789 1814 869 1854 tur,
902 1819 977 1857 quo
1015 1806 1172 1842 nomine
1210 1805 1324 1841 simul
1354 1805 1474 1848 alte-9.

790 1876 876 1900 rum
906 1863 1056 1909 ἵππους
1085 1860 1359 1911 comprehendi
1379 1873 1450 1911 pa·-

790 1927 856 1956 tet.
887 1918 972 1956 vid.
1002 1920 1048 1955 G.
1070 1920 1280 1954 Hermann.
1313 1916 1362 1954 ad
1382 1918 1451 1954 vi·-

790 1989 870 2026 ger.
901 1990 939 2026 p.
959 1975 1053 2016 714.
1088 1977 1181 2011 Mox
1215 1987 1284 2024 pro
1316 1973 1447 2012 οἰκεο-

790 2032 919 2083 μένων
957 2032 1120 2077 retinui,
1160 2029 1263 2082 quod
1291 2029 1446 2080 plurImi

787 2089 1019 2139 praebebant
1052 2086 1177 2135 codd„
1209 2086 1444 2137 οἰκημένων,

786 2152 829 2182 ut
848 2147 922 2193 111,
953 2146 1020 2185 96.

983 2234 1074 2284 Cap.
1105 2205 1236 2269 cx'w.

854 2311 1079 2352 Βισαλτέων
1098 2313 1116 2360 ]
1174 2312 1232 2347 De
1281 2308 1445 2346 Bisaltia

788 2371 888 2408 conf.
920 2376 1014 2406 nott.
1055 2368 1103 2405 ad
1130 2368 1218 2414 VII,
1265 2365 1365 2413 115,
1397 2364 1444 2401 de

789 2428 968 2465 Cres-tonia
978 2426 1131 2475 regione
1143 2426 1172 2471 Ι,
1184 2424 1249 2464 57.
1265 2420 1445 2469 V11‚124.

847 2482 960 2534 ἔργον
980 2478 1202 2533 ὑπερφυὲς]
1232 2480 1257 2516 i.
1281 2491 1314 2513 e.
1343 2477 1442 2525 faci-

788 2553 852 2576 nus
868 2542 1012 2577 immane
1025 2568 1034 2585 ‚
1059 2538 1208 2574 maxime
1227 2538 1350 2578 atrox,
1377 2546 1441 2570 mz-

787 2600 904 2632 turam
934 2597 1121 2633 humanam
1151 2592 1254 2641 quasi
1280 2589 1441 2627 excedens

791 2659 826 2688 et
844 2665 1024 2701 superans.
1069 2651 1114 2685 In
1132 2649 1275 2684 bonam
1294 2652 1441 2697 partem

790 2707 962 2745 adhibuit
1000 2704 1212 2742 Herodotus
1248 2704 1306 2738 IX
1323 2732 1333 2751 ‚
1375 2703 1442 2742 78.

791 2765 992 2801 Caeterum
1013 2760 1147 2798 eadem
1171 2772 1346 2796 enarrans
1360 2760 1442 2795 Ae·-

790 2822 879 2859 lian.
899 2821 946 2858 V.
966 2820 1013 2856 H.
1033 2819 1087 2866 V,
1127 2820 1175 2858 11
1209 2817 1249 2854 in
1275 2815 1441 2852 clausula

1062 2877 1108 2915 11
1131 2871 1158 2896 ᾖ
