1839 3292
30 599 129 646 117

531 205 989 243 CALLIOPE.

197 321 269 366 καὶ
325 317 492 371 ἐνέμετο
505 326 515 337 ·

171 388 427 435 8λαιοῦντα,
457 382 502 425 ἐν
531 385 591 438 τῷ
621 380 766 440 οἷδύτῳ
796 382 964 437 γυναιξὶ
1002 380 1206 437 ἐμίσγετο.

1046 207 1064 242 1
1075 206 1130 244 X.
1364 209 1449 251 367

588 312 719 365 αὐτός
774 329 819 357 τε
878 313 990 365 ὅκως
1041 311 1238 356 ἀπίκοιτο
1285 312 1345 363 ἔς-
1386 313 1506 357 Ἐ-ὄο

1269 379 1374 424 Τότε
1405 381 1451 425 δὲ

196 452 487 506 ἐπολιορκέετο
517 448 603 493 ὑπὸ
632 448 894 505 Ἀθηναίων,
922 448 1020 492 οὔτε
1049 448 1450 503 παρεσκευασμένος

197 525 238 575 ἐς
274 521 551 574 πολιορκίην,
590 517 688 560 οὔτε
717 517 1061 571 προσδεκόμενος
1089 516 1191 567 τοὺς
1218 515 1448 572 ’Έλληνας

197 590 430 645 ἀφυλάκτῳ
462 587 507 630 δέ
536 602 622 635 κως
654 583 771 638 αὐτῷ
801 583 1018 626 ἐπέπεσον.
1053 582 1168 626 Ἐπεὶ
1199 585 1244 627 δὲ
1273 589 1446 638 πολιορ-
1504 589 1666 659 ξξέξὲῑὲἓῐῑιξ
1685 592 1736 621 diu

1662 646 1672 660 9

191 656 435 712 κεομένοισί
463 666 541 709 σφι
571 650 860 706 φθινόπωρον
887 650 1114 706 ἐπεγίνετο,
1144 653 1217 695 καὶ
1235 650 1448 705 ἤσχαλλον
1461 658 1505 693 55

195 728 238 770 οἱ
262 723 487 780 Ἀθηναῖοι
522 718 607 763 ἀπό
633 735 676 762 τε
711 722 785 774 τῆς
824 717 998 762 ἑωυτῶν
1028 718 1347 776 ἀποδημέοντες
1375 719 1450 762 καὶ

136 930 341 966 Protesilao
386 926 494 964 heroi
552 932 790 963 consecratus

135 993 224 1032 erat,
263 988 439 1022 sementem
477 983 568 1033 fecit
600 996 791 1033 pecoraque

133 1056 199 1080 sua
219 1045 348 1093 Ραυίΐς
388 1055 477 1077 nam
498 1041 658 1077 verbum
678 1040 791 1089 νέμε-

133 1104 231 1138 σθαι
253 1098 313 1135 hic
339 1097 386 1134 ad
414 1110 551 1148 pascua
582 1110 790 1147 gregesque

132 1163 299 1206 spectare
319 1162 419 1190 recte
439 1161 570 1190 monet
586 1153 787 1203 Schweig-

132 1211 300 1249 haeuser.
323 1212 362 1247 in
377 1213 472 1248 Lex,
493 1209 633 1247 Herod.

189 1320 402 1377 ἀφυλάκτῳ
424 1322 465 1362 δέ
479 1338 557 1369 κως
576 1318 685 1375 αὐτῷ
699 1319 787 1361 ἕπε’-

131 1380 275 1431 πεσον]
300 1376 511 1432 οἷφυλάκτῳ
540 1380 680 1429 primus
717 1377 786 1414 de-

132 1437 185 1475 dit
207 1437 430 1474 Schaeferus
452 1450 472 1471 e
496 1435 642 1472 duobus
673 1432 783 1471 codd.

132 1507 201 1545 pro
230 1495 338 1543 vulg.
374 1487 560 1541 α’φύκτως
582 1492 692 1542 quale
714 1490 783 1527 ad-

131 1551 305 1589 verbium
314 1562 446 1585 vereor
458 1556 497 1585 ut
510 1555 783 1599 exstet,quam-

132 1620 248 1659 quam
277 1606 505 1643 adiectivum
537 1602 714 1651 ἄφυκτος
741 1604 782 1641 de

130 1678 187 1711 ρο,
209 1664 300 1714 quod
315 1665 445 1700 evitari
466 1663 597 1711 nequit,
609 1660 781 1697 heudin-

128 1722 293 1758 solitum.
357 1719 441 1756 vid.
468 1717 659 1754 Plutarch.
687 1719 721 1752 II
743 1732 779 1768 p.

132 1780 209 1817 107
236 1778 281 1813 Β.
322 1776 426 1812 Stob.
457 1777 615 1825 Eclogg.
647 1773 779 1825 Physs.

129 1846 167 1882 p.
186 1835 224 1873 8.
246 1831 414 1882 Alciphr.
436 1834 464 1878 Ι,
488 1834 553 1873 25.
597 1833 700 1876 Quae
721 1838 780 1867 at-

127 1890 213 1925 tulit
258 1889 627 1937 Wesselingius,
685 1886 779 1924 haec

128 1946 348 1982 subiiciens:
417 1944 531 1992 „Sed
570 1946 779 1995 Artayctes,

126 2001 243 2038 modo
260 2000 416 2053 provide
433 2009 468 2038 et
489 2002 658 2038 consulto
681 2002 781 2051 egis-

125 2065 192 2106 set,
224 2066 288 2095 aut
317 2060 434 2095 vitare
456 2058 703 2103 obsidionem,
716 2064 780 2094 aut

126 2123 306 2165 apparatu
345 2114 393 2151 ad
424 2127 508 2150 eam
544 2113 780 2151 tolerandam

125 2185 204 2208 sese
224 2177 397 2222 potuerat
425 2173 622 2208 instruere.
671 2173 778 2207 Neu-

126 2234 226 2264 trum
256 2229 485 2275 observavit3
522 2227 624 2264 unde
645 2241 688 2264 ex
709 2230 777 2264 im-

120 2286 270 2333 proviso,
308 2286 362 2321 uti
393 2286 522 2332 Valla,
560 2279 774 2336 α’φυλοῖκτῳ

127 2338 221 2388 (non
253 2336 518 2388 ἀφυλάκτως)
548 2354 777 2392 supervene-

127 2403 226 2432 runt.
283 2398 415 2434 Simile
453 2399 637 2449 Polyaeui
674 2399 772 2444 VIII,

127 2454 192 2492 36.
205 2453 395 2492 Plutarch.
407 2456 441 2490 ΙΙ
451 2468 488 2505 p.
502 2458 583 2496 262
596 2456 637 2493 C.
651 2456 775 2490 Hero-

127 2507 228 2544 diani
248 2510 309 2556 VI,
333 2510 397 2549 5.“
435 2511 550 2548 Addit
575 2510 776 2561 Schweig-

124 2563 325 2601 haeuserus
356 2562 592 2615 ἀφυλάκτως
628 2569 777 2607 διακεῖ-

126 2625 223 2659 σθαι
245 2635 265 2657 e
286 2622 418 2672 Polyb.
448 2625 509 2671 IV,
531 2627 583 2665 36
605 2626 642 2669 ξ,
664 2625 688 2663 4
716 2625 775 2660 le·-

124 2679 290 2714 ctionem
314 2674 610 2726 ἅφυλάκτωςὶΐᾶ
622 2679 775 2717 defendi

121 2746 230 2783 posse
269 2742 415 2785 putans,
455 2743 496 2772 ut
538 2737 775 2774 Herodotum

124 2790 258 2828 dixisse
288 2790 505 2830 credamus:
543 2795 624 2841 „ita
642 2795 683 2832 de
706 2796 773 2832 im-

844 927 982 976 proviso
1011 939 1085 964 eum
1119 926 1240 964 adorti
1255 929 1336 964 sunt
1355 925 1502 963 Atheni-

847 996 960 1030 enses,
998 987 1038 1020 ut
1067 983 1192 1033 effugi
1215 997 1280 1020 non
1311 985 1502 1033 potuerint,

847 1039 886 1075 id
917 1047 991 1084 est,
1034 1044 1074 1076 ut
1108 1041 1167 1076 ille
1203 1044 1235 1076 et
1267 1042 1328 1091 qui
1362 1052 1436 1076 cum
1465 1052 1501 1076 eo

847 1100 958 1143 erant,
989 1096 1143 1146 effugere
1171 1110 1239 1133 non
1263 1097 1498 1146 potuerint“:

841 1166 980 1203 nempe
1031 1154 1142 1201 (sunt
1180 1154 1260 1203 ipsa
1299 1150 1500 1203 Schweig-

843 1207 1015 1245 haeuseri
1036 1209 1181 1258 verba),
1215 1209 1347 1260 „quod
1368 1222 1416 1245 ex
1435 1210 1497 1245 in-

841 1267 1083 1317 sequentibus
1103 1267 1335 1315 intelligitur,
1371 1272 1408 1302 et
1427 1278 1499 1302 na-

842 1323 948 1359 vibus
971 1324 1104 1358 urbem
1125 1322 1352 1359 obsederunt
1372 1329 1408 1359 et
1429 1335 1500 1358 ex-

842 1380 1037 1415 scensione
1058 1379 1157 1415 fact&
1178 1378 1339 1415 eandem
1362 1392 1383 1414 a
1404 1392 1500 1416 con-

842 1436 984 1470 tinente
1005 1436 1055 1471 ita
1086 1434 1428 1482 circumsederunt,
1457 1442 1500 1472 ut

841 1491 1009 1540 effugere
1027 1505 1141 1527 nemo
1165 1492 1330 1541 posset.“
1389 1490 1497 1539 Mihi,

838 1554 880 1583 ut
903 1548 1026 1584 dicam
1047 1547 1149 1599 quod
1181 1549 1299 1584 sentio
1313 1575 1324 1594 ,
1355 1545 1429 1584 hoc
1450 1542 1499 1586 ἆ-

838 1601 999 1652 φύκτως
1007 1606 1127 1654 magis
1139 1605 1369 1656 exquisitum
1380 1617 1497 1655 quam

836 1674 970 1698 verum
990 1661 1157 1698 videtur:
1181 1675 1294 1713 quare
1315 1659 1418 1697 haud
1433 1674 1497 1697 re-

837 1719 932 1768 cepi.
990 1718 1233 1755 Adiectivum
1264 1713 1495 1767 ἀφύλακτος

834 1775 1003 1824 pluribus
1023 1776 1114 1811 locis
1135 1774 1236 1825 apud
1246 1773 1495 1811 Plutarchum

835 1833 996 1867 inveniri
1042 1833 1204 1881 cognovi
1252 1845 1272 1867 e
1305 1833 1494 1883 Wytten-

836 1887 946 1924 bach.
968 1887 1052 1925 Iud.
1082 1889 1284 1927 Graecitat.
1314 1889 1366 1926 T.
1394 1889 1494 1936 VIII,

1031 2034 1123 2084 cap.
1145 2033 1298 2070 CXVII.

890 2112 1114 2165 ἐπεγίνετο]
1165 2113 1228 2150 Sic
1274 2110 1362 2148 dedi
1401 2125 1492 2148 cum

831 2169 1024 2216 Bekker0‚
1046 2168 1178 2206 Matth,
1202 2176 1238 2206 et
1259 2167 1490 2216 Schaefero3

832 2225 1051 2277 Schweigh.
1086 2233 1123 2263 et
1155 2226 1272 2263 Gaisf.
1311 2238 1332 2261 e
1373 2226 1491 2262 tribus

829 2283 941 2322 codd.
960 2283 1146 2320 dederunt
1165 2282 1371 2334 ἐπιγίνετο.
1393 2281 1492 2319 Ver-

832 2341 926 2376 bum
969 2336 1175 2390 ἆσχάλλειν
1205 2339 1312 2389 attigi
1342 2337 1390 2374 ad
1423 2339 1491 2386 III,

835 2399 928 2438 152.
957 2396 1018 2433 Ad
1039 2397 1153 2434 verba
1175 2392 1276 2442 ὅκως
1298 2390 1492 2447 ἀπάγοιεν

832 2454 934 2491 conf.
963 2452 1098 2491 matth.
1135 2455 1201 2490 Gr.
1232 2453 1297 2489 Gr.
1330 2453 1368 2497 ξ.
1408 2451 1486 2493 531

829 2517 910 2547 not.
941 2512 967 2549 2
988 2523 1075 2561 pag.
1100 2512 1220 2550 1037.
1242 2529 1293 2537 —-
1343 2510 1400 2544 De
1420 2520 1491 2544 usu

831 2568 1102 2616 particularum
1117 2564 1212 2618 πρὶν
1236 2561 1264 2615 ἦ
1285 2565 1386 2601 conf.
1410 2565 1489 2601 citt.

831 2623 879 2660 ad
896 2625 965 2671 IX,
987 2625 1052 2663 93.
1092 2643 1140 2650 ——
1198 2618 1240 2660 τὸ
1258 2616 1490 2670 Ἀθηναίων

831 2677 966 2719 κοινὸν
996 2679 1174 2716 convenit
1198 2691 1287 2714 cum
1307 2676 1490 2729 Thucyd.

830 2738 860 2783 I,
891 2737 956 2778 89.
1015 2734 1094 2773 Sed
1120 2734 1207 2771 vide
1236 2747 1388 2788 quoque
1407 2736 1490 2771 He-

831 2792 913 2831 rod.
935 2793 979 2841 V,
1005 2794 1095 2832 109.
1117 2792 1180 2840 VI,
1206 2790 1270 2832 14.
