1839 3292
233 198 319 239 422
784 195 1167 235 COMMENTATIO

236 315 350 362 atque
369 310 527 347 nimiam
546 316 799 347 venustatem.
857 309 923 344 llis
943 314 1073 343 autem
1101 306 1299 344 virtutibus
1314 335 1324 354 ,
1363 317 1463 358 quae
1489 312 1577 357 apta
1604 311 1642 344 et
1667 317 1731 343 ar-

237 368 411 417 gumenti
433 374 470 404 et
485 367 664 403 orationis
685 365 890 410 electione,
911 364 1115 400 verborum
1135 369 1241 412 grata
1256 364 1529 413 compositione
1550 369 1586 400 et
1605 363 1731 400 varie-

236 429 313 461 tate
326 453 336 471 ,
365 422 468 460 unde
488 424 700 460 maximam
729 421 907 458 orationis
926 421 1042 470 ipsius
1062 425 1299 457 venustatem
1320 426 1357 456 et
1385 421 1610 457 suavitatem
1641 419 1732 456 oriri

239 486 406 528 constat,
443 481 713 524 continentur,
751 475 989 514 Herodotum
1029 474 1252 527 Thucyditli
1289 483 1475 525 praestare
1515 476 1733 514 iudicarunt

237 543 406 585 veteres,
428 535 460 584 ⁴¹)
499 536 560 573 cui
594 536 710 572 etiam
743 535 783 571 in
813 546 858 570 eo
888 534 1132 584 praestiterit,
1163 530 1268 584 quod
1290 531 1393 567 unde
1412 533 1564 569 initium
1585 533 1734 570 ducen-

239 592 333 630 dum
355 599 390 629 et
411 604 487 644 quo
508 605 629 644 usque
648 589 956 643 perveniundum
974 619 984 638 ,
1014 591 1158 641 optime
1190 589 1324 626 scierit.
1345 588 1403 636 **)
1460 588 1733 640 Thucydidem

239 648 284 690 ἕν
301 652 385 695 τοῖς
399 652 641 700 παθητικοῖς
658 649 704 698 (i.
725 661 756 685 e.
777 649 816 684 iu
839 647 1096 698 exprimendis
1117 644 1463 683 vehementioribus
1484 646 1602 682 animi
1619 647 1732 683 moti·

239 706 328 755 bus)
341 706 538 754 excellere,
550 704 789 742 Herodotum
802 703 844 744 ἒν
855 708 936 750 τοῖς
947 700 1110 754 ἠθικοῖς
1128 704 1216 752 (i.e.
1229 703 1267 738 in
1282 702 1396 737 animi
1407 701 1603 739 affectibus
1621 701 1736 740 seda-

238 763 396 800 tioribus
412 761 734 802 indicandis—im
750 759 952 797 Ausdruck
963 759 1030 797 der
1046 759 1157 810 ruliig
1146 772 1252 796 reren
1263 757 1735 810 Gemiithsbewegungen)

238 818 383 856 iudicat
401 819 626 871 Dionysius,·
648 818 723 868 ***)
736 819 797 855 cui
817 818 935 867 iungo
958 816 1200 862 Quinctiliani
1221 813 1404 851 iudicium
1416 816 1506 853 Inst.
1528 816 1630 854 Orat.
1646 816 1696 863 X,
1713 817 1733 855 1

241 876 279 922 §-
288 878 370 916 73:
401 877 574 924 „Densus
595 882 632 912 et
651 875 774 912 brevis
796 881 989 924 etsemper
1008 875 1148 910 instans
1167 873 1237 910 sibi
1248 870 1454 924 Thucyd„
1444 872 1576 909 ‘dulcis
1601 876 1634 910 et
1649 885 1738 910 can·

241 931 349 970 didus
373 937 405 969 et
426 932 536 983 fusus
559 931 783 975 Herodotus;
813 931 876 967 ille
896 931 1103 978 concitatis,
1125 929 1186 966 hic
1207 929 1366 965 remissis
1379 928 1574 966 affectibus
1585 930 1736 976 melior,

239 989 304 1026 ille
325 990 582 1037 concionibus,
594 987 657 1025 luc
676 988 927 1035 sermonibus,
956 988 1019 1023 ille
1038 988 1088 1034 vi,
1118 985 1180 1022 hic
1199 986 1432 1036 voluptate.“
1472 988 1571 1023 Hinc
1584 998 1737 1037 quoque

241 1045 373 1083 Cicero
394 1046 434 1082 in
457 1046 561 1087 Orat.
592 1048 665 1086 12:
696 1045 816 1092 „alter
837 1042 1088 1093 (Herodotus)
1110 1043 1287 1082 sinejultis
1300 1041 1452 1079 salebris
1473 1041 1738 1094 quasisedatus

241 1103 365 1140 amnis
394 1103 499 1151 fluit,
529 1102 623 1140 alter
652 1099 940 1154 (Thucydides)
973 1100 1162 1138 incitatior
1189 1098 1308 1136 fertur
1337 1105 1375 1136 et
1395 1097 1442 1135 de
1461 1099 1606 1137 bellicis
1627 1099 1740 1136 rebus

333 1299 373 1343 ⁸⁸)
418 1300 495 1335 Vid.
532 1300 671 1346 Dionys.
706 1299 817 1336 Halic.
849 1299 960 1345 Epist.
985 1300 1030 1334 ad
1061 1300 1165 1345 Pomp
1170 1299 1212 1333 ei.
1237 1301 1268 1341 ἓ.
1293 1300 1365 1344 3p
1372 1299 1480 1333 ..128
1508 1299 1583 1333 129.
1608 1297 1671 1342 (Τ.
1690 1296 1741 1332 VI

243 1355 278 1391 p.
308 1346 375 1382 767
408 1358 445 1381 se
448 1347 522 1392 qq.)
559 1347 611 1381 De
641 1351 727 1381 vett.
751 1346 883 1392 scriptt..
909 1357 997 1379 cens.
1025 1346 1053 1379 V
1085 1358 1119 1400 p.
1144 1346 1212 1380 424
1235 1358 1307 1390 seq.
1333 1310 1439 1378 lodic.
1474 1344 1518 1377 de
1550 1342 1740 1387 Thucydid.

242 1392 288 1426 T.
323 1391 371 1425 VI
402 1404 435 1438 p.
448 1359 578 1429 q-775
583 1395 649 1428 777
674 1393 794 1426 Reisk.
842 1392 1007 1449 Equidem
1030 1392 1218 1435 insigniora
1243 1391 1406 1445 quaedam
1439 1391 1504 1423 huc
1526 1394 1654 1423 tantum
1679 1400 1744 1445 ap-

243 1446 388 1493 ponam:
414 1458 457 1464 --
482 1435 626 1483 ἡδονὴν
649 1437 770 1473 δὲκαὶ
789 1436 910 1472 πειθώ
933 1437 995 1472 καὶ
1013 1450 1051 1472 τε
1046 1436 1143 1493 ρψιν
1165 1436 1228 1471 καὶ
1248 1435 1316 1476 τὰς
1347 1433 1572 1491 ὁμοιογενεῖς
1605 1432 1743 1489 α’ρετὰς

245 1482 456 1538 εἰσφέρεται
475 1485 602 1540 μακρῷ
631 1484 865 1540 Θουκυδίδου
894 1485 1104 1527 κρείττονας
1130 1481 1358 1526 Ηρόδοτος·
1399 1482 1474 1538 τῆς
1500 1478 1540 1515 δὲ
1573 1479 1744 1525 φράσεως

244 1529 320 1563 τῶν
339 1527 532 1585 ὀνομάτων
543 1530 585 1564 τὸ
603 1529 668 1574 μὲν
690 1543 787 1564 κατα
806 1528 934 1586 φύσιν
937 1528 1144 1584 Ηρόδοτος
1167 1527 1340 1584 ἐζήλωκε,
1375 1526 1418 1562 τὸ
1440 1524 1480 1561 δε
1499 1526 1624 1561 δεινὸν
1645 1526 1744 1561 Θου-

247 1574 431 1631 κυδίδης,
450 1564 629 1631 ὁμοειδὴς
652 1577 728 1616 πᾶς
755 1573 808 1610 ὢν
833 1574 872 1610 ἐν
895 1574 1025 1631 λόγοις.
1076 1574 1218 1618 αρετῶν
1239 1572 1261 1618 ἢ
1284 1572 1491 1630 κυριωτάτη
1512 1571 1554 1608 τὸ
1567 1571 1742 1628 πρέπον·

247 1618 390 1663 ταύτην
413 1618 431 1656 ὁ
450 1618 651 1678 Ηρόδοτος
669 1620 820 1667 ἀκριβοῖ
834 1622 973 1664 μᾶλλον
992 1618 1015 1664 ἢ
1049 1621 1302 1675 Θουκυδίδης·
1334 1617 1506 1663 ὁμοειδής
1524 1617 1605 1675 γὰρ
1633 1612 1745 1657 οὗτος

249 1663 290 1701 ἐν
316 1667 428 1707 πᾶσι,
458 1680 528 1701 nav
558 1671 642 1706 ταῖς
671 1668 1058 1723 δημηγορίαιςμᾶλλον
1083 1663 1106 1710 ἢ
1132 1669 1214 1706 ταῖς
1244 1664 1469 1721 διηγήσεσιν·
1516 1662 1597 1718 ἐμοὶ
1619 1662 1746 1707 μέντοι

249 1710 314 1746 καὶ
340 1713 390 1758 τῷ
421 1712 583 1759 φιλτατῳ
608 1714 783 1770 Καικιλίῳ
814 1714 917 1747 δοκεῖ
942 1711 988 1746 τὰ
1018 1710 1262 1769 ἐνθυμήματα
1285 1709 1404 1746 αὐτοῦ
1428 1707 1586 1765 μαλιστα
1615 1721 1653 1754 γε
1681 1708 1746 1743 καὶ

251 1747 410 1812 ζηλῶσαι
424 1757 601 1814 Δημοσθέ
586 1770 688 1816 ενης·
722 1759 783 1793 ι’να
806 1757 844 1793 δε
866 1757 1024 1792 συνελών
1053 1759 1165 1801 εἷ’,πω
1196 1757 1304 1792 καλαὶ
1320 1756 1386 1811 μὲν
1413 1756 1452 1790 αἱ
1486 1753 1652 1800 ποιήσεις
1675 1753 1747 1798 α’μ-

252 1801 430 1847 φότεραι·
475 1803 520 1839 ου’
545 1804 616 1848 ,ἀρ
642 1802 689 1839 ἒὶν
717 1805 956 1860 αἰσχυνθείην
974 1803 1141 1860 ποιήσεις
1165 1802 1284 1843 αὐτὰς
1303 1802 1432 1857 λέγων·
1466 1780 1687 1858 διαφέρουσι
1705 1798 1746 1835 δὲ

252 1861 346 1883 κατα
369 1851 479 1884 τοῦτο
498 1850 656 1894 μάλιστα
683 1848 871 1894 ἀλλήλων,
905 1848 963 1885 ότι
980 1848 1023 1885 τό
1046 1847 1113 1894 μὲν
1131 1847 1342 1895 Ηροδότου
1360 1847 1450 1884 καλ).
1454 1860 1494 1889 ος
1513 1845 1644 1893 ἱλαρόν
1661 1845 1747 1891 ἔστι,

253 1894 419 1941 φοβερὸν
441 1895 479 1930 δὲ
500 1895 542 1931 τὸ
569 1897 814 1933 Θουκυδίδου.

348 1964 394 2007 ”)
437 1965 576 2021 Dionjs.
610 1965 720 2009 Epist.
753 1965 797 1999 ad
828 1964 977 2009 Pompei.
1003 1966 1034 2006 §.
1058 1965 1081 1999 3
1105 1976 1137 2021 p.
1165 1965 1241 2007 129,
1267 1965 1389 2003 15,16
1413 1963 1486 2017 (Τ.
1509 1961 1556 1997 VI
1579 1973 1613 2006 p.
1639 1962 1745 2016 769)·

255 2005 431 2053 δεύτερόν
454 2008 529 2044 ἐστι
551 2011 616 2055 τῆς
632 2011 815 2055 ιστορικῆς
833 2011 1085 2054 πραγματείας
1103 2009 1228 2054 ἔργον,
1263 2011 1402 2054 γνῶναι
1420 2006 1542 2043 πόθεν
1560 2015 1607 2045 ῐτε
1633 2003 1747 2049 αρξα

257 2055 350 2089 σθαι
370 2055 431 2090 καὶ
449 2055 552 2109 μέχρι
580 2058 646 2090 τοῦ
677 2059 874 2110 προελθεῖν
903 2058 969 2090 δεῖ.
1018 2057 1199 2112 φαίνεται
1219 2053 1258 2090 δε
1279 2056 1342 2089 καὶ
1363 2053 1483 2089 τούτω
1513 2053 1747 2088 Θουκυδίδου

255 2099 350 2134 πολὺ
368 2098 575 2145 Ηρόὸοτος
594 2101 886 2157 φρονιμώτερος·
912 2099 1062 2146 ἄρχεταί
1076 2114 1114 2136 τε
1133 2099 1199 2145 ἀφ’
1214 2102 1261 2146 ής
1284 2102 1404 2140 αἰτίας
1418 2090 1578 2153 ἤρξαντο
1598 2098 1747 2141 πρῶτον

257 2147 379 2186 κακῶς
404 2151 524 2182 ποιεῖν
541 2160 630 2188 τους
639 2146 827 2205 '31'13772721043
838 2148 872 2182 οὶ
892 2147 1096 2194 βάρβαροι·
1143 2160 1206 2181 και
1223 2146 1420 2192 προελθών
1447 2147 1497 2185 εἰς
1516 2143 1584 2188 τὴν
1606 2142 1749 2189 βαρβά-

258 2204 333 2234 ρων
349 2191 499 2227 κόλασιν
515 2193 578 2228 καὶ
595 2196 773 2251 τιμωρίαν
789 2193 827 2228 λε’
814 2206 893 2238 γει,
916 2199 951 2228 et
975 2194 1073 2238 paulo
1098 2197 1198 2227 antea
1222 2194 1273 2238 (p
1298 2194 1383 2235 767)
1401 2204 1451 2245 p.
1463 2192 1540 2231 128,
1563 2190 1627 2224 42:
1662 2188 1750 2246 περὶ

256 2249 323 2280 μεν
338 2235 546 2281 Ηροδότου
565 2239 628 2274 καὶ
655 2240 890 2275 Θουκυδίδου
910 2241 1030 2274 ταῦτα
1058 2240 1205 2294 φρονῶ·
1249 2238 1408 2282 Πρῶτον
1437 2233 1495 2271 ὁτι
1529 2235 1592 2270 καὶ
1618 2233 1749 2277 σχεδὸν

257 2281 554 2327 αναγκαιότατον
583 2298 689 2330 592021
722 2284 899 2320 απάντων
922 2283 996 2320 ἐστι
1016 2282 1323 2337 τοῖςγραφοῡσιν
1343 2283 1528 2327 ιστορίας,
1559 2278 1749 2316 υπόθεσιν

258 2326 475 2386 ἐκλέξασθαι
491 2330 605 2374 καλὴν
625 2331 688 2365 καὶ
709 2329 969 2375 κεχαρισμένην
989 2334 1067 2369 τοῖς
1085 2343 1179 2373 αναγ
1184 2327 1425 2373 νωσομένοις·
1453 2329 1566 2362 τοῦτο
1586 2324 1749 2383 “Ηρόδο-

258 2375 324 2415 δος
348 2375 518 2431 κρεῖττόν
540 2389 603 2420 μοι
628 2378 733 2411 δοκεῖ
757 2376 997 2420 πεποιηκέναι
1023 2376 1275 2410 Θουκυδίδου·
1317 2374 1456 2414 ἐκεῖνος
1480 2386 1545 2417 μεν
1571 2372 1642 2427 γὰρ
1671 2385 1750 2406 κοι-

257 2419 328 2465 νὴν
348 2418 564 2477 Ελληνικῶν
584 2434 622 2458 τε
643 2422 705 2456 καὶ
727 2422 926 2477 βαρβάρων
944 2421 1110 2465 πράξεων
1132 2420 1340 2465 ἐξενήνοχεν
1364 2421 1552 2478 ιστορίανη,
1592 2417 1643 2458 ὠς
1658 2416 1749 2473 μήτε

258 2467 305 2500 τὰ
331 2467 508 2512 γενόμενα
524 2468 561 2511 ἐξ
579 2467 792 2524 ανθρώπων
811 2467 955 2525 εξίτηλα
970 2467 1138 2519 γένηται,
1160 2466 1251 2512 μήτε
1268 2467 1315 2500 τὰ
1339 2479 1424 2521 εργα
1439 2465 1500 2500 καὶ
1521 2464 1615 2509 ἅπερ
1633 2461 1750 2504 αὐτὸς

258 2512 399 2557 εἱρηκε·
438 2514 578 2596 τὸλξγὰρ
611 2513 704 2550 αὐτὸ
735 2514 933 2560 προοιμιόν
960 2527 998 2549 τε
1028 2514 1088 2549 καὶ
1117 2512 1206 2558 αρχη
1241 2513 1303 2548 καὶ
1329 2512 1431 2553 τέλος
1457 2511 1533 2546 ἐστὶ
1567 2511 1750 2556 τῆςὶστο-

258 2559 340 2601 ρίας
363 2572 396 2596 κ.
419 2574 440 2595 τ

351 2628 416 2672 “’)
438 2629 490 2662 De
514 2629 609 2663 vett.
634 2630 776 2675 Scriptt.
802 2629 903 2666 Ceus.
929 2629 958 2662 V
977 2640 1014 2684 p.
1039 2627 1130 2663 425.
1157 2624 1195 2662 ἒν
1214 2626 1342 2671 μέντοι
1357 2629 1436 2666 τοῖς
1453 2623 1603 2671 ἠθικοῖς
1624 2625 1753 2669 κρατεῖ

257 2669 485 2717 Ἡρόδοτος,
508 2671 547 2708 ἐν
564 2673 603 2709 δὲ
628 2679 708 2715 τοῖς
723 2676 947 2730 παθητικοῖς
966 2687 984 2709 o
1010 2674 1244 2728 Θουκυδίδης
1274 2675 1351 2708 coll.
1384 2674 1495 2731 Epist.
1529 2673 1570 2705 ad
1599 2671 1747 2725 Pompei.

258 2717 309 2750 VI
333 2729 365 2772 p.
389 2721 473 2753 776:
524 2721 754 2765 Θουκυδίδης
774 2733 815 2764 με
819 2734 839 2754 ν
857 2720 927 2765 γὰρ
947 2733 993 2754 τα
1011 2718 1120 2764 παθη
1141 2720 1305 2763 δηλῶσαι
1321 2718 1517 2761 κρείττων·
1548 2714 1750 2761 Ἡρόδοτος

259 2761 506 2854 ξξὲτάῶἶέἤθη
523 2768 757 2813 παραστῆσαι
773 2766 991 2812 δεινότερος.
1038 2766 1115 2801 vid.
1141 2767 1304 2804 cteuzer.
1333 2766 1399 2800 Die
1417 2766 1495 2799 hist.
1506 2764 1618 2798 Kunst
1639 2763 1672 2797 d.
1684 2763 1749 2796 Gr.
