1839 3292
27 837 269 872 Acerrimumsup

27 871 93 897 eiua
122 870 271 897 cadavere

50 904 185 931 molium.
226 904 269 930 Ba

47 938 91 964 ari
108 938 227 964 tandem
238 946 271 963 cu

27 1012 65 1034 el.

361 185 445 225 236

756 184 1220 222 HERODOTI

362 292 484 337 ἔπεσέ
516 309 560 336 τε
589 294 662 336 καὶ
683 290 888 336 ἀπέθανε.
944 294 1091 334 Ταῦτα
1120 292 1165 334 δέ
1196 307 1282 343 κως
1301 290 1512 348 γινόμενα
1538 292 1620 336 ἐλε-

361 360 490 416 λήθεε
520 360 622 410 τοὺς
651 359 811 410 ἄλλους
842 357 1015 409 ἱππέας·
1054 357 1155 401 οὔτε
1191 360 1273 413 γὰρ
1314 360 1502 403 πεσόντα
1540 377 1615 415 μιν

361 427 483 472 εἶδον
514 426 598 470 ἀπὸ
629 430 708 470 τοῦ
737 427 900 475 ἵππου,
933 424 1033 470 οὔτε
1050 424 1413 481 ἀποθνήσκοντα·
1448 427 1618 483 ἀναχω-

362 495 511 551 ρήσιός
549 511 592 537 τε
628 494 858 551 γινομένης
895 495 968 538 καὶ
997 493 1305 550 ὑποστροφῆς,
1338 493 1420 537 οὐκ
1451 495 1617 548 ἔμαθον

334 563 412 607 6τό
454 562 702 618 γενόμενον.

762 561 851 605 ἐπεί
880 579 924 606 τε
959 563 1004 606 δὲ
1034 563 1241 619 ἔστησαν,
1282 561 1438 606 αὐτίκα
1469 562 1616 607 έπόθε-
1631 571 1674 605 65

331 639 466 682 7σαν,
514 629 570 680 ὥς
597 643 734 685 σφεας
772 629 915 682 οὐδεὶς
942 626 998 686 ἦν
1029 629 1052 674 ὁ
1085 631 1267 674 τάσσων.
1326 631 1543 686 μαθόντες
1573 632 1619 675 δὲ

359 697 408 741 τὸ
436 697 637 753 γεγονός,
681 697 1067 754 διακελευσάμενοι
1097 698 1294 754 ἤλαυνον
1323 698 1428 750 τούς
1458 700 1619 750 ἵππους

235 773 298 816 23
358 765 534 817 πάντες,
576 765 636 816 ὠς
667 765 722 808 ἂν
764 765 842 809 τόν
880 782 927 821 γε
968 766 1123 820 νεκρὸν
1154 765 1391 810 ἀνελοίατο.
1443 766 1621 819 Ἰδόντες

272 845 305 864 ⁰¹
364 833 409 877 δὲ
443 836 486 876 οἱ
508 833 737 890 Ἀθηναῖοι
767 833 912 877 ου’κέτι
951 834 1062 878 κατα
1091 837 1212 880 τέλεα
1241 835 1621 891 προσελαύνοντας

362 902 463 953 τοὺς
504 903 679 954 ἱππέας,
719 902 805 945 ἀλλ’
842 901 932 957 ἅμα
974 902 1162 956 πάντας,
1201 904 1282 960 τήν
1320 904 1456 961 ἄλλην
1486 910 1677 958 στρα-70

275 913 303 930 1·-

277 946 303 964 ΙΙΙ

27 972 302 1010 magnastragcsu-
332 970 464 1026 Ξτιήν
494 969 780 1025 ἐπεβώσαντο.
815 970 861 1012 ἐν
891 965 926 1027 ᾦ
957 971 1002 1014 δὲ
1034 972 1057 1014 ὁ
1087 973 1212 1025 πεζὸς
1232 972 1344 1023 ἅπας
1368 973 1544 1028 έβώθεε,
1573 973 1619 1016 ἐν

327 1036 505 1097 3τούτῳ
547 1036 658 1094 μάχη
697 1037 812 1089 ὀξεῖα
851 1039 949 1093 περὶ
988 1043 1070 1082 τοῦ
1110 1045 1273 1094 νεκροῦ
1301 1043 1474 1096 γίνεται.

1536 1041 1617 1092 ἕως

357 1107 436 1162 μέν
468 1123 553 1149 νυν
591 1110 752 1160 μοῦνοι
794 1100 907 1161 ἦσαν
947 1107 990 1148 οἱ
1026 1107 1289 1162 τριηκόσιοι,
1331 1109 1540 1153 ἑσσοῦντό
1574 1126 1619 1154 τε

356 1174 543 1226 πολλὸν,
582 1176 654 1217 καὶ
687 1173 767 1217 τόν
796 1172 955 1228 νεκρὸν
987 1172 1243 1219 ἀπέλειπον·
1290 1175 1348 1228 ὠς
1378 1178 1424 1220 δέ
1458 1189 1537 1232 σφι
1566 1177 1615 1221 τὸ

357 1246 525 1297 πλῆθος
556 1240 885 1297 ἐπεβοήθησαν,
928 1241 1044 1285 οὕτω
1085 1243 1137 1299 δὴ
1177 1245 1325 1288 οὐκέτι
1365 1246 1408 1287 οἱ
1437 1245 1616 1289 ἱππόται

357 1310 588 1365 ὑπέμενον,
612 1310 714 1354 οὐδὲ
737 1323 818 1366 σφι
843 1310 1053 1366 ἐξεγένετο
1071 1311 1150 1355 τὸν
1178 1311 1338 1367 νεκρὸν
1371 1311 1613 1366 ἀνελέσθαι,
1627 1321 1672 1355 75

357 1376 467 1421 ἀλλά
483 1377 592 1432 πρὸς
608 1378 755 1433 ἐκείνῳ
786 1377 945 1430 ἄλλους
964 1379 1298 1434 προσαπόλεσαν
1321 1385 1408 1424 τῶν
1438 1380 1616 1426 ἱππέων.

329 1445 685 1503 4ἀποστήσαντες
715 1440 775 1490 ὦν
805 1446 914 1491 ὅσον
942 1463 986 1491 τε
1017 1447 1099 1492 δύο
1120 1447 1292 1502 στάδια,
1324 1448 1616 1505 ἐβουλεύοντο

298 1648 440 1685 νεῖλεν.
499 1647 543 1683 Iu
577 1660 683 1698 seqq.
715 1660 848 1685 omnes
873 1647 959 1684 libri

297 1698 502 1742 ἐπόθεσαν
558 1703 738 1754 (absentis
791 1705 959 1743 desiderio

298 1762 390 1797 tacti
410 1760 534 1810 sunt),
566 1774 799 1813 quamquam
819 1765 883 1809 ΙΙΙ,
906 1766 958 1803 36

297 1813 488 1866 ἐπόθησε.
547 1817 625 1855 Sed
646 1818 739 1855 illud
759 1820 844 1856 satis
873 1826 957 1856 tue-

297 1879 361 1909 tur
397 1876 556 1911 Homeri
595 1876 832 1928 aliorumque
866 1877 960 1913 scri-

297 1936 453 1980 ptorum
475 1944 574 1970 usus.
634 1933 698 1968 Tu
724 1932 801 1970 vid.
822 1931 958 1970 matth.

299 1987 366 2025 Gr.
390 1989 455 2028 Gr.
483 1990 519 2034 ξ.
545 1991 622 2028 179
652 2003 688 2039 p.
710 1992 804 2029 321.
842 1991 957 2026 Butt-

297 2056 431 2081 mann.
454 2046 517 2081 Gr.
541 2046 604 2081 Gr.
634 2047 651 2081 I
672 2059 759 2096 pag.
784 2049 862 2087 398
884 2047 958 2083 ibi—

299 2113 374 2151 que
400 2101 504 2138 laud.
531 2101 696 2139 Fischer.
728 2103 775 2140 ad
796 2104 956 2140 Weller.

298 2158 333 2192 11
356 2172 392 2208 p.
414 2157 518 2207 324,
550 2160 615 2210 qui
647 2158 755 2196 affert
782 2158 955 2198 Eustath.

298 2213 347 2250 ad
372 2214 504 2266 Odyss.
533 2217 568 2251 II
596 2229 684 2266 pag.
714 2217 794 2258 375
824 2230 853 2256 S.
880 2219 957 2256 102

296 2271 412 2308 Basil.
444 2272 512 2310 Cr.
541 2271 646 2308 addit
675 2273 875 2310 Heindorf.
908 2271 956 2309 ad

296 2328 448 2365 Platon.
469 2327 666 2369 Phaedon.
679 2343 765 2379 pag.
783 2332 859 2370 180
876 2342 955 2381 seq.

296 2383 405 2421 Idem
427 2384 610 2422 Matthiae
641 2386 678 2430 ᾗ.
710 2387 791 2426 520
824 2393 904 2422 not.
929 2388 955 2425 2

297 2454 384 2491 pag.
412 2445 515 2483 1003
538 2441 586 2478 ad
607 2442 722 2478 verba
745 2440 798 2488 ὦς
820 2438 872 2481 ἂν
902 2465 951 2470 -

298 2493 504 2537 ἀνελοίατο
558 2498 820 2535 conferendus.
899 2500 957 2535 De

299 2555 413 2590 verbo
460 2551 715 2606 ἀναιρεῖσθαι
755 2555 956 2592 afferemus

300 2610 488 2662 quaedam
509 2611 556 2648 ad
576 2614 652 2660 IX,
673 2615 742 2653 27.

495 2702 587 2752 Cap,
617 2704 761 2743 XXIII.

354 2776 624 2832 ἐπεβώσαντο]
654 2783 679 2820 i.
702 2796 735 2821 e.
762 2783 832 2821 sibi
851 2784 959 2822 auxi-

1016 1645 1063 1684 lio
1098 1646 1326 1684 advocarunt.
1383 1646 1471 1686 Vid.
1502 1655 1596 1688 nott.
1624 1648 1673 1686 ad

1014 1705 1044 1752 Ι,
1070 1706 1115 1743 11
1139 1711 1175 1741 et
1196 1703 1243 1741 ad
1262 1705 1483 1755 proximum
1507 1701 1671 1757 ἒβώθεε,

1016 1761 1121 1797 cuius
1170 1762 1254 1798 loco
1294 1763 1532 1799 Florentinus
1578 1763 1673 1800 liber

1016 1830 1104 1854 cum
1134 1819 1212 1855 aliis
1238 1814 1474 1869 ἐπεβοήθεε,
1507 1826 1603 1856 nott.
1624 1818 1673 1856 ad

1015 1875 1101 1911 Vm
1118 1904 1127 1921 ‚
1160 1877 1194 1914 1.
1245 1875 1309 1912 Sic
1330 1877 1444 1926 paulo
1466 1876 1564 1912 infra
1583 1875 1674 1915 ἕπε-

1018 1928 1233 1982 βοήθησαν
1277 1945 1298 1968 e
1340 1932 1530 1969 Sancrofti
1575 1933 1672 1970 libro

1016 1988 1114 2025 bene
1156 1988 1364 2039 repositum
1407 2002 1428 2025 a
1466 1988 1672 2026 Schaefero

1014 2058 1083 2094 pro
1105 2045 1209 2094 vulg.
1235 2042 1500 2096 ἐπεβοήθησε.
1521 2068 1575 2073 -
1595 2048 1671 2083 Pro

1014 2102 1119 2151 vulg.
1167 2098 1384 2149 ἀπέλιπον,
1440 2102 1544 2153 quod
1589 2109 1673 2152 post

1015 2157 1264 2194 Schaeferum
1278 2157 1380 2194 dedit
1401 2171 1554 2210 quoque
1566 2157 1672 2195 Bek-

1013 2212 1148 2260 kerus,
1189 2213 1369 2265 equidem
1399 2228 1488 2250 cum
1517 2216 1671 2267 reliquis

1013 2284 1033 2306 e
1073 2271 1292 2307 Florentino
1342 2271 1497 2323 aliisque
1546 2273 1673 2323 recepi

1013 2322 1240 2366 ἀπέλειπον.
1261 2349 1310 2355 -v
1333 2326 1395 2364 Ad
1414 2329 1575 2365 verbum
1592 2329 1672 2376 ἔξε-

1010 2381 1143 2436 γένετο
1165 2384 1266 2420 conf.
1288 2391 1381 2421 nott.
1404 2384 1451 2421 ad
1470 2387 1544 2434 ΙΙΙ,
1579 2386 1670 2426 142.

1070 2436 1380 2490 ἀποστήσαντες]
1421 2443 1448 2480 i.
1490 2456 1522 2481 e.
1565 2455 1671 2492 quum

1016 2496 1084 2534 cluo
1095 2496 1207 2547 ferme
1240 2498 1359 2534 stadia
1382 2501 1532 2547 regressi
1550 2503 1670 2537 essent.

1016 2553 1114 2589 Cum
1145 2555 1271 2590 aoristi
1300 2556 1413 2605 primi
1442 2558 1561 2593 activa
1586 2556 1671 2605 ple-

1013 2623 1177 2662 rumque
1238 2612 1284 2647 sit
1323 2613 1447 2657 notio,
1496 2611 1670 2650 Reiskius

1012 2668 1124 2704 scribi
1153 2668 1298 2704 mavult
1328 2663 1572 2715 ἀποστάντες
1606 2675 1671 2705 aut

1014 2719 1380 2774 ἀπονοστήσαντεςς
1415 2726 1669 2775 ννεεεείἰηςίο

1013 2789 1051 2820 et
1070 2779 1278 2819 Abreschio
1299 2780 1348 2819 ad
1375 2776 1671 2835 ἀποστήσαντες

1677 1043 1758 1082 702
