1839 3292
406 231 465 273 98

816 226 1272 264 HERODOTI

379 337 550 384 Ξποὲλαι
580 338 747 388 οἷ’κεον,
789 335 993 388 Ἀρκάδες
1018 350 1084 385 τε,
1125 334 1200 376 καὶ
1232 331 1487 386 Κυνούριοι.
1538 331 1589 373 ἓν
1628 330 1675 374 δὲ

409 409 554 458 ἔθνος,
584 402 633 448 τὸ
662 400 878 458 Ἀχαϊκόν,
906 402 953 444 ἐκ
982 402 1060 457 μὲν
1095 400 1444 455 Πελοποννήσου
1482 398 1565 442 οὐκ
1595 398 1676 450 ἐξε-

408 473 596 531 χώρησε,
635 470 680 513 ἐκ
710 470 789 524 μέν
817 484 886 510 τοι
912 472 988 525 τῆς
1018 469 1217 512 ἑωυτῶν·
1257 468 1385 510 οἰκέει
1422 465 1468 510 δὲ
1496 465 1577 522 τήν
1603 464 1676 509 ἆλ-

410 542 602 595 λοτρίην.
633 537 686 580 τὰ
716 536 763 580 δὲ
793 537 923 580 λοιπὰ
953 539 1084 581 ἔθνεα
1115 539 1205 580 τῶν
1235 533 1340 578 ἑπτά
1371 534 1562 588 τέσσερα,
1580 533 1678 590 ἐπή-

379 606 525 652 δλυδά
555 607 658 657 ἐστι,
690 605 880 658 Δωριέες
917 622 982 658 τε,
1022 606 1095 649 καὶ
1126 599 1326 652 Αἰτωλοὶ,
1356 601 1429 644 καὶ
1459 602 1676 656 Δρύοπες,
1689 609 1734 643 80

407 676 483 721 καὶ
511 674 712 732 Λήμνιοι.
770 672 981 728 Δωριέων
1011 673 1103 728 μὲν,
1134 671 1291 715 πολλαί
1320 685 1364 713 τε
1393 668 1470 713 καὶ
1503 668 1679 726 δόκιμοι

407 885 594 942 Ἀρκοῖὅες
617 903 657 929 τε
677 887 745 929 καὶ
770 886 1011 942 Κυνούριοι]

354 948 542 984 Pausania
583 947 607 986 l.
636 947 661 983 l.
693 953 846 982 auctore
881 954 1013 997 gentes

353 1005 664 1054 Peloponnesum
694 1004 900 1040 incolentes
927 1010 1015 1040 sunt

354 1061 511 1098 Arcades
532 1060 715 1108 indigenae
735 1067 848 1111 atque
869 1060 1013 1107 Achaei,

356 1118 423 1169 qui
451 1130 472 1153 a
499 1117 662 1153 Dor-ibus
694 1115 784 1152 sede
824 1129 891 1151 sua
925 1129 1015 1152 cum

354 1174 454 1224 pulsi
469 1179 611 1219 essent,
640 1184 720 1208 uon
742 1174 880 1221 egressi
902 1173 1015 1207 Pelo-

354 1242 525 1280 ponneso
565 1241 651 1264 eam
690 1229 843 1264 Ionibus
890 1228 1015 1264 eiectis

354 1298 463 1322 oram
482 1292 640 1322 tenuere
656 1314 665 1331 ,
698 1298 796 1336 quae
824 1285 916 1321 olim
935 1286 1016 1320 Ae-

354 1343 476 1392 gialus
504 1341 604 1378 dicta
630 1354 734 1378 nunc
764 1342 811 1378 ab
842 1340 899 1378 his
929 1342 1016 1391 ipsis

353 1397 517 1436 Achaeis
538 1396 714 1434 Achaeae
741 1411 885 1434 nomen
907 1411 1017 1434 acce-

353 1456 423 1506 pit.
473 1454 628 1492 Arcades
654 1468 745 1493 vero
778 1453 882 1491 idem
915 1454 1019 1491 addit

355 1510 510 1548 easdem
554 1524 706 1561 semper
746 1513 919 1561 regiones
959 1518 1019 1547 te-

353 1569 502 1605 nuisse:
526 1580 692 1619 quocum
708 1570 941 1604 conveniunt
961 1575 1019 1604 te·-

354 1625 532 1661 stimonia
546 1623 729 1661 Herodoti
744 1625 790 1671 11,
806 1627 895 1672 171,
909 1624 1018 1661 Thu-

355 1680 501 1732 cydidis
520 1682 558 1728 Ι,
593 1683 619 1721 2
641 1682 822 1728 aliorum,
845 1694 939 1732 quos
960 1682 1019 1718 af-

355 1738 455 1774 ferre
474 1736 606 1788 pudet.
655 1739 831 1789 Namque
852 1737 1017 1775 Arcades

355 1795 551 1831 montibus
581 1794 655 1830 suis
676 1795 817 1845 pellere
845 1808 923 1831 non
945 1808 1017 1846 po-

356 1856 512 1888 tuerunt
540 1852 658 1886 Dores
698 1858 762 1887 aut
799 1852 1015 1898 noluerunt,

359 1908 501 1959 quippe
532 1908 714 1957 religione
746 1907 911 1959 quadam
947 1909 1017 1945 ob-

357 1965 498 2001 stricti:
540 1976 616 2014 quo
656 1972 798 2014 spectat
832 1966 1018 2016 Polyaeni

358 2022 522 2057 narratio
550 2022 587 2064 Ι,
619 2022 644 2060 7
677 2022 762 2060 coll.
793 2021 950 2059 Diodor.
980 2023 1016 2058 11

358 2090 399 2128 p.
419 2077 499 2118 635
519 2076 684 2114 Wessel.

416 2187 458 2228 ἐκ
488 2186 559 2239 μὲν
600 2185 914 2238 Πελοποννήσου
943 2183 1016 2227 οὐκ

359 2240 574 2295 ἐξεχώρησε
590 2260 627 2284 κ.
657 2260 690 2283 τ.
713 2247 763 2293 λ.]
789 2246 892 2290 Quae
913 2243 1015 2281 hunc

359 2302 400 2338 in
429 2300 588 2338 modum
609 2303 788 2351 expressit
813 2303 1016 2338 Pausanias

358 2358 456 2395 l.l.:
500 2353 548 2397 ου’
587 2356 718 2409 μέντοι
756 2355 1018 2408 Πελοποννή-

361 2426 434 2454 σου
456 2429 499 2466 ys
532 2410 797 2465 ἐξεχώρησαν,
829 2410 926 2452 α’λλοὶ
955 2414 1015 2453 ἐκ-

361 2467 548 2522 βαλόντες
575 2468 716 2517 ’Ἷωνας
741 2470 925 2522 νέμονται
952 2467 1017 2510 τὸν

361 2524 555 2579 Αἰγιαλὸν
581 2524 625 2566 w*
653 2521 840 2577 ἀρχαῖον,
871 2529 947 2566 νῦν
975 2525 1017 2566 δὲ

363 2579 444 2622 οἷπὸ
473 2586 551 2622 τῶν
573 2579 737 2634 Ἀχαιῶν
771 2581 922 2624 τούτων
949 2599 1018 2622 κα-

362 2636 581 2688 λουμένους
612 2642 748 2691 quibus
767 2642 915 2691 respicit
934 2642 1016 2676 He—

361 2694 543 2731 rodotea:
580 2695 698 2736 οἰκέει
729 2696 771 2736 δὲ
797 2695 870 2747 τήν
901 2692 1014 2735 ἄλλο·

361 2751 556 2800 τρίηνί.ο.
577 2753 761 2790 Achaiam.
790 2752 1014 2790 DeAchaeis

362 2807 461 2844 conf,
487 2807 627 2846 Herod.
647 2811 686 2858 1,
727 2809 819 2851 145.
850 2812 1015 2848 Pausan.

1069 890 1150 938 VII,
1176 892 1212 930 1.
1237 889 1365 927 Strab.
1386 888 1477 926 VIII
1491 902 1527 939 p.
1551 885 1633 929 514
1647 889 1734 929 B.s.

1070 961 1108 997 p.
1131 949 1226 987 333.
1244 948 1322 987 583
1339 948 1384 982 Β.
1405 959 1434 984 s.
1457 959 1495 996 p.
1518 946 1611 986 383.

1127 1000 1174 1041 τοὶ
1198 1001 1240 1042 ὁὲ
1271 1000 1390 1042 λοιποὶ
1410 1001 1532 1041 ἔθνεα
1553 1023 1606 1029 ——
1631 996 1734 1050 ε’πή-

1071 1056 1171 1098 λυὸά
1190 1059 1286 1108 ἐστι]
1318 1058 1380 1096 Ad
1400 1071 1536 1096 vocem
1556 1052 1734 1107 ἐπήλυδα

1072 1116 1173 1152 conf.
1208 1114 1343 1152 Matth.
1385 1117 1451 1152 Gr.
1487 1116 1552 1153 Gr.
1589 1115 1627 1159 ξ.
1655 1115 1734 1153 112

1071 1178 1152 1209 not.
1189 1175 1206 1210 1
1249 1185 1334 1222 pag.
1366 1175 1461 1212 228.
1502 1173 1735 1221 Frequentat

1073 1241 1159 1263 eam
1180 1240 1334 1279 quoque
1353 1229 1558 1264 Pausanias
1579 1227 1641 1274 IV,
1668 1224 1734 1273 34,

1076 1285 1199 1331 1.11,
1237 1284 1260 1325 5
1296 1285 1332 1329 ξ.
1365 1288 1404 1324 2.
1442 1286 1596 1331 lx,29
1627 1284 1664 1329 ξ.
1698 1285 1734 1330 1,

1074 1353 1172 1392 quae
1193 1341 1360 1378 excitans
1383 1341 1523 1378 Siebel.
1554 1341 1592 1375 in
1618 1338 1733 1376 indic.

1074 1410 1104 1434 s.
1135 1411 1171 1435 v.
1204 1396 1385 1434 amandat
1412 1396 1460 1434 ad
1492 1394 1651 1434 Lobeck
1686 1393 1735 1432 ad

1076 1452 1259 1504 Sophocl.
1282 1455 1387 1491 Aiac.
1409 1467 1498 1504 pag.
1519 1455 1614 1493 271.
1650 1454 1736 1503 Ap-

1074 1512 1197 1561 prime
1237 1518 1365 1548 autem
1399 1509 1476 1547 huc
1507 1510 1597 1546 facit
1631 1508 1736 1546 idem

1074 1568 1280 1604 Pausanias
1318 1569 1402 1605 loco
1431 1579 1544 1618 supra
1578 1565 1734 1603 laudato

1075 1627 1126 1661 sic
1148 1626 1341 1661 scribens:
1373 1620 1419 1662 roi
1444 1622 1486 1663 δὲ
1514 1620 1634 1662 λοιπὰ
1665 1620 1734 1673 (sc.

1074 1679 1169 1732 γένη
1209 1678 1283 1732 τήν
1322 1675 1637 1729 Πελοπόννησον
1673 1678 1735 1717 οἶ-

1073 1738 1240 1786 κοῦντα)
1281 1733 1487 1787 ἐπηλύὸων
1527 1735 1632 1774 ἐστὶν
1663 1730 1735 1774 οἷν-

1074 1791 1255 1845 &pedum
1277 1807 1319 1830 ac
1341 1794 1428 1830 dein
1452 1794 1594 1844 profert
1612 1791 1735 1842 Dryo-

1067 1865 1142 1901 pes,
1174 1851 1372 1897 Dorienses,
1390 1851 1473 1887 illos
1495 1863 1516 1886 e
1535 1851 1734 1896 Parnasso,

1074 1907 1143 1944 hos
1175 1921 1223 1944 ex
1244 1908 1337 1944 Oeta
1358 1909 1545 1957 ingressos
1557 1908 1598 1942 in
1619 1907 1735 1942 Pelo-

1073 1977 1288 2015 ponnesum
1302 1978 1311 2012 3
1333 1972 1415 2001 tum
1430 1963 1538 2001 Eleos
1554 1976 1602 1999 ex
1612 1964 1735 2000 Aeto-

1073 2022 1120 2057 lia
1144 2020 1332 2068 advectos,
1354 2020 1628 2072 igiturAetolos.
1658 2019 1735 2056 Le-

1072 2080 1182 2115 mnias
1223 2080 1350 2115 omisit
1398 2079 1569 2129 itemque
1611 2076 1734 2126 Cynu-

1071 2147 1152 2171 rios.

1130 2187 1318 2241 Δωριέων
1339 2186 1410 2240 μὲν
1436 2189 1579 2228 πολλαί
1605 2203 1646 2227 τε
1664 2186 1734 2227 καὶ

1073 2242 1232 2295 δόκιμοι
1262 2241 1401 2294 πόλις]
1450 2246 1550 2283 Satis
1596 2252 1732 2282 notum

1073 2310 1146 2349 est,
1168 2304 1286 2339 Dores
1306 2303 1563 2353 Peloponnesi
1580 2309 1653 2339 tres
1672 2309 1732 2338 te-

1072 2360 1197 2395 nuisse
1218 2366 1340 2409 partes
1366 2359 1632 2409 amplissimas:
1654 2359 1732 2394 Ar-

1072 2415 1252 2464 golidem‚
1285 2417 1515 2461 Laconiam,
1547 2416 1732 2452 Messeni-

1073 2484 1152 2519 ειυς
1209 2473 1342 2509 incolis
1386 2473 1594 2523 prioribus,
1636 2485 1731 2524 quos

1072 2527 1246 2565 Achaeos
1275 2529 1388 2565 fuisse
1427 2530 1625 2576 novimus,
1665 2534 1731 2566 aut

1073 2586 1198 2621 eiectis
1219 2592 1282 2621 aut
1302 2586 1497 2634 subiectis,
1517 2587 1556 2622 in
1576 2586 1729 2636 perioe-

1072 2654 1206 2678 corum
1242 2642 1321 2680 scil.
1366 2649 1508 2679 statum
1554 2640 1726 2680 redactis.

1071 2696 1155 2734 Vid.
1178 2697 1319 2735 Herod.
1350 2699 1457 2747 VIII,
1491 2701 1557 2739 31.
1605 2699 1640 2745 I,
1672 2698 1727 2738 56

1070 2754 1199 2806 ibique
1225 2762 1319 2795 nott.
1356 2762 1393 2792 et
1430 2768 1527 2807 quae
1558 2753 1606 2791 ad
1640 2752 1679 2790 h.
1699 2755 1727 2795 l.

1070 2812 1247 2849 excitavit
1279 2811 1530 2850 Valckenaer.
1566 2812 1722 2848 Isocrat-
