<?xml version="1.0" encoding="UTF-8"?>
<!DOCTYPE html PUBLIC "-//W3C//DTD XHTML 1.0 Transitional//EN"
    "http://www.w3.org/TR/xhtml1/DTD/xhtml1-transitional.dtd">
<html xmlns="http://www.w3.org/1999/xhtml" xml:lang="en" lang="en">
 <head>
  <title>
</title>
<meta http-equiv="Content-Type" content="text/html;charset=utf-8" />
  <meta name='ocr-system' content='tesseract 3.04.00' />
  <meta name='ocr-capabilities' content='ocr_page ocr_carea ocr_par ocr_line ocrx_word'/>
</head>
<body>
  <div class='ocr_page' id='page_1' title='image "./musaeher04hero/musaeher04hero_0273.png"; bbox 0 0 1839 3292; ppageno 0'>
   <div class='ocr_carea' id='block_1_1' title="bbox 513 201 971 239">
    <p class='ocr_par' dir='ltr' id='par_1_1' title="bbox 513 201 971 239">
     <span class='ocr_line' id='line_1_1' title="bbox 513 201 971 239; baseline 0.002 -1"><span class='ocrx_word' id='word_1_1' title='bbox 513 201 971 239; x_wconf 84' lang='lat' dir='ltr'><strong>CALLIOPE.</strong></span> 
     </span>
    </p>
   </div>
   <div class='ocr_carea' id='block_1_2' title="bbox 1027 202 1439 245">
    <p class='ocr_par' dir='ltr' id='par_1_2' title="bbox 1027 202 1439 245">
     <span class='ocr_line' id='line_1_2' title="bbox 1027 202 1439 245; baseline 0.019 -8"><span class='ocrx_word' id='word_1_2' title='bbox 1027 202 1045 237; x_wconf 91' lang='grc' dir='ltr'><strong>Ι</strong></span> <span class='ocrx_word' id='word_1_3' title='bbox 1057 202 1108 239; x_wconf 90' lang='lat' dir='ltr'><strong>X.</strong></span> <span class='ocrx_word' id='word_1_4' title='bbox 1354 205 1439 245; x_wconf 84' lang='lat'><strong>265</strong></span> 
     </span>
    </p>
   </div>
   <div class='ocr_carea' id='block_1_3' title="bbox 191 307 1443 371">
    <p class='ocr_par' dir='ltr' id='par_1_3' title="bbox 191 307 1443 371">
     <span class='ocr_line' id='line_1_3' title="bbox 191 307 1443 371; baseline -0.004 -12"><span class='ocrx_word' id='word_1_5' title='bbox 191 317 367 371; x_wconf 80' lang='grc' dir='ltr'><em>ρέοντας</em></span> <span class='ocrx_word' id='word_1_6' title='bbox 395 310 443 354; x_wconf 87' lang='grc' dir='ltr'><strong>τὸ</strong></span> <span class='ocrx_word' id='word_1_7' title='bbox 483 308 695 366; x_wconf 79' lang='grc' dir='ltr'>ἡμίτομον</span> <span class='ocrx_word' id='word_1_8' title='bbox 730 314 812 354; x_wconf 87' lang='grc' dir='ltr'><strong>τοῦ</strong></span> <span class='ocrx_word' id='word_1_9' title='bbox 840 310 976 361; x_wconf 82' lang='grc' dir='ltr'><em>ποδὸς</em></span> <span class='ocrx_word' id='word_1_10' title='bbox 1006 310 1217 366; x_wconf 81' lang='grc' dir='ltr'><em>κείμενον,</em></span> <span class='ocrx_word' id='word_1_11' title='bbox 1238 307 1443 354; x_wconf 74' lang='grc' dir='ltr'><em>κάκεῖνον</em></span> 
     </span>
    </p>
   </div>
   <div class='ocr_carea' id='block_1_4' title="bbox 161 377 732 434">
    <p class='ocr_par' dir='ltr' id='par_1_4' title="bbox 161 377 732 434">
     <span class='ocr_line' id='line_1_4' title="bbox 161 377 732 434; baseline -0.009 -7"><span class='ocrx_word' id='word_1_12' title='bbox 161 394 183 427; x_wconf 92' lang='grc'>6</span> <span class='ocrx_word' id='word_1_13' title='bbox 193 382 245 427; x_wconf 82' lang='grc' dir='ltr'><strong>οὐ</strong></span> <span class='ocrx_word' id='word_1_14' title='bbox 277 379 547 434; x_wconf 76' lang='grc' dir='ltr'><strong><em>δυναμένους</em></strong></span> <span class='ocrx_word' id='word_1_15' title='bbox 577 377 732 432; x_wconf 79' lang='grc' dir='ltr'><em>εὑρεῖν.</em></span> 
     </span>
    </p>
   </div>
   <div class='ocr_carea' id='block_1_5' title="bbox 797 377 1440 434">
    <p class='ocr_par' dir='ltr' id='par_1_5' title="bbox 797 377 1440 434">
     <span class='ocr_line' id='line_1_5' title="bbox 797 377 1440 434; baseline -0.002 -12"><span class='ocrx_word' id='word_1_16' title='bbox 797 377 904 422; x_wconf 90' lang='grc' dir='ltr'><em>Τότε</em></span> <span class='ocrx_word' id='word_1_17' title='bbox 934 377 1013 434; x_wconf 75' lang='grc' dir='ltr'><strong>μὲν</strong></span> <span class='ocrx_word' id='word_1_18' title='bbox 1052 377 1169 420; x_wconf 83' lang='grc' dir='ltr'><em>οὕτω</em></span> <span class='ocrx_word' id='word_1_19' title='bbox 1199 377 1440 433; x_wconf 77' lang='grc' dir='ltr'><em>’διαφυγών</em></span> 
     </span>
    </p>
   </div>
   <div class='ocr_carea' id='block_1_6' title="bbox 156 444 1497 1047">
    <p class='ocr_par' dir='ltr' id='par_1_6' title="bbox 156 444 1497 1047">
     <span class='ocr_line' id='line_1_6' title="bbox 186 444 1497 502; baseline -0.005 -8"><span class='ocrx_word' id='word_1_20' title='bbox 186 448 568 502; x_wconf 83' lang='grc' dir='ltr'><em>Λακεδαιμονίους,</em></span> <span class='ocrx_word' id='word_1_21' title='bbox 599 446 859 502; x_wconf 79' lang='grc' dir='ltr'><strong><em>καταφεύγει</em></strong></span> <span class='ocrx_word' id='word_1_22' title='bbox 889 445 931 496; x_wconf 78' lang='grc' dir='ltr'><em>ἐς</em></span> <span class='ocrx_word' id='word_1_23' title='bbox 960 444 1138 500; x_wconf 80' lang='grc' dir='ltr'><em>Τεγέην,</em></span> <span class='ocrx_word' id='word_1_24' title='bbox 1169 445 1329 489; x_wconf 80' lang='grc' dir='ltr'><em>ἐοῦσαν</em></span> <span class='ocrx_word' id='word_1_25' title='bbox 1359 444 1497 489; x_wconf 80' lang='grc' dir='ltr'><em>οὐκὸο</em></span> 
     </span>
     <span class='ocr_line' id='line_1_7' title="bbox 186 512 1441 572; baseline -0.002 -12"><span class='ocrx_word' id='word_1_26' title='bbox 186 516 378 572; x_wconf 82' lang='grc' dir='ltr'><em>οΞρθμίην</em></span> <span class='ocrx_word' id='word_1_27' title='bbox 405 515 785 570; x_wconf 85' lang='grc' dir='ltr'><em>Λακεδαιμονίοισι</em></span> <span class='ocrx_word' id='word_1_28' title='bbox 813 517 971 557; x_wconf 84' lang='grc' dir='ltr'><em>τοῦτον</em></span> <span class='ocrx_word' id='word_1_29' title='bbox 999 513 1075 557; x_wconf 85' lang='grc' dir='ltr'><strong>τὸν</strong></span> <span class='ocrx_word' id='word_1_30' title='bbox 1103 513 1277 568; x_wconf 88' lang='grc' dir='ltr'><em>χρόνον.</em></span> <span class='ocrx_word' id='word_1_31' title='bbox 1315 512 1441 569; x_wconf 77' lang='grc' dir='ltr'><em>ὑγιής</em></span> 
     </span>
     <span class='ocr_line' id='line_1_8' title="bbox 187 580 1441 638; baseline -0.002 -11"><span class='ocrx_word' id='word_1_32' title='bbox 187 584 232 627; x_wconf 80' lang='grc' dir='ltr'><strong>δὲ</strong></span> <span class='ocrx_word' id='word_1_33' title='bbox 266 583 518 638; x_wconf 83' lang='grc' dir='ltr'><em>γενόμενος,</em></span> <span class='ocrx_word' id='word_1_34' title='bbox 560 582 633 624; x_wconf 80' lang='grc' dir='ltr'><strong>καὶ</strong></span> <span class='ocrx_word' id='word_1_35' title='bbox 674 580 1082 636; x_wconf 77' lang='grc' dir='ltr'><em>προσποιησάμενος</em></span> <span class='ocrx_word' id='word_1_36' title='bbox 1122 580 1298 632; x_wconf 81' lang='grc' dir='ltr'><em>ξύλινον</em></span> <span class='ocrx_word' id='word_1_37' title='bbox 1324 580 1441 625; x_wconf 87' lang='grc' dir='ltr'><em>πόδα</em></span> 
     </span>
     <span class='ocr_line' id='line_1_9' title="bbox 157 647 1438 707; baseline 0 -14"><span class='ocrx_word' id='word_1_38' title='bbox 157 650 435 707; x_wconf 59' lang='grc' dir='ltr'><em>7κατεσεὴριεε</em></span> <span class='ocrx_word' id='word_1_39' title='bbox 464 650 510 692; x_wconf 80' lang='grc' dir='ltr'><strong>ἐκ</strong></span> <span class='ocrx_word' id='word_1_40' title='bbox 539 653 613 705; x_wconf 82' lang='grc' dir='ltr'><em>τῆς</em></span> <span class='ocrx_word' id='word_1_41' title='bbox 642 650 779 704; x_wconf 81' lang='grc' dir='ltr'><em>ἰθείης</em></span> <span class='ocrx_word' id='word_1_42' title='bbox 807 649 1190 703; x_wconf 85' lang='grc' dir='ltr'><em>Λακεδαιμονίοισι</em></span> <span class='ocrx_word' id='word_1_43' title='bbox 1218 647 1438 703; x_wconf 84' lang='grc' dir='ltr'><em>πολέμιος.</em></span> 
     </span>
     <span class='ocr_line' id='line_1_10' title="bbox 188 714 1438 772; baseline -0.002 -10"><span class='ocrx_word' id='word_1_44' title='bbox 188 717 242 762; x_wconf 83' lang='grc' dir='ltr'><strong>ού</strong></span> <span class='ocrx_word' id='word_1_45' title='bbox 273 719 420 772; x_wconf 85' lang='grc' dir='ltr'><em>μέντοι</em></span> <span class='ocrx_word' id='word_1_46' title='bbox 450 717 492 766; x_wconf 75' lang='grc' dir='ltr'><em>ἔς</em></span> <span class='ocrx_word' id='word_1_47' title='bbox 519 731 567 771; x_wconf 85' lang='grc' dir='ltr'><strong>γε</strong></span> <span class='ocrx_word' id='word_1_48' title='bbox 596 717 715 766; x_wconf 84' lang='grc' dir='ltr'><em>τέλος</em></span> <span class='ocrx_word' id='word_1_49' title='bbox 746 717 789 759; x_wconf 84' lang='grc' dir='ltr'><strong>οἱ</strong></span> <span class='ocrx_word' id='word_1_50' title='bbox 817 716 1041 770; x_wconf 82' lang='grc' dir='ltr'><em>συνήνεικε</em></span> <span class='ocrx_word' id='word_1_51' title='bbox 1069 714 1118 759; x_wconf 88' lang='grc' dir='ltr'><strong>τό</strong></span> <span class='ocrx_word' id='word_1_52' title='bbox 1161 715 1288 771; x_wconf 78' lang='grc' dir='ltr'><em>ἔχθος</em></span> <span class='ocrx_word' id='word_1_53' title='bbox 1315 716 1364 759; x_wconf 85' lang='grc' dir='ltr'><strong>τὸ</strong></span> <span class='ocrx_word' id='word_1_54' title='bbox 1396 718 1438 768; x_wconf 75' lang='grc' dir='ltr'><em>εἷς</em></span> 
     </span>
     <span class='ocr_line' id='line_1_11' title="bbox 183 782 1495 840; baseline -0.002 -12"><span class='ocrx_word' id='word_1_55' title='bbox 183 786 556 839; x_wconf 86' lang='grc' dir='ltr'><em>Λακεδαιμονίους</em></span> <span class='ocrx_word' id='word_1_56' title='bbox 585 783 982 839; x_wconf 79' lang='grc' dir='ltr'><em>συγκεκυρημένον·</em></span> <span class='ocrx_word' id='word_1_57' title='bbox 1015 783 1104 840; x_wconf 76' lang='grc' dir='ltr'><strong>ἥλω</strong></span> <span class='ocrx_word' id='word_1_58' title='bbox 1123 782 1208 839; x_wconf 72' lang='grc' dir='ltr'><strong>γάρ</strong></span> <span class='ocrx_word' id='word_1_59' title='bbox 1234 784 1438 838; x_wconf 84' lang='grc' dir='ltr'><em>μαντευὸ-</em></span> <span class='ocrx_word' id='word_1_60' title='bbox 1452 792 1495 826; x_wconf 85' lang='grc'><strong>85</strong></span> 
     </span>
     <span class='ocr_line' id='line_1_12' title="bbox 156 849 1439 910; baseline 0 -15"><span class='ocrx_word' id='word_1_61' title='bbox 156 861 316 909; x_wconf 78' lang='grc' dir='ltr'><em>δμενος</em></span> <span class='ocrx_word' id='word_1_62' title='bbox 356 853 401 896; x_wconf 79' lang='grc' dir='ltr'><strong>ἐν</strong></span> <span class='ocrx_word' id='word_1_63' title='bbox 443 852 660 910; x_wconf 85' lang='grc' dir='ltr'><em>Ζακύνθῳ</em></span> <span class='ocrx_word' id='word_1_64' title='bbox 701 849 772 894; x_wconf 82' lang='grc' dir='ltr'><strong>ὑπ’</strong></span> <span class='ocrx_word' id='word_1_65' title='bbox 804 850 970 905; x_wconf 79' lang='grc' dir='ltr'><em>αὐτῶν,</em></span> <span class='ocrx_word' id='word_1_66' title='bbox 1012 852 1084 895; x_wconf 87' lang='grc' dir='ltr'><strong>καὶ</strong></span> <span class='ocrx_word' id='word_1_67' title='bbox 1126 850 1329 895; x_wconf 71' lang='grc' dir='ltr'><em>ἀπέθανε.</em></span> <span class='ocrx_word' id='word_1_68' title='bbox 1385 850 1439 896; x_wconf 88' lang='grc' dir='ltr'>Ὃ</span> 
     </span>
     <span class='ocr_line' id='line_1_13' title="bbox 181 918 1438 976; baseline -0.002 -12"><span class='ocrx_word' id='word_1_69' title='bbox 181 921 262 976; x_wconf 86' lang='grc' dir='ltr'><strong>μέν</strong></span> <span class='ocrx_word' id='word_1_70' title='bbox 290 937 373 963; x_wconf 89' lang='grc' dir='ltr'><strong>νυν</strong></span> <span class='ocrx_word' id='word_1_71' title='bbox 397 918 588 970; x_wconf 80' lang='grc' dir='ltr'><em>θάνατος</em></span> <span class='ocrx_word' id='word_1_72' title='bbox 618 919 641 962; x_wconf 91' lang='grc' dir='ltr'>ὁ</span> <span class='ocrx_word' id='word_1_73' title='bbox 669 919 1017 975; x_wconf 74' lang='grc' dir='ltr'><em>Ἡγησιστράτου</em></span> <span class='ocrx_word' id='word_1_74' title='bbox 1047 918 1231 975; x_wconf 83' lang='grc' dir='ltr'><em>ὕστερον</em></span> <span class='ocrx_word' id='word_1_75' title='bbox 1271 919 1438 974; x_wconf 77' lang='grc' dir='ltr'><em>ἐγένετο</em></span> 
     </span>
     <span class='ocr_line' id='line_1_14' title="bbox 181 985 1439 1047; baseline 0.001 -16"><span class='ocrx_word' id='word_1_76' title='bbox 181 992 271 1031; x_wconf 74' lang='grc' dir='ltr'><strong>τῶν</strong></span> <span class='ocrx_word' id='word_1_77' title='bbox 309 991 610 1032; x_wconf 77' lang='grc' dir='ltr'><em>Πλαταιϊκῶν·</em></span> <span class='ocrx_word' id='word_1_78' title='bbox 649 987 743 1032; x_wconf 84' lang='grc' dir='ltr'><em>τότε</em></span> <span class='ocrx_word' id='word_1_79' title='bbox 780 985 824 1032; x_wconf 84' lang='grc' dir='ltr'><strong>δ’</strong></span> <span class='ocrx_word' id='word_1_80' title='bbox 855 986 923 1031; x_wconf 80' lang='grc' dir='ltr'><strong>ἐπὶ</strong></span> <span class='ocrx_word' id='word_1_81' title='bbox 951 990 1013 1046; x_wconf 75' lang='grc' dir='ltr'><strong>τῷ</strong></span> <span class='ocrx_word' id='word_1_82' title='bbox 1047 985 1226 1047; x_wconf 76' lang='grc' dir='ltr'><em>Ἀσωπῷ</em></span> <span class='ocrx_word' id='word_1_83' title='bbox 1255 989 1439 1044; x_wconf 83' lang='grc' dir='ltr'><em>Μαρδο-</em></span> 
     </span>
    </p>
   </div>
   <div class='ocr_carea' id='block_1_7' title="bbox 125 1144 783 2723">
    <p class='ocr_par' dir='ltr' id='par_1_7' title="bbox 125 1144 783 1990">
     <span class='ocr_line' id='line_1_15' title="bbox 125 1144 783 1200; baseline 0.006 -16"><span class='ocrx_word' id='word_1_84' title='bbox 125 1150 198 1185; x_wconf 82' lang='lat' dir='ltr'><strong>Hic</strong></span> <span class='ocrx_word' id='word_1_85' title='bbox 227 1162 381 1200; x_wconf 83' lang='lat' dir='ltr'><strong>quoque</strong></span> <span class='ocrx_word' id='word_1_86' title='bbox 408 1149 559 1200; x_wconf 88' lang='lat' dir='ltr'><strong>reposui</strong></span> <span class='ocrx_word' id='word_1_87' title='bbox 594 1144 783 1200; x_wconf 79' lang='grc' dir='ltr'><em>θωύματι</em></span> 
     </span>
     <span class='ocr_line' id='line_1_16' title="bbox 127 1201 783 1256; baseline 0.003 -16"><span class='ocrx_word' id='word_1_88' title='bbox 127 1218 196 1255; x_wconf 86' lang='lat' dir='ltr'><strong>pro</strong></span> <span class='ocrx_word' id='word_1_89' title='bbox 207 1201 377 1254; x_wconf 75' lang='grc' dir='ltr'><em>θώματι.</em></span> <span class='ocrx_word' id='word_1_90' title='bbox 406 1208 531 1256; x_wconf 84' lang='lat' dir='ltr'><strong>Ipsam</strong></span> <span class='ocrx_word' id='word_1_91' title='bbox 551 1207 783 1242; x_wconf 75' lang='lat' dir='ltr'><strong>locutIOnem</strong></span> 
     </span>
     <span class='ocr_line' id='line_1_17' title="bbox 127 1261 783 1311; baseline 0.008 -15"><span class='ocrx_word' id='word_1_92' title='bbox 127 1262 233 1311; x_wconf 82' lang='lat' dir='ltr'><strong>attigi</strong></span> <span class='ocrx_word' id='word_1_93' title='bbox 252 1263 349 1308; x_wconf 76' lang='lat' dir='ltr'><strong>VIII,</strong></span> <span class='ocrx_word' id='word_1_94' title='bbox 370 1263 436 1302; x_wconf 71' lang='lat'><strong>25.</strong></span> <span class='ocrx_word' id='word_1_95' title='bbox 462 1263 553 1303; x_wconf 82' lang='lat'><strong>135.</strong></span> <span class='ocrx_word' id='word_1_96' title='bbox 584 1264 674 1299; x_wconf 88' lang='lat' dir='ltr'>Post</span> <span class='ocrx_word' id='word_1_97' title='bbox 694 1261 783 1302; x_wconf 86' lang='grc' dir='ltr'><em>τόλ-</em></span> 
     </span>
     <span class='ocr_line' id='line_1_18' title="bbox 128 1317 781 1370; baseline 0.003 -17"><span class='ocrx_word' id='word_1_98' title='bbox 128 1332 204 1367; x_wconf 85' lang='grc' dir='ltr'><em>μης</em></span> <span class='ocrx_word' id='word_1_99' title='bbox 225 1319 356 1354; x_wconf 84' lang='lat' dir='ltr'><strong>sustuli</strong></span> <span class='ocrx_word' id='word_1_100' title='bbox 380 1317 673 1366; x_wconf 80' lang='lat' dir='ltr'>distinctionem,</span> <span class='ocrx_word' id='word_1_101' title='bbox 706 1331 781 1370; x_wconf 91' lang='lat' dir='ltr'><strong>quo</strong></span> 
     </span>
     <span class='ocr_line' id='line_1_19' title="bbox 126 1374 782 1424; baseline 0.002 -14"><span class='ocrx_word' id='word_1_102' title='bbox 126 1374 400 1424; x_wconf 81' lang='lat' dir='ltr'><strong>intelligeretur</strong></span> <span class='ocrx_word' id='word_1_103' title='bbox 422 1377 598 1412; x_wconf 79' lang='lat' dir='ltr'><strong>voculam</strong></span> <span class='ocrx_word' id='word_1_104' title='bbox 626 1389 666 1413; x_wconf 84' lang='grc' dir='ltr'><strong>τε</strong></span> <span class='ocrx_word' id='word_1_105' title='bbox 695 1382 782 1412; x_wconf 86' lang='lat' dir='ltr'><strong>ante</strong></span> 
     </span>
     <span class='ocr_line' id='line_1_20' title="bbox 127 1426 779 1482; baseline 0.003 -14"><span class='ocrx_word' id='word_1_106' title='bbox 127 1426 274 1481; x_wconf 81' lang='grc' dir='ltr'><em>τόλμης</em></span> <span class='ocrx_word' id='word_1_107' title='bbox 292 1432 480 1482; x_wconf 88' lang='lat' dir='ltr'><strong>pertinere</strong></span> <span class='ocrx_word' id='word_1_108' title='bbox 500 1431 548 1468; x_wconf 90' lang='lat' dir='ltr'><strong>ad</strong></span> <span class='ocrx_word' id='word_1_109' title='bbox 579 1429 779 1482; x_wconf 80' lang='grc' dir='ltr'><em>ὁρέοντας,</em></span> 
     </span>
     <span class='ocr_line' id='line_1_21' title="bbox 127 1484 778 1538; baseline 0.002 -15"><span class='ocrx_word' id='word_1_110' title='bbox 127 1499 294 1538; x_wconf 86' lang='lat' dir='ltr'><strong>quocum</strong></span> <span class='ocrx_word' id='word_1_111' title='bbox 314 1488 490 1524; x_wconf 81' lang='lat' dir='ltr'><strong>convenit</strong></span> <span class='ocrx_word' id='word_1_112' title='bbox 507 1484 693 1527; x_wconf 78' lang='grc' dir='ltr'><em>κοὲκεῖνον</em></span> <span class='ocrx_word' id='word_1_113' title='bbox 721 1489 778 1537; x_wconf 86' lang='lat' dir='ltr'><strong>(i.</strong></span> 
     </span>
     <span class='ocr_line' id='line_1_22' title="bbox 132 1539 780 1594; baseline 0.006 -16"><span class='ocrx_word' id='word_1_114' title='bbox 132 1556 164 1579; x_wconf 93' lang='lat' dir='ltr'><strong>e.</strong></span> <span class='ocrx_word' id='word_1_115' title='bbox 183 1541 250 1582; x_wconf 81' lang='grc' dir='ltr'><strong>καὶ</strong></span> <span class='ocrx_word' id='word_1_116' title='bbox 268 1543 438 1594; x_wconf 75' lang='grc' dir='ltr'><em>ἐκεῖνον)</em></span> <span class='ocrx_word' id='word_1_117' title='bbox 458 1539 508 1583; x_wconf 84' lang='grc' dir='ltr'><strong>ου’</strong></span> <span class='ocrx_word' id='word_1_118' title='bbox 522 1542 780 1594; x_wconf 82' lang='grc' dir='ltr'><em>δυναμένους.</em></span> 
     </span>
     <span class='ocr_line' id='line_1_23' title="bbox 129 1596 780 1652; baseline 0.005 -17"><span class='ocrx_word' id='word_1_119' title='bbox 129 1619 186 1626; x_wconf 89' lang='grc'><strong>-</strong></span> <span class='ocrx_word' id='word_1_120' title='bbox 214 1600 397 1636; x_wconf 85' lang='lat' dir='ltr'><strong>Voculam</strong></span> <span class='ocrx_word' id='word_1_121' title='bbox 419 1596 599 1652; x_wconf 76' lang='grc' dir='ltr'><em>α’ρθμίην</em></span> <span class='ocrx_word' id='word_1_122' title='bbox 619 1600 780 1651; x_wconf 82' lang='lat' dir='ltr'><strong>attigiad</strong></span> 
     </span>
     <span class='ocr_line' id='line_1_24' title="bbox 128 1657 780 1710; baseline 0.009 -19"><span class='ocrx_word' id='word_1_123' title='bbox 128 1657 197 1704; x_wconf 86' lang='lat' dir='ltr'><strong>IX,</strong></span> <span class='ocrx_word' id='word_1_124' title='bbox 219 1658 255 1696; x_wconf 88' lang='lat'><strong>9.</strong></span> <span class='ocrx_word' id='word_1_125' title='bbox 283 1678 339 1683; x_wconf 94' lang='lat'>—</span> <span class='ocrx_word' id='word_1_126' title='bbox 366 1658 411 1693; x_wconf 91' lang='lat' dir='ltr'><strong>In</strong></span> <span class='ocrx_word' id='word_1_127' title='bbox 431 1670 536 1709; x_wconf 84' lang='lat' dir='ltr'><strong>seqq.</strong></span> <span class='ocrx_word' id='word_1_128' title='bbox 558 1670 780 1710; x_wconf 85' lang='grc' dir='ltr'><em>προσποιη-</em></span> 
     </span>
     <span class='ocr_line' id='line_1_25' title="bbox 131 1709 779 1765; baseline 0.003 -15"><span class='ocrx_word' id='word_1_129' title='bbox 131 1709 227 1762; x_wconf 74' lang='grc' dir='ltr'><strong>σοῖμε</strong></span> <span class='ocrx_word' id='word_1_130' title='bbox 231 1727 298 1759; x_wconf 88' lang='grc' dir='ltr'><em>νος</em></span> <span class='ocrx_word' id='word_1_131' title='bbox 320 1720 394 1751; x_wconf 79' lang='lat' dir='ltr'><strong>est:</strong></span> <span class='ocrx_word' id='word_1_132' title='bbox 453 1715 520 1751; x_wconf 83' lang='lat' dir='ltr'><strong>sibi</strong></span> <span class='ocrx_word' id='word_1_133' title='bbox 538 1714 693 1763; x_wconf 77' lang='lat' dir='ltr'><strong>ligneum</strong></span> <span class='ocrx_word' id='word_1_134' title='bbox 712 1728 779 1765; x_wconf 83' lang='lat' dir='ltr'><strong>pe-</strong></span> 
     </span>
     <span class='ocr_line' id='line_1_26' title="bbox 130 1768 783 1820; baseline 0.005 -15"><span class='ocrx_word' id='word_1_135' title='bbox 130 1768 205 1806; x_wconf 81' lang='lat' dir='ltr'><strong>dem</strong></span> <span class='ocrx_word' id='word_1_136' title='bbox 216 1769 365 1806; x_wconf 78' lang='lat' dir='ltr'><em>adscivit</em></span> <span class='ocrx_word' id='word_1_137' title='bbox 368 1771 477 1820; x_wconf 83' lang='lat' dir='ltr'><strong>,fieri</strong></span> <span class='ocrx_word' id='word_1_138' title='bbox 493 1772 609 1817; x_wconf 73' lang='lat' dir='ltr'><strong>iussit,</strong></span> <span class='ocrx_word' id='word_1_139' title='bbox 622 1772 687 1808; x_wconf 89' lang='lat' dir='ltr'><strong>ubi</strong></span> <span class='ocrx_word' id='word_1_140' title='bbox 700 1785 783 1808; x_wconf 89' lang='lat' dir='ltr'><strong>me-</strong></span> 
     </span>
     <span class='ocr_line' id='line_1_27' title="bbox 131 1823 779 1876; baseline 0.005 -15"><span class='ocrx_word' id='word_1_141' title='bbox 131 1823 182 1861; x_wconf 83' lang='lat' dir='ltr'><strong>dii</strong></span> <span class='ocrx_word' id='word_1_142' title='bbox 201 1826 307 1862; x_wconf 85' lang='lat' dir='ltr'><strong>verbi</strong></span> <span class='ocrx_word' id='word_1_143' title='bbox 327 1828 449 1864; x_wconf 86' lang='lat' dir='ltr'><strong>elucet</strong></span> <span class='ocrx_word' id='word_1_144' title='bbox 468 1829 536 1866; x_wconf 83' lang='lat' dir='ltr'><strong>vis.</strong></span> <span class='ocrx_word' id='word_1_145' title='bbox 575 1827 684 1866; x_wconf 86' lang='lat' dir='ltr'><strong>Conf.</strong></span> <span class='ocrx_word' id='word_1_146' title='bbox 715 1829 779 1876; x_wconf 92' lang='lat' dir='ltr'><strong>VI,</strong></span> 
     </span>
     <span class='ocr_line' id='line_1_28' title="bbox 131 1882 780 1935; baseline 0.008 -19"><span class='ocrx_word' id='word_1_147' title='bbox 131 1883 182 1921; x_wconf 88' lang='grc'><strong>66</strong></span> <span class='ocrx_word' id='word_1_148' title='bbox 206 1882 333 1934; x_wconf 87' lang='lat' dir='ltr'><strong>ibique</strong></span> <span class='ocrx_word' id='word_1_149' title='bbox 362 1890 458 1926; x_wconf 82' lang='lat' dir='ltr'><strong>nott,</strong></span> <span class='ocrx_word' id='word_1_150' title='bbox 480 1891 517 1921; x_wconf 88' lang='lat' dir='ltr'><strong>et</strong></span> <span class='ocrx_word' id='word_1_151' title='bbox 544 1886 780 1935; x_wconf 85' lang='lat' dir='ltr'><strong>potissimum</strong></span> 
     </span>
     <span class='ocr_line' id='line_1_29' title="bbox 128 1937 600 1990; baseline 0.015 -17"><span class='ocrx_word' id='word_1_152' title='bbox 128 1937 321 1977; x_wconf 83' lang='lat' dir='ltr'><strong>Plutarch.</strong></span> <span class='ocrx_word' id='word_1_153' title='bbox 342 1941 378 1975; x_wconf 96' lang='lat' dir='ltr'><strong>II</strong></span> <span class='ocrx_word' id='word_1_154' title='bbox 397 1954 435 1990; x_wconf 78' lang='lat' dir='ltr'><strong>p.</strong></span> <span class='ocrx_word' id='word_1_155' title='bbox 455 1940 536 1981; x_wconf 85' lang='lat'><strong>479</strong></span> <span class='ocrx_word' id='word_1_156' title='bbox 557 1943 600 1980; x_wconf 91' lang='grc' dir='ltr'><strong>Β.</strong></span> 
     </span>
    </p>

    <p class='ocr_par' dir='ltr' id='par_1_8' title="bbox 129 1993 782 2549">
     <span class='ocr_line' id='line_1_30' title="bbox 185 1993 780 2048; baseline 0.005 -16"><span class='ocrx_word' id='word_1_157' title='bbox 185 1993 432 2046; x_wconf 78' lang='grc' dir='ltr'><em>κατεστήκεε]</em></span> <span class='ocrx_word' id='word_1_158' title='bbox 466 1999 491 2034; x_wconf 92' lang='lat' dir='ltr'><strong>i.</strong></span> <span class='ocrx_word' id='word_1_159' title='bbox 513 2010 546 2038; x_wconf 84' lang='lat' dir='ltr'><strong>e.</strong></span> <span class='ocrx_word' id='word_1_160' title='bbox 570 1998 697 2048; x_wconf 84' lang='lat' dir='ltr'><strong>factus</strong></span> <span class='ocrx_word' id='word_1_161' title='bbox 718 2002 780 2046; x_wconf 85' lang='lat' dir='ltr'><strong>est,</strong></span> 
     </span>
     <span class='ocr_line' id='line_1_31' title="bbox 129 2053 781 2102; baseline 0.009 -16"><span class='ocrx_word' id='word_1_162' title='bbox 129 2053 277 2100; x_wconf 69' lang='lat' dir='ltr'><strong>exstitit,</strong></span> <span class='ocrx_word' id='word_1_163' title='bbox 308 2059 350 2089; x_wconf 88' lang='lat' dir='ltr'><strong>ut</strong></span> <span class='ocrx_word' id='word_1_164' title='bbox 379 2055 408 2101; x_wconf 93' lang='lat' dir='ltr'><strong>I,</strong></span> <span class='ocrx_word' id='word_1_165' title='bbox 438 2056 504 2094; x_wconf 83' lang='lat'><strong>31.</strong></span> <span class='ocrx_word' id='word_1_166' title='bbox 537 2056 603 2094; x_wconf 79' lang='lat'><strong>92.</strong></span> <span class='ocrx_word' id='word_1_167' title='bbox 623 2056 692 2102; x_wconf 88' lang='lat' dir='ltr'><strong>IX,</strong></span> <span class='ocrx_word' id='word_1_168' title='bbox 713 2057 781 2095; x_wconf 88' lang='lat'><strong>70.</strong></span> 
     </span>
     <span class='ocr_line' id='line_1_32' title="bbox 130 2105 782 2162; baseline 0.003 -16"><span class='ocrx_word' id='word_1_169' title='bbox 130 2105 172 2146; x_wconf 74' lang='grc' dir='ltr'><strong>ἐκ</strong></span> <span class='ocrx_word' id='word_1_170' title='bbox 184 2110 254 2158; x_wconf 82' lang='grc' dir='ltr'><em>τῆς</em></span> <span class='ocrx_word' id='word_1_171' title='bbox 267 2109 397 2160; x_wconf 82' lang='grc' dir='ltr'><em>ἰθείης</em></span> <span class='ocrx_word' id='word_1_172' title='bbox 418 2111 517 2147; x_wconf 83' lang='lat' dir='ltr'><strong>valet</strong></span> <span class='ocrx_word' id='word_1_173' title='bbox 525 2111 658 2160; x_wconf 83' lang='lat' dir='ltr'><strong>palam,</strong></span> <span class='ocrx_word' id='word_1_174' title='bbox 679 2124 782 2162; x_wconf 77' lang='lat' dir='ltr'><strong>aper-</strong></span> 
     </span>
     <span class='ocr_line' id='line_1_33' title="bbox 130 2166 780 2214; baseline 0.008 -15"><span class='ocrx_word' id='word_1_175' title='bbox 130 2167 175 2212; x_wconf 79' lang='lat' dir='ltr'><strong>te,</strong></span> <span class='ocrx_word' id='word_1_176' title='bbox 214 2172 256 2202; x_wconf 90' lang='lat' dir='ltr'><strong>ut</strong></span> <span class='ocrx_word' id='word_1_177' title='bbox 283 2167 417 2202; x_wconf 89' lang='lat' dir='ltr'><strong>monui</strong></span> <span class='ocrx_word' id='word_1_178' title='bbox 441 2166 488 2203; x_wconf 88' lang='lat' dir='ltr'><strong>ad</strong></span> <span class='ocrx_word' id='word_1_179' title='bbox 515 2168 580 2214; x_wconf 84' lang='grc' dir='ltr'><strong>ΙΙΙ,</strong></span> <span class='ocrx_word' id='word_1_180' title='bbox 611 2171 704 2208; x_wconf 80' lang='grc'><strong>127.</strong></span> <span class='ocrx_word' id='word_1_181' title='bbox 725 2189 780 2196; x_wconf 92' lang='grc'>-</span> 
     </span>
     <span class='ocr_line' id='line_1_34' title="bbox 129 2216 780 2275; baseline 0.015 -20"><span class='ocrx_word' id='word_1_182' title='bbox 129 2220 221 2257; x_wconf 85' lang='lat' dir='ltr'><strong>Mox</strong></span> <span class='ocrx_word' id='word_1_183' title='bbox 241 2216 292 2260; x_wconf 88' lang='grc' dir='ltr'><strong>ου’</strong></span> <span class='ocrx_word' id='word_1_184' title='bbox 309 2221 439 2272; x_wconf 80' lang='grc' dir='ltr'><em>μέντοι</em></span> <span class='ocrx_word' id='word_1_185' title='bbox 471 2238 513 2275; x_wconf 88' lang='grc' dir='ltr'><strong>γε</strong></span> <span class='ocrx_word' id='word_1_186' title='bbox 537 2223 576 2270; x_wconf 81' lang='grc' dir='ltr'><em>ἐς</em></span> <span class='ocrx_word' id='word_1_187' title='bbox 604 2223 724 2272; x_wconf 84' lang='grc' dir='ltr'><em>τέλος,</em></span> <span class='ocrx_word' id='word_1_188' title='bbox 760 2238 780 2260; x_wconf 84' lang='lat' dir='ltr'><strong>e</strong></span> 
     </span>
     <span class='ocr_line' id='line_1_35' title="bbox 130 2275 779 2329; baseline 0.009 -18"><span class='ocrx_word' id='word_1_189' title='bbox 130 2275 231 2314; x_wconf 87' lang='lat' dir='ltr'><strong>libris</strong></span> <span class='ocrx_word' id='word_1_190' title='bbox 262 2279 487 2329; x_wconf 83' lang='lat' dir='ltr'><strong>quibusdam</strong></span> <span class='ocrx_word' id='word_1_191' title='bbox 516 2281 672 2317; x_wconf 88' lang='lat' dir='ltr'><strong>allatum</strong></span> <span class='ocrx_word' id='word_1_192' title='bbox 700 2294 779 2317; x_wconf 89' lang='lat' dir='ltr'><strong>non</strong></span> 
     </span>
     <span class='ocr_line' id='line_1_36' title="bbox 133 2336 778 2398; baseline 0.01 -30"><span class='ocrx_word' id='word_1_193' title='bbox 133 2336 304 2398; x_wconf 86' lang='lat' dir='ltr'><strong>assumsi,</strong></span> <span class='ocrx_word' id='word_1_194' title='bbox 333 2338 530 2386; x_wconf 87' lang='lat' dir='ltr'><strong>persistens</strong></span> <span class='ocrx_word' id='word_1_195' title='bbox 551 2338 591 2373; x_wconf 91' lang='lat' dir='ltr'><strong>in</strong></span> <span class='ocrx_word' id='word_1_196' title='bbox 610 2339 778 2388; x_wconf 81' lang='lat' dir='ltr'><strong>vulgata,</strong></span> 
     </span>
     <span class='ocr_line' id='line_1_37' title="bbox 135 2383 779 2460; baseline 0.009 -35"><span class='ocrx_word' id='word_1_197' title='bbox 135 2383 183 2426; x_wconf 79' lang='grc' dir='ltr'><strong>ου’</strong></span> <span class='ocrx_word' id='word_1_198' title='bbox 207 2388 335 2439; x_wconf 80' lang='grc' dir='ltr'><em>μέντοι</em></span> <span class='ocrx_word' id='word_1_199' title='bbox 371 2391 408 2439; x_wconf 71' lang='grc' dir='ltr'><em>ἔς</em></span> <span class='ocrx_word' id='word_1_200' title='bbox 431 2407 474 2444; x_wconf 87' lang='grc' dir='ltr'><strong>γε</strong></span> <span class='ocrx_word' id='word_1_201' title='bbox 504 2392 630 2441; x_wconf 81' lang='grc' dir='ltr'><em>τέλος,</em></span> <span class='ocrx_word' id='word_1_202' title='bbox 664 2407 779 2460; x_wconf 78' lang='lat' dir='ltr'><strong>quam</strong></span> 
     </span>
     <span class='ocr_line' id='line_1_38' title="bbox 134 2445 781 2489; baseline 0.017 -11"><span class='ocrx_word' id='word_1_203' title='bbox 134 2445 244 2480; x_wconf 86' lang='lat' dir='ltr'><strong>etiam</strong></span> <span class='ocrx_word' id='word_1_204' title='bbox 263 2446 482 2486; x_wconf 89' lang='lat' dir='ltr'><strong>Bekkerum</strong></span> <span class='ocrx_word' id='word_1_205' title='bbox 501 2452 696 2488; x_wconf 79' lang='lat' dir='ltr'><strong>retinuisse</strong></span> <span class='ocrx_word' id='word_1_206' title='bbox 724 2452 781 2489; x_wconf 83' lang='lat' dir='ltr'><strong>vi-</strong></span> 
     </span>
     <span class='ocr_line' id='line_1_39' title="bbox 133 2499 700 2553; baseline 0.016 -17"><span class='ocrx_word' id='word_1_207' title='bbox 133 2499 217 2537; x_wconf 84' lang='lat' dir='ltr'><strong>deo.</strong></span> <span class='ocrx_word' id='word_1_208' title='bbox 249 2502 356 2540; x_wconf 86' lang='lat' dir='ltr'><strong>Conf.</strong></span> <span class='ocrx_word' id='word_1_209' title='bbox 376 2513 470 2543; x_wconf 88' lang='lat' dir='ltr'><strong>nott.</strong></span> <span class='ocrx_word' id='word_1_210' title='bbox 492 2506 541 2544; x_wconf 91' lang='lat' dir='ltr'><strong>ad</strong></span> <span class='ocrx_word' id='word_1_211' title='bbox 559 2509 612 2553; x_wconf 76' lang='grc' dir='ltr'><strong>ΙΙ,</strong></span> <span class='ocrx_word' id='word_1_212' title='bbox 634 2511 700 2549; x_wconf 83' lang='grc'><strong>63.</strong></span> 
     </span>
    </p>

    <p class='ocr_par' dir='ltr' id='par_1_9' title="bbox 130 2557 781 2717">
     <span class='ocr_line' id='line_1_40' title="bbox 186 2557 781 2615; baseline 0.015 -20"><span class='ocrx_word' id='word_1_213' title='bbox 186 2573 229 2596; x_wconf 92' lang='grc' dir='ltr'><strong>το</strong></span> <span class='ocrx_word' id='word_1_214' title='bbox 252 2557 368 2608; x_wconf 76' lang='grc' dir='ltr'><em>ἔχθος</em></span> <span class='ocrx_word' id='word_1_215' title='bbox 394 2558 438 2600; x_wconf 89' lang='grc' dir='ltr'>τὸ</span> <span class='ocrx_word' id='word_1_216' title='bbox 466 2562 504 2609; x_wconf 78' lang='grc' dir='ltr'><em>ἐς</em></span> <span class='ocrx_word' id='word_1_217' title='bbox 528 2565 781 2615; x_wconf 83' lang='grc' dir='ltr'><em>Λακεδαιμο-</em></span> 
     </span>
     <span class='ocr_line' id='line_1_41' title="bbox 131 2612 780 2669; baseline 0.009 -18"><span class='ocrx_word' id='word_1_218' title='bbox 131 2612 243 2660; x_wconf 87' lang='grc' dir='ltr'><em>νίους</em></span> <span class='ocrx_word' id='word_1_219' title='bbox 265 2619 619 2669; x_wconf 86' lang='grc' dir='ltr'><em>συγκεκυρημένον]</em></span> <span class='ocrx_word' id='word_1_220' title='bbox 647 2621 780 2658; x_wconf 88' lang='lat' dir='ltr'><strong>Varia-</strong></span> 
     </span>
     <span class='ocr_line' id='line_1_42' title="bbox 130 2670 781 2723; baseline 0.015 -18"><span class='ocrx_word' id='word_1_221' title='bbox 130 2670 184 2707; x_wconf 77' lang='lat' dir='ltr'><strong>vit</strong></span> <span class='ocrx_word' id='word_1_222' title='bbox 213 2672 419 2709; x_wconf 86' lang='lat' dir='ltr'><strong>orationem</strong></span> <span class='ocrx_word' id='word_1_223' title='bbox 447 2676 514 2723; x_wconf 90' lang='lat' dir='ltr'><strong>IX,</strong></span> <span class='ocrx_word' id='word_1_224' title='bbox 537 2679 588 2717; x_wconf 79' lang='lat'><strong>58</strong></span> <span class='ocrx_word' id='word_1_225' title='bbox 615 2679 781 2715; x_wconf 88' lang='lat' dir='ltr'><strong>scribens</strong></span> 
     </span>
    </p>
   </div>
   <div class='ocr_carea' id='block_1_8' title="bbox 129 2723 780 2829">
    <p class='ocr_par' dir='ltr' id='par_1_10' title="bbox 129 2723 780 2829">
     <span class='ocr_line' id='line_1_43' title="bbox 130 2723 779 2783; baseline 0.018 -20"><span class='ocrx_word' id='word_1_226' title='bbox 130 2723 172 2764; x_wconf 82' lang='grc' dir='ltr'><strong>τὸ</strong></span> <span class='ocrx_word' id='word_1_227' title='bbox 216 2726 332 2777; x_wconf 81' lang='grc' dir='ltr'><em>ε’χθος</em></span> <span class='ocrx_word' id='word_1_228' title='bbox 364 2744 406 2768; x_wconf 91' lang='grc' dir='ltr'><strong>το</strong></span> <span class='ocrx_word' id='word_1_229' title='bbox 436 2733 779 2783; x_wconf 81' lang='grc' dir='ltr'><em>Λακεδαιμονίων.</em></span> 
     </span>
     <span class='ocr_line' id='line_1_44' title="bbox 129 2784 780 2829; baseline 0.015 -10"><span class='ocrx_word' id='word_1_230' title='bbox 129 2784 309 2821; x_wconf 78' lang='lat' dir='ltr'><strong>Nostrum</strong></span> <span class='ocrx_word' id='word_1_231' title='bbox 338 2785 465 2823; x_wconf 89' lang='lat' dir='ltr'><strong>locum</strong></span> <span class='ocrx_word' id='word_1_232' title='bbox 484 2789 619 2827; x_wconf 86' lang='lat' dir='ltr'><strong>Portus</strong></span> <span class='ocrx_word' id='word_1_233' title='bbox 646 2792 780 2829; x_wconf 81' lang='lat' dir='ltr'><strong>Latine</strong></span> 
     </span>
    </p>
   </div>
   <div class='ocr_carea' id='block_1_9' title="bbox 834 1147 1497 2846">
    <p class='ocr_par' dir='ltr' id='par_1_11' title="bbox 834 1147 1497 1989">
     <span class='ocr_line' id='line_1_45' title="bbox 838 1147 1496 1201; baseline 0.005 -15"><span class='ocrx_word' id='word_1_234' title='bbox 838 1147 1024 1186; x_wconf 86' lang='lat' dir='ltr'><strong>reddidit:</strong></span> <span class='ocrx_word' id='word_1_235' title='bbox 1075 1150 1191 1187; x_wconf 83' lang='lat' dir='ltr'><strong>odium</strong></span> <span class='ocrx_word' id='word_1_236' title='bbox 1227 1163 1313 1187; x_wconf 79' lang='lat' dir='ltr'><strong>casu</strong></span> <span class='ocrx_word' id='word_1_237' title='bbox 1342 1150 1496 1201; x_wconf 81' lang='lat' dir='ltr'><strong>fortuito</strong></span> 
     </span>
     <span class='ocr_line' id='line_1_46' title="bbox 839 1205 1494 1256; baseline 0.005 -14"><span class='ocrx_word' id='word_1_238' title='bbox 839 1210 1032 1256; x_wconf 74' lang='lat' dir='ltr'><strong>susceptum</strong></span> <span class='ocrx_word' id='word_1_239' title='bbox 1043 1220 1055 1251; x_wconf 89' lang='lat'><em>;</em></span> <span class='ocrx_word' id='word_1_240' title='bbox 1122 1205 1319 1243; x_wconf 84' lang='lat' dir='ltr'><strong>Reiskius:</strong></span> <span class='ocrx_word' id='word_1_241' title='bbox 1378 1208 1494 1246; x_wconf 74' lang='lat' dir='ltr'><strong>odium</strong></span> 
     </span>
     <span class='ocr_line' id='line_1_47' title="bbox 840 1263 1496 1313; baseline 0.003 -14"><span class='ocrx_word' id='word_1_242' title='bbox 840 1276 1040 1312; x_wconf 80' lang='lat' dir='ltr'><strong>quocunque</strong></span> <span class='ocrx_word' id='word_1_243' title='bbox 1058 1263 1191 1300; x_wconf 80' lang='lat' dir='ltr'><strong>demum</strong></span> <span class='ocrx_word' id='word_1_244' title='bbox 1207 1277 1291 1300; x_wconf 81' lang='lat' dir='ltr'><strong>casu</strong></span> <span class='ocrx_word' id='word_1_245' title='bbox 1304 1265 1416 1313; x_wconf 85' lang='lat' dir='ltr'><strong>ipsum</strong></span> <span class='ocrx_word' id='word_1_246' title='bbox 1436 1266 1496 1301; x_wconf 88' lang='lat' dir='ltr'><strong>in-</strong></span> 
     </span>
     <span class='ocr_line' id='line_1_48' title="bbox 838 1319 1494 1370; baseline 0.003 -15"><span class='ocrx_word' id='word_1_247' title='bbox 838 1323 892 1355; x_wconf 80' lang='lat' dir='ltr'><strong>ter</strong></span> <span class='ocrx_word' id='word_1_248' title='bbox 912 1324 943 1355; x_wconf 86' lang='lat' dir='ltr'><strong>et</strong></span> <span class='ocrx_word' id='word_1_249' title='bbox 962 1319 1256 1357; x_wconf 76' lang='lat' dir='ltr'><strong>Lacedaemonios</strong></span> <span class='ocrx_word' id='word_1_250' title='bbox 1277 1321 1494 1370; x_wconf 80' lang='lat' dir='ltr'><strong>conflatum3</strong></span> 
     </span>
     <span class='ocr_line' id='line_1_49' title="bbox 839 1373 1497 1428; baseline 0 -15"><span class='ocrx_word' id='word_1_251' title='bbox 839 1373 1223 1425; x_wconf 81' lang='lat' dir='ltr'><strong>Schweighaeuserus</strong></span> <span class='ocrx_word' id='word_1_252' title='bbox 1266 1376 1364 1428; x_wconf 89' lang='lat' dir='ltr'><strong>(qui</strong></span> <span class='ocrx_word' id='word_1_253' title='bbox 1401 1376 1497 1414; x_wconf 86' lang='lat' dir='ltr'><strong>illud</strong></span> 
     </span>
     <span class='ocr_line' id='line_1_50' title="bbox 834 1431 1495 1482; baseline 0.005 -15"><span class='ocrx_word' id='word_1_254' title='bbox 834 1431 1023 1482; x_wconf 75' lang='lat' dir='ltr'><strong>fortuitum</strong></span> <span class='ocrx_word' id='word_1_255' title='bbox 1044 1433 1169 1482; x_wconf 86' lang='lat' dir='ltr'><strong>urgeri</strong></span> <span class='ocrx_word' id='word_1_256' title='bbox 1189 1436 1309 1482; x_wconf 87' lang='lat' dir='ltr'><strong>vetat)</strong></span> <span class='ocrx_word' id='word_1_257' title='bbox 1328 1445 1337 1469; x_wconf 89' lang='lat'>:</span> <span class='ocrx_word' id='word_1_258' title='bbox 1362 1432 1495 1470; x_wconf 89' lang='lat' dir='ltr'><strong>odium</strong></span> 
     </span>
     <span class='ocr_line' id='line_1_51' title="bbox 836 1487 1495 1540; baseline 0.003 -16"><span class='ocrx_word' id='word_1_259' title='bbox 836 1487 939 1540; x_wconf 91' lang='lat' dir='ltr'><strong>quod</strong></span> <span class='ocrx_word' id='word_1_260' title='bbox 974 1489 1029 1525; x_wconf 88' lang='lat' dir='ltr'><strong>illi</strong></span> <span class='ocrx_word' id='word_1_261' title='bbox 1049 1487 1236 1525; x_wconf 85' lang='lat' dir='ltr'><strong>acciderat</strong></span> <span class='ocrx_word' id='word_1_262' title='bbox 1264 1502 1292 1527; x_wconf 78' lang='lat' dir='ltr'><strong>s,</strong></span> <span class='ocrx_word' id='word_1_263' title='bbox 1311 1489 1414 1540; x_wconf 91' lang='lat' dir='ltr'><strong>quod</strong></span> <span class='ocrx_word' id='word_1_264' title='bbox 1428 1502 1495 1526; x_wconf 88' lang='lat' dir='ltr'><strong>ac-</strong></span> 
     </span>
     <span class='ocr_line' id='line_1_52' title="bbox 835 1543 1496 1597; baseline 0 -15"><span class='ocrx_word' id='word_1_265' title='bbox 835 1552 998 1595; x_wconf 87' lang='lat' dir='ltr'><strong>ceperat.</strong></span> <span class='ocrx_word' id='word_1_266' title='bbox 1055 1544 1247 1597; x_wconf 90' lang='lat' dir='ltr'><strong>Equidem</strong></span> <span class='ocrx_word' id='word_1_267' title='bbox 1281 1543 1384 1583; x_wconf 82' lang='lat' dir='ltr'><strong>huuc</strong></span> <span class='ocrx_word' id='word_1_268' title='bbox 1415 1546 1496 1582; x_wconf 89' lang='lat' dir='ltr'><strong>fere</strong></span> 
     </span>
     <span class='ocr_line' id='line_1_53' title="bbox 834 1602 1494 1639; baseline 0 0"><span class='ocrx_word' id='word_1_269' title='bbox 834 1603 948 1639; x_wconf 89' lang='lat' dir='ltr'><strong>totius</strong></span> <span class='ocrx_word' id='word_1_270' title='bbox 978 1602 1052 1638; x_wconf 89' lang='lat' dir='ltr'><strong>loci</strong></span> <span class='ocrx_word' id='word_1_271' title='bbox 1080 1615 1234 1639; x_wconf 90' lang='lat' dir='ltr'><strong>sensum</strong></span> <span class='ocrx_word' id='word_1_272' title='bbox 1264 1615 1341 1639; x_wconf 88' lang='lat' dir='ltr'><strong>esse</strong></span> <span class='ocrx_word' id='word_1_273' title='bbox 1367 1602 1494 1639; x_wconf 89' lang='lat' dir='ltr'><strong>credi-</strong></span> 
     </span>
     <span class='ocr_line' id='line_1_54' title="bbox 836 1656 1492 1709; baseline 0.003 -15"><span class='ocrx_word' id='word_1_274' title='bbox 836 1657 978 1695; x_wconf 88' lang='lat' dir='ltr'><strong>derim:</strong></span> <span class='ocrx_word' id='word_1_275' title='bbox 1009 1656 1131 1709; x_wconf 81' lang='lat' dir='ltr'><strong>Neque</strong></span> <span class='ocrx_word' id='word_1_276' title='bbox 1148 1663 1260 1696; x_wconf 78' lang='lat' dir='ltr'><strong>tamen</strong></span> <span class='ocrx_word' id='word_1_277' title='bbox 1286 1661 1319 1696; x_wconf 84' lang='lat' dir='ltr'><strong>ei</strong></span> <span class='ocrx_word' id='word_1_278' title='bbox 1346 1659 1395 1696; x_wconf 81' lang='lat' dir='ltr'><strong>ad</strong></span> <span class='ocrx_word' id='word_1_279' title='bbox 1425 1673 1492 1696; x_wconf 75' lang='lat' dir='ltr'><strong>ex-</strong></span> 
     </span>
     <span class='ocr_line' id='line_1_55' title="bbox 835 1712 1496 1767; baseline 0.003 -16"><span class='ocrx_word' id='word_1_280' title='bbox 835 1719 978 1752; x_wconf 83' lang='lat' dir='ltr'><strong>tremum</strong></span> <span class='ocrx_word' id='word_1_281' title='bbox 998 1728 1105 1765; x_wconf 80' lang='lat' dir='ltr'><strong>usque</strong></span> <span class='ocrx_word' id='word_1_282' title='bbox 1129 1712 1259 1767; x_wconf 83' lang='lat' dir='ltr'><strong>(bene)</strong></span> <span class='ocrx_word' id='word_1_283' title='bbox 1290 1718 1391 1753; x_wconf 78' lang='lat' dir='ltr'><strong>cessit</strong></span> <span class='ocrx_word' id='word_1_284' title='bbox 1420 1718 1496 1753; x_wconf 84' lang='lat' dir='ltr'><strong>ini-</strong></span> 
     </span>
     <span class='ocr_line' id='line_1_56' title="bbox 836 1772 1493 1822; baseline 0.002 -13"><span class='ocrx_word' id='word_1_285' title='bbox 836 1774 993 1819; x_wconf 77' lang='lat' dir='ltr'><strong>micitia,</strong></span> <span class='ocrx_word' id='word_1_286' title='bbox 1033 1774 1070 1809; x_wconf 82' lang='lat' dir='ltr'><strong>in</strong></span> <span class='ocrx_word' id='word_1_287' title='bbox 1093 1785 1197 1822; x_wconf 84' lang='lat' dir='ltr'><strong>quam</strong></span> <span class='ocrx_word' id='word_1_288' title='bbox 1216 1772 1392 1810; x_wconf 82' lang='lat' dir='ltr'><strong>inciderat</strong></span> <span class='ocrx_word' id='word_1_289' title='bbox 1415 1785 1493 1811; x_wconf 76' lang='lat' dir='ltr'><strong>cum</strong></span> 
     </span>
     <span class='ocr_line' id='line_1_57' title="bbox 835 1825 1496 1880; baseline 0.005 -15"><span class='ocrx_word' id='word_1_290' title='bbox 835 1828 1136 1866; x_wconf 66' lang='lat' dir='ltr'><strong>Lacedaemoniis.</strong></span> <span class='ocrx_word' id='word_1_291' title='bbox 1176 1830 1345 1866; x_wconf 89' lang='lat' dir='ltr'><strong>Verbum</strong></span> <span class='ocrx_word' id='word_1_292' title='bbox 1369 1825 1496 1880; x_wconf 80' lang='grc' dir='ltr'><em>συνή-</em></span> 
     </span>
     <span class='ocr_line' id='line_1_58' title="bbox 835 1884 1495 1935; baseline -0.003 -11"><span class='ocrx_word' id='word_1_293' title='bbox 835 1900 940 1924; x_wconf 82' lang='grc' dir='ltr'><em>νεικε</em></span> <span class='ocrx_word' id='word_1_294' title='bbox 960 1898 1038 1921; x_wconf 86' lang='lat' dir='ltr'><strong>non</strong></span> <span class='ocrx_word' id='word_1_295' title='bbox 1060 1887 1166 1923; x_wconf 87' lang='lat' dir='ltr'><strong>aliter</strong></span> <span class='ocrx_word' id='word_1_296' title='bbox 1186 1886 1273 1935; x_wconf 36' lang='lat' dir='ltr'><strong>‚fere</strong></span> <span class='ocrx_word' id='word_1_297' title='bbox 1293 1884 1495 1924; x_wconf 81' lang='lat' dir='ltr'><strong>adhibetur</strong></span> 
     </span>
     <span class='ocr_line' id='line_1_59' title="bbox 835 1943 1024 1989; baseline -0.005 -10"><span class='ocrx_word' id='word_1_298' title='bbox 835 1943 934 1989; x_wconf 77' lang='lat' dir='ltr'><strong>VIII,</strong></span> <span class='ocrx_word' id='word_1_299' title='bbox 958 1944 1024 1982; x_wconf 84' lang='lat'><strong>87.</strong></span> 
     </span>
    </p>

    <p class='ocr_par' dir='ltr' id='par_1_12' title="bbox 835 1995 1496 2846">
     <span class='ocr_line' id='line_1_60' title="bbox 892 1995 1496 2052; baseline 0.005 -17"><span class='ocrx_word' id='word_1_300' title='bbox 892 1995 976 2049; x_wconf 75' lang='grc' dir='ltr'><strong>ἥλω</strong></span> <span class='ocrx_word' id='word_1_301' title='bbox 1012 1995 1086 2050; x_wconf 72' lang='grc' dir='ltr'><strong>γὰρ</strong></span> <span class='ocrx_word' id='word_1_302' title='bbox 1103 2020 1159 2026; x_wconf 89' lang='lat'>—</span> <span class='ocrx_word' id='word_1_303' title='bbox 1177 1997 1221 2038; x_wconf 77' lang='grc' dir='ltr'><strong>ἐν</strong></span> <span class='ocrx_word' id='word_1_304' title='bbox 1269 1995 1496 2052; x_wconf 80' lang='grc' dir='ltr'><em>Ζακύνθῳ]</em></span> 
     </span>
     <span class='ocr_line' id='line_1_61' title="bbox 836 2054 1494 2103; baseline 0 -12"><span class='ocrx_word' id='word_1_305' title='bbox 836 2056 919 2091; x_wconf 89' lang='lat' dir='ltr'><strong>Hoc</strong></span> <span class='ocrx_word' id='word_1_306' title='bbox 935 2055 1077 2091; x_wconf 85' lang='lat' dir='ltr'><strong>factum</strong></span> <span class='ocrx_word' id='word_1_307' title='bbox 1100 2068 1177 2092; x_wconf 87' lang='lat' dir='ltr'><strong>esse</strong></span> <span class='ocrx_word' id='word_1_308' title='bbox 1188 2057 1338 2092; x_wconf 88' lang='lat' dir='ltr'><strong>coniicit</strong></span> <span class='ocrx_word' id='word_1_309' title='bbox 1350 2054 1494 2103; x_wconf 76' lang='lat' dir='ltr'><strong>Scholl,</strong></span> 
     </span>
     <span class='ocr_line' id='line_1_62' title="bbox 837 2110 1492 2162; baseline -0.002 -13"><span class='ocrx_word' id='word_1_310' title='bbox 837 2112 1062 2149; x_wconf 81' lang='lat' dir='ltr'><strong>vernaculus</strong></span> <span class='ocrx_word' id='word_1_311' title='bbox 1085 2112 1280 2162; x_wconf 83' lang='lat' dir='ltr'><strong>interpres,</strong></span> <span class='ocrx_word' id='word_1_312' title='bbox 1324 2110 1492 2150; x_wconf 84' lang='lat' dir='ltr'><strong>secunda</strong></span> 
     </span>
     <span class='ocr_line' id='line_1_63' title="bbox 835 2169 1495 2219; baseline 0.003 -15"><span class='ocrx_word' id='word_1_313' title='bbox 835 2169 925 2205; x_wconf 90' lang='lat' dir='ltr'><strong>belli</strong></span> <span class='ocrx_word' id='word_1_314' title='bbox 945 2169 1256 2219; x_wconf 81' lang='lat' dir='ltr'><strong>Peloponnesiaci</strong></span> <span class='ocrx_word' id='word_1_315' title='bbox 1277 2176 1414 2206; x_wconf 85' lang='lat' dir='ltr'><strong>aestate</strong></span> <span class='ocrx_word' id='word_1_316' title='bbox 1435 2169 1495 2218; x_wconf 79' lang='lat' dir='ltr'><strong>(s-</strong></span> 
     </span>
     <span class='ocr_line' id='line_1_64' title="bbox 837 2224 1495 2277; baseline -0.003 -15"><span class='ocrx_word' id='word_1_317' title='bbox 837 2226 894 2262; x_wconf 91' lang='lat' dir='ltr'><strong>Ol.</strong></span> <span class='ocrx_word' id='word_1_318' title='bbox 917 2228 983 2273; x_wconf 83' lang='lat'><strong>87,</strong></span> <span class='ocrx_word' id='word_1_319' title='bbox 1005 2227 1044 2264; x_wconf 84' lang='lat'><strong>3.</strong></span> <span class='ocrx_word' id='word_1_320' title='bbox 1075 2238 1108 2262; x_wconf 90' lang='lat' dir='ltr'><strong>a.</strong></span> <span class='ocrx_word' id='word_1_321' title='bbox 1131 2224 1219 2262; x_wconf 84' lang='lat' dir='ltr'><strong>Chr.</strong></span> <span class='ocrx_word' id='word_1_322' title='bbox 1231 2238 1268 2262; x_wconf 93' lang='lat' dir='ltr'><strong>n.</strong></span> <span class='ocrx_word' id='word_1_323' title='bbox 1291 2224 1400 2274; x_wconf 83' lang='lat'><strong>430),</strong></span> <span class='ocrx_word' id='word_1_324' title='bbox 1419 2224 1495 2277; x_wconf 56' lang='lat' dir='ltr'><strong>quit</strong></span> 
     </span>
     <span class='ocr_line' id='line_1_65' title="bbox 835 2281 1495 2319; baseline -0.002 0"><span class='ocrx_word' id='word_1_325' title='bbox 835 2281 1130 2319; x_wconf 83' lang='lat' dir='ltr'><strong>Lacedaemonii</strong></span> <span class='ocrx_word' id='word_1_326' title='bbox 1158 2283 1415 2318; x_wconf 88' lang='lat' dir='ltr'><strong>incursionem</strong></span> <span class='ocrx_word' id='word_1_327' title='bbox 1435 2282 1495 2318; x_wconf 88' lang='lat' dir='ltr'><strong>fe-</strong></span> 
     </span>
     <span class='ocr_line' id='line_1_66' title="bbox 837 2337 1491 2390; baseline -0.002 -15"><span class='ocrx_word' id='word_1_328' title='bbox 837 2346 969 2376; x_wconf 86' lang='lat' dir='ltr'><strong>cerunt</strong></span> <span class='ocrx_word' id='word_1_329' title='bbox 1007 2340 1049 2375; x_wconf 89' lang='lat' dir='ltr'><strong>in</strong></span> <span class='ocrx_word' id='word_1_330' title='bbox 1088 2337 1277 2390; x_wconf 86' lang='lat' dir='ltr'><strong>Zacynthi</strong></span> <span class='ocrx_word' id='word_1_331' title='bbox 1315 2340 1491 2387; x_wconf 83' lang='lat' dir='ltr'><strong>insulam,</strong></span> 
     </span>
     <span class='ocr_line' id='line_1_67' title="bbox 835 2394 1493 2446; baseline -0.002 -14"><span class='ocrx_word' id='word_1_332' title='bbox 835 2397 914 2432; x_wconf 88' lang='lat' dir='ltr'><strong>iam</strong></span> <span class='ocrx_word' id='word_1_333' title='bbox 935 2402 1058 2443; x_wconf 82' lang='lat' dir='ltr'><strong>antea,</strong></span> <span class='ocrx_word' id='word_1_334' title='bbox 1090 2402 1131 2432; x_wconf 91' lang='lat' dir='ltr'><strong>ut</strong></span> <span class='ocrx_word' id='word_1_335' title='bbox 1151 2394 1311 2443; x_wconf 77' lang='lat' dir='ltr'><strong>videtur,</strong></span> <span class='ocrx_word' id='word_1_336' title='bbox 1335 2396 1493 2446; x_wconf 86' lang='lat' dir='ltr'><strong>Spartae</strong></span> 
     </span>
     <span class='ocr_line' id='line_1_68' title="bbox 835 2451 1495 2503; baseline -0.002 -14"><span class='ocrx_word' id='word_1_337' title='bbox 835 2453 1037 2499; x_wconf 84' lang='lat' dir='ltr'><strong>infensam,</strong></span> <span class='ocrx_word' id='word_1_338' title='bbox 1049 2453 1079 2488; x_wconf 91' lang='lat' dir='ltr'><strong>si</strong></span> <span class='ocrx_word' id='word_1_339' title='bbox 1090 2451 1246 2503; x_wconf 85' lang='lat' dir='ltr'><strong>quidem</strong></span> <span class='ocrx_word' id='word_1_340' title='bbox 1256 2453 1495 2500; x_wconf 85' lang='lat' dir='ltr'><strong>Demaratus,</strong></span> 
     </span>
     <span class='ocr_line' id='line_1_69' title="bbox 837 2509 1495 2560; baseline -0.005 -13"><span class='ocrx_word' id='word_1_341' title='bbox 837 2510 1113 2560; x_wconf 87' lang='lat' dir='ltr'><strong>Spartanorum</strong></span> <span class='ocrx_word' id='word_1_342' title='bbox 1130 2510 1247 2556; x_wconf 81' lang='lat' dir='ltr'><strong>exsul,</strong></span> <span class='ocrx_word' id='word_1_343' title='bbox 1270 2521 1314 2545; x_wconf 90' lang='lat' dir='ltr'><strong>eo</strong></span> <span class='ocrx_word' id='word_1_344' title='bbox 1326 2509 1495 2558; x_wconf 89' lang='lat' dir='ltr'><strong>primum</strong></span> 
     </span>
     <span class='ocr_line' id='line_1_70' title="bbox 836 2564 1493 2613; baseline -0.005 -10"><span class='ocrx_word' id='word_1_345' title='bbox 836 2580 876 2603; x_wconf 90' lang='lat' dir='ltr'><strong>se</strong></span> <span class='ocrx_word' id='word_1_346' title='bbox 903 2566 1075 2613; x_wconf 89' lang='lat' dir='ltr'><strong>contulit,</strong></span> <span class='ocrx_word' id='word_1_347' title='bbox 1100 2572 1192 2601; x_wconf 88' lang='lat' dir='ltr'><strong>teste</strong></span> <span class='ocrx_word' id='word_1_348' title='bbox 1206 2564 1399 2602; x_wconf 90' lang='lat' dir='ltr'><strong>Herodoto</strong></span> <span class='ocrx_word' id='word_1_349' title='bbox 1429 2566 1493 2613; x_wconf 84' lang='lat' dir='ltr'><strong>VI,</strong></span> 
     </span>
     <span class='ocr_line' id='line_1_71' title="bbox 837 2622 1494 2672; baseline -0.008 -9"><span class='ocrx_word' id='word_1_350' title='bbox 837 2626 906 2663; x_wconf 89' lang='grc'><strong>70.</strong></span> <span class='ocrx_word' id='word_1_351' title='bbox 974 2622 1026 2657; x_wconf 90' lang='lat' dir='ltr'><strong>At</strong></span> <span class='ocrx_word' id='word_1_352' title='bbox 1066 2628 1149 2657; x_wconf 91' lang='lat' dir='ltr'><strong>tum</strong></span> <span class='ocrx_word' id='word_1_353' title='bbox 1195 2623 1494 2672; x_wconf 85' lang='lat' dir='ltr'><strong>Hegesistratum</strong></span> 
     </span>
     <span class='ocr_line' id='line_1_72' title="bbox 838 2678 1493 2728; baseline -0.002 -12"><span class='ocrx_word' id='word_1_354' title='bbox 838 2678 1122 2728; x_wconf 84' lang='lat' dir='ltr'><strong>octogenarium</strong></span> <span class='ocrx_word' id='word_1_355' title='bbox 1133 2685 1233 2715; x_wconf 83' lang='lat' dir='ltr'><strong>certe</strong></span> <span class='ocrx_word' id='word_1_356' title='bbox 1243 2692 1372 2715; x_wconf 87' lang='lat' dir='ltr'><strong>senem</strong></span> <span class='ocrx_word' id='word_1_357' title='bbox 1381 2679 1493 2715; x_wconf 87' lang='lat' dir='ltr'><strong>fuisse</strong></span> 
     </span>
     <span class='ocr_line' id='line_1_73' title="bbox 837 2737 1492 2787; baseline -0.003 -14"><span class='ocrx_word' id='word_1_358' title='bbox 837 2742 976 2773; x_wconf 85' lang='lat' dir='ltr'><strong>statuas</strong></span> <span class='ocrx_word' id='word_1_359' title='bbox 1017 2747 1169 2772; x_wconf 87' lang='lat' dir='ltr'><strong>necesse</strong></span> <span class='ocrx_word' id='word_1_360' title='bbox 1209 2737 1290 2774; x_wconf 83' lang='lat' dir='ltr'><strong>erit.</strong></span> <span class='ocrx_word' id='word_1_361' title='bbox 1360 2738 1492 2787; x_wconf 84' lang='lat' dir='ltr'><strong>Itaque</strong></span> 
     </span>
     <span class='ocr_line' id='line_1_74' title="bbox 837 2789 1493 2846; baseline 0 -17"><span class='ocrx_word' id='word_1_362' title='bbox 837 2794 916 2844; x_wconf 87' lang='lat' dir='ltr'><strong>ipse</strong></span> <span class='ocrx_word' id='word_1_363' title='bbox 938 2789 1083 2830; x_wconf 77' lang='lat' dir='ltr'><strong>Scholl.</strong></span> <span class='ocrx_word' id='word_1_364' title='bbox 1114 2790 1161 2828; x_wconf 85' lang='lat' dir='ltr'><strong>de</strong></span> <span class='ocrx_word' id='word_1_365' title='bbox 1189 2793 1305 2843; x_wconf 87' lang='lat' dir='ltr'><strong>priori</strong></span> <span class='ocrx_word' id='word_1_366' title='bbox 1326 2791 1493 2846; x_wconf 86' lang='lat' dir='ltr'><strong>quodam</strong></span> 
     </span>
    </p>
   </div>
  </div>
 </body>
</html>
