1839 3292
103 354 236 382 tendunt.
273 352 360 382 Athe-

102 388 251 416 niensium
269 387 326 414 dux

103 421 288 491 {Kalailiippus
323 420 377 456 [6,
433 424 527 462 τυχι

429 232 512 272 180

823 228 1285 265 HERODOTI

437 337 619 392 νοῖρεος,
649 342 729 381 τοῦ
745 337 992 393 Ἡγησίλεω,
1012 339 1091 378 τοῦ
1116 334 1460 389 Ἱπποκρατίδεω,
1481 336 1561 378 τοῦ
1579 336 1742 377 Λευ-95

519 408 528 422 1

376 624 542 671 rodotus,
588 623 653 674 qui
681 634 793 672 supra
825 622 908 669 VH,
948 618 1030 661 204

374 679 673 732 Eurystlienidas
701 685 958 723 recensuerat,
993 675 1029 714 h.

376 740 400 775 l.
423 737 626 783 Proclidas,
645 736 799 771 alteram
811 731 1032 770 Heraclida-

377 807 462 831 rum
483 795 636 843 stirpem
659 798 855 827 enumerat
876 791 1032 840 regiam,

377 863 457 887 non
496 862 644 900 prorsus
673 849 735 884 ille
767 847 920 898 quidem
942 859 1034 882 con-

378 907 541 944 sentiens
579 917 667 941 cum
701 905 863 940 Pausan.
892 903 959 949 Ill,
994 904 1034 949 7,

379 963 522 999 Proclis
538 962 811 998 successionem
834 960 940 995 aliter
976 956 1036 994 di-

378 1025 544 1069 gerente.
602 1019 701 1053 Nam
723 1018 786 1066 qui
807 1022 890 1065 post
903 1012 1037 1051 Theo-

378 1086 565 1125 pompum
594 1072 631 1110 h.
656 1074 681 1108 l.
712 1077 955 1108 recensentur
975 1083 1036 1106 re-

378 1143 456 1181 ges,
483 1142 615 1166 eorum
646 1129 684 1164 in
711 1141 844 1177 regum
880 1127 1037 1176 Sparta-

377 1199 516 1222 norum
547 1184 671 1221 indice
698 1197 812 1221 nemo
842 1194 1036 1219 memora-

378 1249 452 1288 tur,
481 1243 531 1278 ita
547 1248 681 1278 utnon
702 1240 789 1289 (luo,
821 1246 862 1276 ut
901 1241 1036 1276 Noster

378 1300 493 1350 paulo
514 1305 598 1349 post
623 1299 773 1344 statuit,
815 1295 880 1332 sed
911 1299 1036 1346 septem

377 1356 502 1406 potius
524 1368 571 1390 ex
592 1352 664 1390 hoc
691 1352 952 1389 Proclidarum
974 1365 1036 1387 re.-

377 1424 472 1462 gmn
482 1411 652 1459 catalogo
665 1410 849 1445 eliminari
859 1408 1035 1445 debeant.

379 1469 504 1512 Quare
528 1467 717 1502 Palinerio
735 1466 916 1502 Exercitt.
943 1477 1032 1515 pag.

380 1525 432 1564 39
467 1523 605 1573 placuit
655 1523 877 1559 rescribere:
929 1518 1034 1571 πλήν

379 1581 459 1617 τῶν
500 1575 618 1617 {rurs}
660 1580 743 1628 (pro
770 1579 874 1628 vulg.
907 1578 1033 1625 δυῶν)

380 1638 461 1674 τῶν
482 1632 576 1685 (teto)
602 1635 843 1685 Λευτυχίδεα
867 1630 1034 1685 πρώτων

381 1690 723 1741 καταλεχθέντωυς
747 1690 849 1742 quod
864 1691 1036 1742 quamvis

382 1756 577 1798 receptum
596 1749 640 1783 al)
656 1746 798 1783 editore
819 1748 1037 1797 nuperrimo

379 1806 524 1854 Negris,
556 1803 732 1856 equidem
754 1811 893 1847 tamen,
913 1805 1036 1840 invitis

381 1859 587 1907 codicibus,
610 1861 774 1910 recipere
804 1874 882 1896 non
904 1861 1036 1907 ausim,

383 1930 502 1968 quum
533 1924 718 1968 quantum
753 1917 791 1952 in
812 1917 947 1953 talibus
968 1929 1036 1952 va-

381 1974 469 2009 riari
488 1974 629 2021 soleat,
654 1971 756 2008 haud
781 1974 853 2009 sim
872 1974 1034 2011 nescius.

379 2031 458 2066 Nec
488 2031 614 2066 minus
646 2036 802 2077 constat,
832 2031 870 2065 in
902 2027 1035 2065 huius-

381 2085 532 2122 cemodi
578 2084 764 2122 indicibus
814 2084 917 2121 haud
951 2098 1033 2121 raro

378 2143 547 2192 singulos
577 2143 674 2178 viros
704 2142 851 2188 omitti,
890 2141 963 2193 quai
986 2141 1032 2178 de

379 2211 421 2234 re
440 2198 600 2235 sufficiat
621 2199 832 2246 contulisse,
863 2211 960 2250 quae
985 2197 1033 2234 ad

378 2255 563 2304 Evangel.
601 2253 735 2291 Matth.
777 2256 805 2303 1,
842 2258 865 2295 8
896 2267 916 2290 a
946 2255 1033 2290 viris

380 2309 500 2347 doctis
540 2311 650 2346 allata
684 2317 782 2348 sunt.
806 2307 851 2359 ᾖ)
900 2312 1032 2361 Neque

379 2367 481 2402 enim
504 2366 605 2417 apud
624 2373 767 2403 vetems
783 2367 820 2402 in
832 2367 966 2402 talibus
979 2380 1033 2414 ea,

379 2436 495 2474 quam
516 2435 584 2460 nos
604 2424 848 2474 requirimus,
871 2422 1034 2472 diligen-

377 2481 441 2518 tia.
500 2480 556 2516 Ac
590 2478 754 2531 denique
775 2477 876 2515 hunc
898 2479 945 2515 ad
972 2480 1032 2515 lo-

380 2549 469 2572 cum
479 2534 581 2588 quod
593 2537 736 2584 attinet,
756 2537 879 2586 potuit
899 2537 1030 2587 utique

532 408 635 456 δεω,
665 408 746 448 τοῦ
777 404 1021 458 Ἀναξίλεω,
1052 405 1132 445 τοῦ
1158 400 1435 458 Ἀρχιδήμου,
1463 405 1545 445 τοῦ
1572 399 1687 444 Ἀνα-

1088 633 1136 657 ex
1157 621 1229 657 alio
1250 620 1353 657 fonte
1387 631 1454 657 sua
1480 616 1619 656 ducere
1637 619 1743 655 Pau-

1087 678 1220 724 sanias,
1233 690 1280 713 ex
1291 678 1363 713 alio
1378 674 1603 722 Herodotus,
1615 687 1743 726 quem,

1088 735 1125 769 in
1138 734 1413 784 Spartanorum
1425 733 1518 769 urbe
1535 744 1622 768 cum
1635 743 1745 768 com-

1090 797 1324 837 moraretur,
1366 790 1412 826 ab
1429 790 1515 840 ipsis
1536 788 1744 838 Spartanis,

1091 846 1139 883 ad
1165 860 1258 898 quos
1286 844 1386 882 haud
1416 845 1534 882 semel
1563 850 1745 895 provocat

1091 910 1200 940 testes
1232 902 1296 951 (cf.
1314 903 1439 953 Heyse
1460 903 1486 942 1.
1507 902 1533 938 l.
1554 913 1641 952 pag.
1664 901 1744 940 119

1091 960 1203 1011 seq.),
1233 972 1300 995 sua
1335 959 1521 1009 accepisse
1550 956 1745 1008 probabile

1091 1015 1146 1052 fit.
1205 1016 1446 1066 Quamquam
1462 1016 1501 1050 in
1520 1015 1584 1050 illo
1606 1013 1746 1050 catalo-

1091 1084 1141 1121 go
1177 1070 1249 1107 hoc
1276 1072 1391 1107 etiam
1422 1069 1599 1117 offendit,
1642 1066 1747 1121 quod

1093 1125 1247 1164 Charilli
1266 1135 1372 1178 pater
1386 1134 1541 1164 vocatur
1551 1126 1746 1173 Eunomus,

1092 1184 1158 1235 qui
1177 1185 1207 1220 si
1226 1185 1433 1220 Meursium
1453 1184 1746 1232 (ReguLacon.

1093 1240 1162 1290 16)
1198 1241 1365 1291 aliosque
1389 1251 1594 1291 sequamur
1613 1245 1748 1275 aucto-

1092 1309 1164 1344 res,
1189 1295 1391 1346 Polydectis
1409 1297 1532 1347 potius
1552 1301 1657 1346 pater
1684 1295 1747 1330 in·-

1092 1352 1216 1404 deque
1233 1352 1388 1390 Charilli
1408 1365 1499 1389 avus
1514 1352 1605 1402 fuit,
1634 1352 1685 1388 ita
1703 1357 1747 1387 ut

1091 1408 1376 1446 rescribendum
1418 1407 1614 1446 videatur:
1660 1409 1747 1446 Xoa-

1092 1467 1238 1516 ρίλλου,
1267 1468 1340 1505 τοῦ
1371 1463 1651 1511 Πολυδέκτεος,
1675 1465 1749 1503 τοῦ

1092 1517 1299 1572 Εὐνόμου.
1356 1523 1558 1558 Praeterea
1595 1533 1748 1572 prorsus

1091 1581 1266 1615 reticetur
1288 1577 1392 1627 δοκε,
1408 1576 1665 1629 Euryplioutis
1675 1589 1748 1627 pa-

1091 1642 1149 1672 ter
1170 1642 1206 1671 et
1226 1636 1368 1671 Proclis
1384 1635 1493 1683 filius,
1515 1632 1651 1671 eodem
1663 1646 1746 1669 mo-

1092 1699 1207 1728 nente
1246 1692 1410 1728 Meursio
1445 1692 1470 1727 l.
1507 1691 1532 1726 l.
1563 1703 1646 1740 cap.
1680 1689 1745 1736 15,

1093 1761 1260 1799 quocum
1299 1748 1398 1784 conf.
1438 1746 1580 1783 indices
1612 1758 1746 1796 regum

1091 1806 1280 1840 Laconiae
1310 1817 1330 1840 a
1346 1803 1534 1840 Larchero
1556 1803 1746 1839 confectos

1093 1860 1322 1911 Chronolog.
1339 1859 1519 1897 d’Herod.
1538 1860 1642 1909 (Vll)
1658 1871 1745 1909 pag.

1091 1915 1185 1958 495.
1203 1918 1296 1958 513.
1354 1919 1432 1954 Nec
1462 1923 1590 1954 tamen
1617 1928 1746 1952 acces-

1090 1974 1203 2010 serim
1223 1974 1271 2010 ob
1292 1974 1453 2010 rationes
1475 1979 1561 2010 aute
1581 1973 1746 2024 prolatas

1090 2030 1255 2067 Wessel.
1275 2030 1326 2066 ita
1346 2031 1545 2067 statuenti:
1586 2041 1747 2077 „omnes

1090 2084 1163 2122 hae
1194 2086 1327 2123 turbae
1357 2094 1394 2124 et
1424 2099 1566 2123 errores
1587 2086 1747 2122 iniuriae

1090 2149 1307 2193 temporum
1338 2149 1376 2179 et
1410 2143 1651 2179 librariorum
1675 2140 1746 2178 de-

1089 2199 1247 2246 bentur,
1269 2197 1461 2249 expeditu,
1476 2199 1670 2235 silentibus
1679 2210 1748 2235 co-

1089 2254 1244 2297 dicibus,
1259 2255 1575 2293 inextricabilesf‘
1596 2253 1747 2291 Nihilo-

1092 2313 1218 2347 minus
1231 2313 1362 2361 Negris
1378 2310 1423 2347 de
1449 2324 1517 2348 suo
1537 2318 1622 2362 post
1634 2324 1746 2348 voces

1090 2370 1161 2406 τοῦ
1172 2363 1443 2418 Εὐρυφῶντος
1462 2369 1618 2404 inseruit
1632 2368 1747 2405 verba

1088 2426 1162 2462 τοῦ
1188 2421 1309 2471 Σόου,
1330 2423 1396 2460 sed
1418 2426 1523 2461 uncis
1537 2425 1692 2471 inclusa,
1709 2430 1746 2461 et

1086 2487 1170 2529 post
1181 2481 1339 2516 verbum
1354 2480 1674 2531 καταλεχθέντων
1685 2481 1745 2517 3ΐί-

1085 2535 1173 2573 dem
1182 2537 1287 2574 uncis
1306 2538 1450 2575 inclusa
1469 2535 1646 2575 exhibet:
1678 2534 1746 2576 καὶ

471 2723 502 2766 ’)
529 2722 640 2764 Confi,
664 2723 749 2757 alios
772 2726 810 2758 ut
830 2727 970 2765 taceam,
994 2724 1119 2758 Paulus
1140 2725 1174 2758 in
1201 2725 1444 2760 commentam
1468 2724 1512 2759 ad
1536 2724 1658 2760 Matth.
1683 2723 1705 2756 l.
1719 2724 1743 2757 1.

529 2768 574 2801 T.
599 2769 613 2801 I

532 2813 581 2847 111
606 2826 640 2860 p.
665 2814 738 2850 310.

640 2781 673 2814 p.
698 2770 777 2806 255.
801 2770 982 2804 Eichhorn.
1008 2770 1146 2804 Einleit.
1171 2770 1206 2804 in
1230 2771 1263 2807 d.
1290 2773 1350 2808 alt.
1377 2772 1530 2806 Testam.
1553 2770 1586 2804 11
1608 2782 1644 2816 p.
1677 2768 1745 2804 449
