1839 3292
560 226 906 262 URANIA.
966 226 1089 263 VIII.

1368 230 1449 269 117

195 337 347 392 τάχατο
382 334 602 384 Φοίνικες·
634 328 756 377 οὗτοι
784 333 868 389 γάρ
900 333 1017 389 εἶχον
1045 333 1094 376 τὸ
1125 332 1235 387 πρὸς
1265 332 1448 378 Ἐλευσῖ-
1506 349 1590 376 Acies
1608 350 1766 386 utriusque

191 402 265 452 νός
291 417 334 444 τε
363 401 434 443 καὶ
465 400 640 456 ἑσπέρης
669 400 816 454 κέρας·
848 401 956 444 κατὰ
986 401 1031 445 δὲ
1053 403 1444 456 Λακεδαιμονίους,

163 467 347 519 ΞἼωνες·
379 463 500 511 οὗτοι
530 466 573 510 δ’
606 467 723 523 εἶχον
751 469 800 512 τὸ
830 468 937 521 πρὸς
965 468 1045 524 τὴν
1075 468 1138 524 ἠῶ
1175 485 1219 512 τε
1259 471 1331 512 καὶ
1369 470 1499 513 τὸν45

190 536 407 590 Πειραιέα.

465 534 752 579 ἐθελοκάκεον
781 536 929 591 μέντοι
951 534 1111 587 αὐτῶν,
1142 536 1252 580 κατά
1269 536 1346 588 τάς
1372 542 1446 581 Θε-

161 603 439 660 3μιστοκλέος
467 602 657 656 ἐντολάς,
689 600 847 658 ὀλίγοιι
880 605 924 646 οἷ
953 605 999 647 δὲ
1019 608 1212 655 πλεῦνες,
1243 604 1310 647 οὔ.
1333 603 1444 660 ’Έχω

186 671 267 730 μέν
302 688 386 715 νυν
427 673 597 725 συχνῶν
635 668 860 725 οὐνόματα
897 670 1167 727 τριηράρχων
1203 672 1444 724 καταλέξαι,

185 743 274 782 τῶν
301 742 410 794 νῆας
434 736 682 793 Ἑλληνίδας
712 737 921 781 ἑλόντων·
951 739 1165 794 χρήσομαι
1195 739 1241 781 δὲ
1271 738 1444 783 αὐτοῖσι

188 804 338 858 οὐδὲν,
385 805 498 860 πλὴν
540 805 839 860 Θεομήστορός
877 822 921 849 τε
950 810 1030 848 τοῦ
1053 804 1442 861 Ἀνδροδάμαντος,

174 873 247 917 καὶ
290 872 499 916 Φυλάκου
541 877 621 915 τοῦ
663 873 890 925 Ἱστιαίου,
939 876 1126 927 Σαμίων
1167 871 1497 928 άμφοτέρων.50

156 944 271 983 4τοῦ
300 941 345 984 δὲ
376 941 516 983 εἵνεκα
546 941 763 996 μέμνημαι
792 940 961 984 τούτων
991 940 1190 996 μούνων,
1237 940 1304 983 ὅτι
1338 944 1438 984 Θεο-

182 1008 354 1064 μήστωρ
384 1008 462 1063 μὲν
490 1008 562 1052 διὰ
591 1013 720 1054 τοῦτο
750 1009 798 1053 τὸ
820 1010 949 1066 ἔργον
965 1008 1122 1066 Σάμου
1140 1008 1439 1064 ἐτυράννευσε,

125 1240 142 1264 e
171 1229 321 1276 regione,
365 1227 633 1264 Atheniensibus
670 1240 776 1277 oppo-

124 1285 198 1331 siti,
220 1284 359 1320 obversi.
418 1285 483 1320 Tu
502 1283 581 1320 vid.
611 1290 706 1320 nott.
728 1283 776 1320 ad

123 1341 188 1387 111,
212 1341 262 1379 18
294 1347 328 1376 et
349 1339 436 1376 add.
464 1341 532 1387 IX,
554 1338 775 1380 27.3l.46.

122 1395 186 1432 Ad
221 1408 356 1432 vocem
384 1394 500 1445 κέρας
534 1396 634 1432 conf.
676 1396 774 1443 VIII,

122 1454 191 1492 76,
218 1453 338 1488 Paulo
373 1453 477 1488 aliter
503 1453 624 1488 aciem
651 1452 775 1488 classis

122 1507 296 1545 describit
311 1507 463 1545 Diodor.
474 1510 540 1555 XI,
559 1510 620 1547 18.
651 1507 775 1544 Athe-

119 1565 266 1600 nienses
296 1565 508 1601 Laconibus
546 1565 707 1614 iungens
738 1571 774 1601 et

119 1627 298 1672 utrosque
337 1622 495 1659 navibus
531 1618 772 1658 Phoenicum

119 1689 327 1745 oppqnen÷·
393 1729 401 1743 Ὶ
471 1728 480 1744 ’
499 1734 516 1743 Ν
663 1731 672 1746 Ἰ
736 1730 744 1744 ἱ

172 1748 215 1772 το
233 1748 333 1783 προς
354 1747 427 1783 την
452 1748 513 1782 ἠω
541 1747 582 1771 τε
609 1747 678 1771 και
701 1747 770 1771 τον

119 1788 323 1840 Πειραιέα]
389 1790 659 1826 Accusativum
706 1788 769 1826 hic

116 1846 250 1882 Noster
278 1847 543 1896 praepositioni
571 1845 768 1894 adstruxit,

117 1903 180 1938 cui
199 1902 310 1952 paulo
331 1909 416 1938 ante
436 1903 646 1951 genitivum
663 1902 768 1938 adie-

117 1965 230 2006 cerat,
259 1964 351 1995 teste
387 1957 522 1994 Matth.
551 1960 616 1995 Gr.
639 1960 704 1997 Gr.
732 1960 767 2004 ξ.

117 2014 210 2062 590,
239 2029 276 2051 α.
296 2031 331 2064 γ.
353 2028 387 2064 p.
412 2016 528 2054 1180.
554 2017 679 2062 1183,
703 2016 769 2066 qui

114 2068 218 2106 idem
242 2072 277 2115 ξ.
299 2070 375 2110 581
398 2071 421 2106 b
442 2083 528 2120 pag.
548 2072 652 2111 1153
674 2084 769 2107 con-

114 2127 257 2163 sulatur
299 2125 348 2162 ad
388 2126 621 2163 locutionem
667 2124 766 2166 naz-02

113 2178 414 2228 τὰς-ἐντολάς.
455 2184 619 2234 Respicit
639 2191 767 2220 autem

114 2238 326 2275 Herodotus
357 2237 405 2274 ad
435 2252 500 2283 ea,
535 2252 629 2290 quae
665 2242 765 2288 VIII,

114 2296 166 2334 69
182 2294 248 2335 fin,
270 2294 486 2332 tradiderat.
516 2297 643 2332 Falsus
662 2298 765 2334 enim

116 2357 170 2387 est
189 2350 473 2400 Themistocles,
499 2366 651 2402 sperans
671 2354 765 2401 fore,

114 2412 158 2442 ut
194 2408 317 2455 plures
358 2409 466 2445 Iones
512 2408 560 2445 ad
600 2410 763 2447 Graecos

115 2464 312 2500 transirent
350 2471 414 2500 aut
454 2472 554 2501 certe
597 2467 761 2515 segniter

113 2530 283 2567 pugnam
321 2519 642 2568 administrarent,
674 2536 763 2558 cum

113 2573 260 2610 fortiter
280 2575 333 2610 illi
351 2585 561 2625 pugnarent
590 2577 762 2630 adeoque

114 2630 275 2666 Graecas
304 2640 477 2681 caperent
495 2646 630 2671 naves:
659 2633 763 2686 quod

113 2687 180 2738 qui
216 2686 397 2734 fecerunt,
435 2702 565 2726 eorum
606 2693 763 2727 nomina

112 2741 319 2792 prudenter
351 2744 495 2781 silentio
515 2747 645 2795 pressit
680 2749 761 2784 No-

111 2805 196 2848 ster,
214 2800 352 2852 quippe
373 2803 579 2838 contemtui
608 2809 670 2840 aut
690 2804 761 2841 ob-

831 1227 964 1264 livioni
984 1225 1232 1275 traditorum3
1271 1227 1365 1265 duos
1406 1236 1492 1266 tan-

831 1290 914 1320 tum
935 1291 1133 1331 memorat,
1157 1297 1249 1335 quos
1271 1285 1318 1321 ob
1338 1285 1491 1323 fortitu-

833 1339 928 1376 dinis
950 1341 1157 1390 specimina
1179 1339 1345 1378 exhibita
1361 1343 1491 1392 splen-

834 1394 920 1432 dide
942 1410 1010 1432 rex
1040 1404 1301 1433 remuneratus
1334 1405 1400 1445 est,
1431 1400 1489 1435 al-

831 1459 956 1488 terum
979 1453 1086 1490 Sami
1106 1453 1336 1489 constituens
1356 1461 1490 1504 tyran-

829 1522 945 1555 num,
995 1510 1154 1545 alterum
1194 1510 1300 1545 terris
1341 1509 1487 1548 donans

831 1567 1100 1617 orosangisque
1130 1563 1356 1603 adscribens.
1428 1569 1488 1603 De

831 1634 906 1672 quo
947 1623 1046 1659 conf.
1075 1628 1171 1660 nott.
1207 1621 1255 1659 ad
1284 1623 1349 1669 III,
1392 1621 1482 1663 140.

826 1679 882 1714 De
908 1691 1002 1714 voce
1034 1673 1251 1731 ὀροσάγγαι
1279 1677 1366 1715 add.
1387 1680 1485 1717 Lex.

825 1733 981 1773 Rhetor.
1003 1734 1050 1771 ad
1065 1735 1155 1771 calc.
1168 1733 1294 1771 Photii
1314 1734 1482 1772 ed.Por-

826 1804 907 1827 son.
938 1805 975 1841 p.
998 1789 1076 1830 674
1099 1798 1134 1827 et
1153 1792 1183 1828 I.
1214 1790 1261 1828 de
1283 1793 1483 1830 Hammer.

824 1848 957 1884 VVien.
1000 1846 1152 1883 Iahrbb.
1194 1850 1314 1889 1833.
1355 1850 1483 1885 LXHI

823 1917 911 1954 pag.
937 1907 998 1950 12,
1030 1904 1095 1954 qui
1116 1905 1310 1940 Persicum
1339 1904 1482 1954 Erseng

823 1967 1018 2010 comparat
1048 1973 1188 2010 eosque
1208 1961 1306 1998 viros
1326 1962 1365 1997 in
1376 1963 1478 1998 scul-

821 2018 940 2067 pturis
961 2018 1250 2067 Persepolitanis
1270 2016 1394 2054 adhuc
1414 2031 1478 2054 re-

821 2074 1052 2124 praesentari
1070 2074 1164 2110 vult.
1186 2096 1237 2102 —
1272 2075 1478 2124 Proprium

821 2143 912 2167 vero
932 2130 972 2165 iu
992 2128 1093 2166 hisce
1105 2142 1182 2166 esse
1194 2131 1354 2167 verbum
1375 2125 1476 2168 άνα-

820 2181 1062 2238 γράφεσθαι,
1078 2185 1215 2233 docuit,
1232 2187 1400 2236 pluribus
1413 2187 1475 2223 lo-

821 2244 871 2279 cis
894 2243 1025 2290 allatis,
1046 2241 1242 2279 Heindorf.
1265 2242 1312 2279 ad
1322 2243 1474 2280 Platon.

821 2300 939 2348 Gorg.
972 2300 1010 2344 §.
1034 2301 1112 2339 132
1132 2311 1220 2348 pag.
1244 2299 1325 2341 205
1350 2312 1371 2335 a
1400 2298 1472 2336 CT·

820 2357 1016 2395 excitatus.
1091 2356 1266 2406 Namque
1313 2354 1473 2392 docente

820 2412 983 2449 Sluitero
999 2412 1039 2447 iu
1057 2411 1178 2448 Lectt.
1194 2410 1409 2449 Andocidd.
1430 2424 1470 2462 p.

815 2470 892 2507 201
917 2466 1010 2519 (quo
1031 2468 1129 2503 bene
1149 2468 1266 2504 utitur
1286 2470 1382 2504 Rose
1402 2468 1471 2503 In-

817 2525 958 2574 scriptt.
988 2525 1143 2560 Graeco.
1172 2536 1260 2573 pag.
1291 2526 1365 2564 181
1397 2524 1469 2560 alia

818 2579 1006 2631 quaedam
1018 2578 1297 2627 adiiciens),hoc
1308 2579 1468 2616 verbum

816 2637 967 2686 proprie
980 2635 1026 2672 de.
1037 2636 1079 2672 iis
1090 2635 1201 2671 rebus
1213 2634 1357 2684 dicitur,
1369 2648 1468 2687 quae

814 2693 1020 2728 solenniter
1056 2690 1316 2729 describuntur
1353 2699 1390 2729 et
1425 2692 1468 2729 in

816 2749 961 2784 tabulas
981 2747 1204 2785 referuntur.
1223 2768 1279 2776 —
1316 2746 1468 2785 Nomen

818 2800 1090 2855 Θεομήστορος
1114 2802 1218 2841 idem
1250 2804 1328 2842 fere
1345 2811 1467 2853 sonat,

1503 382 1615 420 classis.
1625 384 1710 411 lones
1719 391 1777 419 quo

1501 421 1599 452 animo
1624 425 1777 451 pugnave-

1501 451 1570 475 rint.
1590 450 1774 486 Orosangae.
