1839 3292
517 236 859 273 URANIA.
917 236 1045 274 V111.

1357 244 1414 282 83

156 345 288 400 ,,θός·
333 371 388 376 -
434 346 471 388 εἰ
515 343 562 388 δὲ
605 344 688 401 μὴ,
727 343 984 399 ἀνατρέψεις
1013 345 1309 402 τὴνἙλλάδα.
1367 349 1470 393 τό95

155 412 364 469 ,,πᾶνγάρ
385 412 490 468 ἡμῖν
519 416 598 455 τοῦ
628 412 820 467 πολέμου
835 414 1020 468 φέρουσι
1051 417 1098 458 αἱ
1123 420 1234 472 νῆες.
1266 414 1354 459 ἀλλ’
1377 417 1413 460 ἐ-

126 483 262 538 2,,μοὶ
290 483 453 524 πείθεο.
512 481 568 522 Εἰ
601 481 644 523 δὲ
685 484 820 522 ταῦτα
848 480 906 536 μὴ
937 481 1142 539 ποιήσεις,
1172 485 1293 540 ἡμεῖς
1323 485 1413 540 μὲν,

157 549 241 602 ,,ὡς
271 550 441 605 ἔχομεν,
483 546 772 603 ἀναλαβόντες
801 548 906 599 τούς
927 549 1116 602 οἰκέτας,
1144 553 1414 609 κομιεύμεθα

157 618 229 671 ,,ἐς
270 620 400 671 Σίριν
438 615 515 671 τὴν
553 616 598 658 ἐν
627 615 796 672 Ἰταλίῃ,
825 617 932 672 ἥπερ
963 615 1146 673 ἡμετέρη
1174 619 1217 662 τὲ
1248 621 1336 664 ἐστι
1367 621 1414 665 ἐκ

157 688 370 739 ,παλαιοῦ
401 684 483 735 ἔτι,
514 685 586 726 καὶ
617 688 670 727 τά
700 687 826 740 λόγια
855 687 978 740 λέγει,
1008 683 1082 728 ὑπ’
1111 685 1257 742 ἡμέων
1277 689 1414 746 αὐτὴν

130 760 152 793 3
163 753 300 804 ,ῥέειν
348 755 587 808 κτισθῆναι.

663 752 787 808 ὑμεῖς
835 753 902 804 δὲ,

28 830 93 875 63
160 821 504 875 »μουνωθέντεῶ
534 820 802 875 μεμνήσεσθε
831 825 917 863 τῶν
933 820 1245 878 ἒμώνλόγων.“

962 753 1199 809 συμμάχων
1226 761 1407 802 τοιῶνδε
1423 766 1440 800 1

1307 830 1416 869 Ταῦ-

158 905 210 931 τα
254 888 299 932 δὲ
340 889 648 945 Θεμιστοκλέος
675 887 900 943 λέγοντος,
931 887 1235 935 ἀνεδιδάσκετο
1266 893 1416 949 Εὐρυ-

101 1086 224 1125 Lehre
244 1102 281 1128 v.
299 1086 334 1125 d.
357 1085 509 1124 Griech.
530 1084 703 1123 Partikk.
723 1087 759 1122 II

100 1158 188 1196 pag.
213 1148 306 1193 213,
329 1146 393 1196 qui
422 1143 525 1180 hunc
555 1145 678 1194 ipsum
699 1144 760 1180 lo-

100 1215 189 1239 cum
210 1201 392 1238 Herodoti
413 1201 547 1238 attulit.

157 1255 198 1297 τὸ
213 1260 295 1296 πᾶν
317 1255 390 1310 γάρ
412 1255 510 1307 ἡμῖν
533 1258 605 1295 τοῦ
642 1254 760 1295 πολέ-

103 1329 180 1365 μου
200 1313 368 1364 φέρουσι
389 1313 432 1352 αἱ
449 1314 561 1363 νῆες]
584 1314 608 1349 i.
631 1326 663 1348 e.
684 1325 758 1349 om-

105 1383 146 1407 ne
161 1371 243 1407 belle·
259 1374 459 1407 momentum
489 1371 531 1417 (i,
549 1383 582 1405 e.
606 1368 653 1405 ad
674 1370 758 1405 bel-

105 1428 185 1463 lum
211 1440 387 1477 prospere
406 1424 636 1476 gerendum)
673 1439 758 1462 con-

97 1482 220 1533 ferunt
229 1484 324 1521 nobis
336 1497 378 1519 na
385 1495 449 1519 ves.
468 1484 523 1518 Ita
536 1480 756 1531 Schweigh.

104 1540 143 1575 in
171 1541 264 1578 Lex,
286 1538 439 1586 Herod„
470 1540 535 1575 ubi
564 1546 758 1589 praeterea

102 1594 231 1632 laudat
248 1595 388 1632 Herod.
409 1596 517 1644 VIII,
551 1598 639 1635 lOO.
696 1596 761 1631 Ia-

103 1653 204 1690 cobs.
224 1653 323 1689 bene
351 1654 402 1688 ita
430 1652 662 1689 locutionem
684 1653 760 1689 cir-

103 1710 339 1748 cumscribit:
363 1707 383 1748 ὁ
401 1711 479 1755 πᾶς
495 1704 665 1759 πόλεμος
685 1706 758 1760 ἤρ-

103 1780 212 1815 τηται
231 1765 271 1805 ἐκ
301 1767 382 1804 τῶν
414 1768 537 1813 νεῶν,
570 1765 759 1817 quemad-

102 1822 263 1859 modum
279 1835 367 1859 sane
387 1824 566 1859 Nostrum
584 1824 758 1859 locutum

104 1892 183 1915 esse
214 1878 325 1916 video
353 1881 427 1926 III,
467 1880 530 1918 19.
563 1880 632 1926 VI,
666 1882 756 1920 109.

103 1937 179 1983 lx,
219 1937 293 1986 683
328 1949 378 1971 ne
405 1936 527 1986 plura.
584 1934 647 1972 Ad
678 1949 758 1988 seq.

106 1990 160 2038 ὥς
184 1991 320 2042 ἔχομεν
344 1993 443 2030 conf.
466 1993 505 2038 I,
523 1989 588 2031 24.
615 1993 669 2041 V,
691 1993 758 2033 64.

103 2049 174 2095 VI,
209 2051 281 2095 17,
314 2055 349 2084 et
379 2047 426 2086 ad
453 2049 617 2085 formam
644 2064 759 2099 κομι-

105 2100 259 2155 εύμεθα
276 2104 411 2143 Matth.
435 2106 499 2143 Gr.
515 2107 581 2147 Gr,
602 2107 639 2152 ξ.
665 2109 757 2154 181,

104 2163 142 2201 2.
173 2175 205 2198 c.
234 2174 321 2211 pag.
342 2160 435 2202 324.

159 2216 199 2264 ἐς
216 2218 330 2268 Σίριν
352 2215 425 2268 τήν
452 2217 494 2258 ἒν
513 2213 671 2271 Ἰταλίῃ]
701 2221 759 2255 De

103 2272 175 2310 hac
196 2275 288 2310 urbe
307 2273 383 2313 vid.
408 2282 504 2311 nott.
521 2274 640 2319 adIV,
669 2278 760 2316 127.

105 2331 228 2375 Quam
247 2332 385 2367 Ionum
414 2332 526 2368 fnisse
555 2333 654 2368 canit
678 2333 760 2384 Ly-

106 2386 234 2436 cophr.
247 2388 358 2426 Alex,
373 2389 452 2428 978
470 2401 562 2439 seq„
580 2389 645 2425 ubi
657 2390 757 2429 conf.

113 2442 253 2491 SchoL,
277 2447 535 2481 consentiente
572 2446 759 2482 Strabone

106 2499 169 2535 VI.
198 2513 235 2549 p.
257 2500 335 2540 264
361 2514 390 2537 s.
411 2500 491 2542 405
513 2503 573 2549 A„
603 2503 669 2553 qui
697 2504 761 2540 Ιο-

106 2568 191 2603 nes,
209 2555 403 2606 Lydorum
425 2557 663 2595 dominatum
682 2572 759 2611 quo

108 2611 330 2662 effugerent,
358 2613 456 2649 Sirin
477 2627 677 2665 occupasse
698 2629 760 2651 re-

106 2669 191 2704 sert.
237 2670 294 2704 De
316 2669 556 2720 Colophoniis
591 2671 761 2709 tradide-

108 2732 164 2761 rat
185 2726 365 2761 Timaeus
396 2726 495 2776 apud
513 2726 653 2765 Athen.
686 2730 760 2765 XII

108 2794 193 2831 pag.
216 2775 294 2822 523
316 2783 376 2827 D.,
409 2796 456 2818 ex
483 2796 558 2834 quo
582 2785 665 2821 Ioco
686 2787 761 2821 Ar-

109 2835 324 2875 chilochum
337 2838 536 2876 Siritarum
550 2847 670 2877 terrae
684 2842 762 2878 fer-

814 1087 988 1123 tilitatem
1009 1092 1045 1123 et
1063 1089 1333 1126 amoenitatem
1360 1089 1472 1128 valde

815 1142 1045 1179 admiratum
1086 1157 1164 1180 esse
1202 1147 1473 1197 intelligimus:

817 1201 1087 1250 quamobrem
1108 1202 1216 1237 illum
1237 1217 1325 1239 cum
1349 1206 1473 1241 Hero-

816 1255 929 1292 doteo
963 1269 1053 1292 sane
1083 1258 1246 1295 conferri
1281 1261 1473 1302 volumus.

813 1311 908 1348 Inde
939 1325 1092 1364 quoque
1136 1314 1280 1352 factum
1310 1317 1473 1366 videtur,

813 1369 1259 1420 utposteaAtheuienses‚
1276 1375 1474 1410 oraculum

812 1423 931 1462 hocce
954 1438 974 1461 a
994 1424 1255 1465 Themistocle
1284 1431 1475 1479 prolatum

812 1489 1097 1532 praetexentes,
1142 1484 1182 1519 in
1225 1498 1310 1521 eam
1352 1487 1475 1536 ipsam

816 1539 945 1574 Italiae
974 1540 1171 1588 regionem
1192 1543 1386 1579 mitterent
1407 1556 1475 1580 co-

816 1595 924 1632 lonos
963 1594 1209 1649 Thuriosque
1264 1598 1474 1637 conderent

816 1666 935 1703 prope
949 1652 1049 1689 Sirin
1064 1665 1072 1689 :
1092 1656 1153 1690 cui
1165 1655 1337 1692 coloniae
1347 1658 1474 1707 ipsum

815 1708 994 1746 historiae
1007 1716 1155 1759 patrem
1176 1713 1387 1749 interfuisse
1400 1726 1475 1750 no-

813 1767 950 1804 vimus.
990 1765 1075 1803 Vid.
1097 1767 1253 1806 Diodor.
1293 1770 1368 1810 Sic,
1384 1771 1472 1819 XII,

817 1825 879 1863 10.
941 1823 997 1860 Ob
1018 1825 1128 1860 Iones
1151 1826 1267 1876 igitur
1287 1839 1354 1877 pro
1380 1827 1474 1864 Siris

815 1878 1072 1917 conditoribus
1092 1880 1239 1919 habitos
1249 1882 1474 1921 Themisto-

815 1937 890 1973 cles
913 1937 984 1973 ait:
1017 1933 1118 1989 ἤπερ
1148 1936 1314 1991 ἡμετέρη
1335 1939 1375 1979 τέ
1394 1941 1475 1981 ἐστι

815 1992 858 2032 ἐκ
878 1996 1049 2031 παλαιοῦ
1072 1994 1146 2042 ἔτι,
1178 1997 1208 2032 si
1236 1996 1392 2048 quidem
1412 1997 1473 2034 vel

815 2057 902 2086 ante
922 2050 1292 2088 bellumTroianum
1322 2054 1376 2089 illi
1406 2067 1474 2089 ur·-

815 2107 905 2143 bem
921 2105 1131 2144 condidisse
1143 2109 1362 2146 ferebantur
1381 2116 1474 2146 teste

815 2162 1059 2214 Lycophron.
1077 2165 1104 2200 l.
1131 2165 1157 2201 1.
1187 2188 1239 2193 —
1289 2165 1350 2202 Ad
1371 2174 1473 2203 stru-

817 2227 962 2256 cturam
984 2221 1189 2257 verborum
1209 2236 1315 2274 seqq.
1337 2222 1403 2261 καὶ
1423 2220 1471 2262 τὰ

815 2274 928 2327 λόγια
971 2277 1056 2325 (nbi
1096 2285 1197 2315 certe
1230 2280 1472 2330 exspectabas

815 2334 882 2372 καὶ
912 2330 973 2383 ἢν
994 2330 1041 2371 τοὶ
1072 2331 1184 2386 λόγια
1204 2351 1239 2374 κ.
1260 2351 1292 2374 τ.
1315 2339 1364 2385 λ.)
1395 2335 1471 2373 vid.

814 2388 947 2426 Matth.
965 2391 1029 2425 Gr.
1051 2391 1116 2428 Gr.
1137 2393 1173 2436 ξ.
1205 2392 1307 2440 472,
1332 2395 1355 2432 3
1377 2406 1467 2443 pag·

816 2449 908 2494 881,
930 2448 994 2498 qui
1011 2445 1114 2483 idem
1131 2448 1255 2493 §.352
1282 2462 1370 2499 pag·
1391 2448 1470 2490 664

817 2502 864 2539 ad
876 2504 991 2540 verba
1011 2505 1178 2543 τοιῶνδε
1195 2504 1471 2555 μουνωθέντες

817 2560 1044 2597 conferatur.

1013 2650 1102 2699 Cap.
1134 2650 1271 2687 Lxm.

876 2726 1172 2779 Θεμιστοκλέος]
1192 2730 1246 2766 Ita
1257 2743 1343 2766 cum
1355 2730 1472 2767 Gaisf.

819 2799 839 2822 e
851 2784 998 2822 duobus
1009 2785 1111 2822 libris
1125 2787 1293 2837 rescripsi
1312 2801 1380 2837 pro
1399 2788 1472 2825 Θε-

817 2843 1008 2893 μιστοκλῆ
1011 2856 1066 2888 ος.
1139 2842 1225 2920 vigi.
1276 2844 1385 2880 allata
1424 2841 1472 2879 ad

1143 2901 1168 2939 6
