1839 3292
398 218 483 258 258

803 218 1262 255 HERODOTI

367 325 523 384 5νύμῳ
554 329 616 382 τῷ
642 325 822 380 Ἀνδρίῳ
854 325 996 369 ἐλθών
1026 326 1068 376 ἐς
1098 325 1202 378 ἔριν.
1234 323 1573 381 Λακεδαιμόνιοι
1603 323 1661 377 δὲ,

393 395 608 452 μαθόντες
639 392 722 436 οὐκ
753 393 794 443 ἐς
827 392 1070 448 γυμνικούς
1101 390 1189 435 ἀλλ’
1220 391 1263 443 ἐς
1285 391 1468 448 ἀρηΐους
1488 393 1662 449 ἀγῶνας

393 465 535 519 φέρον
577 460 626 504 τό
677 464 923 517 Τισαμενοῦ
961 460 1194 518 μαντήϊον,
1253 465 1398 517 μισθῷ
1428 462 1660 516 ἐπειρῶντο

394 534 618 579 πείσαντες
670 530 914 585 Τισαμενὸν
951 530 1179 574 ποιέεσθαι
1216 528 1304 584 ἅμα
1346 526 1661 583 Ἡρακλειδέων

364 603 505 642 ὅτοῖσι
541 600 765 653 βασιλεῦσι
793 596 983 654 ἡγεμόνα
1013 603 1100 640 τῶν
1126 596 1337 651 πολέμων.
1377 595 1401 639 ὁ
1432 595 1493 648 δὲ,
1524 594 1662 650 ὁρέων
1676 602 1718 638 15

391 667 488 720 περὶ
520 670 688 710 πολλοῦ
725 666 1011 721 ποιευμένους
1043 665 1324 722 Σπαρτιήτας
1363 665 1495 720 φίλον
1525 662 1661 708 αὐτόν

392 734 683 789 προσθέσθαι.
716 735 875 791 μαθών
904 738 1048 784 τοῦτο,
1078 733 1276 789 ἀνετίμα,
1317 733 1541 789 σημαίνων
1569 744 1661 786 σφι,

393 801 453 854 ὠς
510 802 592 858 ,,ἤν
637 819 711 859 μιν
750 802 960 858 πολιήτην
999 802 1212 858 σφέτερον
1265 800 1535 857 ποιήσωνται
1573 803 1663 844 τῶν

391 869 597 924 ,πάντων
624 870 941 926 μεταδιδόντες,
972 868 1142 925 ποιήσει
1162 873 1317 921 ταῦτα,
1357 868 1418 912 ἐπ’
1447 867 1561 927 ἄλλῳ
1591 885 1662 924 μι-

363 942 525 992 7,,σθῷ
556 935 590 981 δ’
623 938 720 982 οὖ.“
750 941 1028 994 Σπαρτιῆται
1059 938 1118 988 δὲ,
1148 942 1299 994 πρῶτα
1329 937 1409 994 μὲν
1439 935 1663 980 ἀκούσαν-

388 1023 459 1058 τες
489 1005 611 1049 δεινὰ
641 1006 814 1051 ἐποίευν
850 1022 895 1050 τε
921 1007 995 1050 καὶ
1024 1011 1225 1062 μετίεσαν
1252 1010 1329 1062 τῆς
1355 1004 1719 1063 χρησμοσύνηςᾩο

333 1206 479 1257 reliqua
491 1212 622 1242 tamen
633 1202 822 1254 peregisse
841 1214 995 1253 genera,

335 1269 376 1299 ut
398 1270 499 1299 certe
512 1263 559 1311 ei,
577 1274 598 1298 a
617 1273 694 1313 quo
719 1266 914 1311 superatus
936 1272 997 1295 es-

335 1326 403 1367 set,
437 1319 667 1371 quinquertii
689 1317 890 1354 victoriam
922 1316 997 1352 eri-

335 1383 456 1428 peret,
478 1383 543 1413 aut
565 1381 753 1427 quantum
776 1375 814 1410 iu
836 1374 918 1424 ipso
940 1386 995 1409 es-

335 1440 403 1481 set,
424 1432 579 1470 laudem
601 1433 680 1468 eius
691 1432 894 1467 minueret.
951 1428 997 1466 Id

336 1503 491 1542 quoque
508 1487 692 1525 Herodoti
712 1488 942 1534 testimonio,
956 1492 1000 1523 ut

335 1546 440 1584 idem
463 1552 617 1593 monet,
640 1545 842 1596 probatur,
872 1544 1000 1580 nemi-

336 1617 439 1652 nem,
459 1604 530 1640 nisi
552 1603 617 1655 qui
639 1604 676 1638 in
696 1601 999 1652 omnibusquin-

337 1673 412 1712 que
441 1655 712 1697 certaminibus
742 1657 999 1695 adversarium

335 1724 558 1768 superasset,
579 1717 766 1753 victorem
786 1717 999 1767 quinquer-

336 1775 377 1811 tii
406 1788 485 1811 esse
514 1773 703 1810 habitum.
752 1796 785 1801 -
827 1774 870 1808 In
891 1785 999 1823 seqq.

336 1844 426 1868 cum
459 1837 620 1868 recentt.
651 1830 827 1867 revocavi
863 1832 1000 1867 Λακε-

336 1883 540 1938 δαιμόνιοι
571 1884 612 1926 ὁὲ
660 1882 883 1938 μαθόντες,
933 1885 999 1922 ubi

335 1946 453 1995 vulgo
483 1940 683 1996 μαθόντες
724 1940 766 1981 δὲ
796 1942 999 1982 Λακεδαι-

337 1999 474 2053 μόνιοι
488 2015 501 2038 .·
531 1994 635 2053 quod
650 2007 734 2051 post
746 1997 998 2037 Schaeferum

336 2059 453 2096 etiam
473 2059 628 2096 retinuit
650 2055 785 2094 Matth.

394 2136 607 2190 ἐπειρῶντο
637 2133 874 2186 πείσαντες]
910 2132 996 2172 vid.

335 2197 405 2244 lx,
427 2196 493 2235 53.
554 2193 667 2241 Quod
687 2195 857 2245 sequitur
877 2192 998 2240 φίλον

335 2249 594 2304 προσθέσθαι
625 2250 802 2300 (amicum
826 2249 895 2286 sibi
923 2248 997 2286 ali-

337 2320 435 2360 quem
457 2307 675 2356 adsciscere),
696 2307 997 2356 iuveniturquo-

335 2380 410 2418 que
431 2366 496 2414 ΙΙΙ,
519 2364 641 2413 74.V‚
663 2366 727 2404 66.
751 2365 815 2410 69,
837 2363 901 2399 ubi
923 2362 996 2397 alia

335 2421 533 2474 quaedam·
554 2422 633 2458 iam
673 2420 847 2458 excitavi.
899 2419 995 2455 Ver—

333 2481 428 2516 bum
451 2474 648 2531 οἷνατιμᾶν
664 2475 712 2514 de
723 2476 998 2513 mercatoribus

339 2535 425 2583 dici,
448 2537 513 2587 qui
543 2548 718 2573 annonam
750 2533 941 2571 incendunt
969 2545 998 2569 s.

331 2594 486 2642 pretium
530 2595 684 2642 augent,
726 2591 824 2627 bene
853 2589 1000 2626 notavit

337 2648 602 2698 Valckenaer„
624 2650 744 2686 citans
763 2648 878 2685 Dion.
896 2647 998 2684 cass.

336 2706 554 2753 xxxvm,
587 2706 611 2746 5
641 2707 812 2757 itemque
838 2704 998 2742 verbum

337 2769 546 2813 cognatum
557 2761 757 2813 ἐπιτιμᾶν,
769 2763 874 2799 cuius
885 2773 999 2797 usum

336 2819 534 2857 illustravit
554 2817 760 2858 Ruhnken.
781 2817 828 2855 ad
845 2817 999 2855 Timaei

1052 1202 1149 1239 Lex.
1174 1204 1271 1240 Plat.
1291 1216 1331 1253 p.
1354 1200 1445 1250 115,
1465 1201 1528 1239 cui
1549 1201 1580 1240 C
1588 1214 1618 1238 r.
1647 1199 1718 1239 ad-

1054 1258 1108 1296 dit
1139 1262 1279 1297 Zonar.
1309 1261 1405 1296 Lex.
1434 1272 1463 1296 s.
1493 1273 1530 1296 v.
1552 1257 1718 1310 ἐπετίμα

1052 1329 1141 1367 pag.
1164 1320 1260 1358 831.
1276 1338 1333 1344 —-
1361 1317 1455 1352 Mox
1474 1329 1543 1367 pro
1559 1314 1718 1368 ποιήσει

1053 1373 1251 1411 Schaeser.
1273 1380 1310 1410 et
1330 1371 1467 1411 Matth.
1488 1371 1674 1425 ποιήσειν
1695 1387 1716 1410 e

1054 1430 1245 1469 Saum-osii
1274 1431 1384 1468 libro.

1114 1495 1226 1537 δεινοὶ
1237 1496 1414 1548 ἐποίευν]
1427 1499 1618 1536 Revocavi
1627 1496 1716 1546 hoc,

1055 1557 1241 1607 probante
1280 1553 1646 1605 Schweighaeusero
1681 1561 1719 1592 et

1056 1613 1230 1663 Stegero,
1260 1625 1495 1665 quamquam
1514 1611 1561 1649 de
1577 1625 1623 1649 eo
1645 1611 1718 1649 du-

1055 1670 1148 1706 bitat
1169 1682 1303 1706 censor
1324 1670 1528 1720 Lipsiensis
1553 1671 1658 1710 1833
1678 1682 1717 1720 p.

1056 1725 1123 1766 48.
1153 1728 1187 1762 E
1209 1725 1357 1763 duobus
1379 1725 1491 1763 codd.
1521 1724 1717 1763 Schaefer.

1056 1782 1214 1820 dederat
1230 1782 1438 1823 ἐποιεῦντο
1459 1796 1628 1836 eumque
1656 1796 1718 1821 se-

1056 1841 1185 1892 quitur
1204 1839 1420 1878 Bekkerus.

1113 1907 1297 1959 μετίεσαν
1322 1910 1394 1959 τῆς
1419 1903 1717 1962 χρησμοσύνης]

1055 1965 1081 2002 i.
1104 1978 1138 2002 e.
1164 1967 1306 2002 missam
1322 1964 1486 2016 fecerunt
1511 1967 1586 2003 eius
1607 1970 1719 2004 artem

1054 2022 1295 2070 vaticinandi,
1319 2024 1410 2072 sive,
1440 2029 1484 2060 ut
1511 2023 1610 2060 bene
1630 2021 1718 2060 red-

1056 2077 1111 2115 dit
1130 2080 1284 2130 Lange:
1314 2081 1363 2117 sie
1377 2079 1548 2130 schlugen
1567 2079 1641 2117 sicli
1662 2079 1719 2117 die

1061 2135 1296 2184 Weissagung
1319 2149 1416 2185 ganz
1437 2149 1503 2174 aus
1527 2137 1602 2174 dem
1613 2135 1718 2174 Sz'nn.

1053 2190 1139 2229 Vid.
1168 2191 1302 2229 Matth.
1333 2194 1399 2231 Gr.
1422 2194 1488 2229 Gr.
1511 2194 1547 2239 §.
1569 2194 1664 2240 332,
1689 2194 1716 2232 7

1055 2261 1145 2299 pag.
1177 2248 1257 2288 640
1279 2255 1316 2285 et
1346 2247 1406 2286 ed.
1428 2250 1523 2286 Brit.
1543 2263 1581 2300 p.
1597 2249 1716 2289 XLV.

1051 2305 1197 2342 Vocem
1217 2300 1500 2357 χρησμοσύνης
1514 2305 1717 2357 Schweig—

1051 2360 1224 2399 haeuser.
1240 2363 1280 2398 in
1299 2363 1395 2402 Lex.
1412 2361 1556 2401 Herod.
1577 2361 1717 2400 eodem

1053 2432 1169 2456 sensu
1197 2431 1273 2471 quo
1306 2417 1561 2471 μαντοσύνην
1597 2421 1717 2472 accipi

1054 2477 1136 2512 vult
1175 2474 1222 2512 de
1252 2480 1329 2534 arte
1349 2489 1407 2528 ‘ac
1440 2490 1578 2515 munere
1600 2479 1715 2526 vati-53

1055 2533 1303 2583 W‘esseling„
1320 2535 1381 2570 cui
1396 2533 1543 2572 accedit
1552 2533 1717 2572 Schnei-

1057 2587 1137 2626 der.
1152 2589 1191 2625 iu
1212 2591 1308 2627 Lex.
1330 2592 1396 2630 Gr.
1407 2605 1435 2629 s.
1446 2605 1482 2629 v.
1505 2591 1717 2630 desiderium

1055 2644 1094 2683 h.
1116 2647 1142 2683 l.
1173 2647 1334 2697 intelligi
1354 2649 1488 2685 maluit
1509 2661 1632 2701 eoque
1652 2661 1716 2685 re-

1055 2703 1195 2750 ferunt,
1219 2717 1317 2756 quae
1349 2718 1429 2756 cap.
1456 2704 1509 2746 35
1531 2705 1638 2742 initio
1657 2705 1717 2742 le-

1058 2767 1220 2797 nuntur:
1269 2763 1519 2813 Σπαρτιῆται
1558 2760 1714 2802 ἐδέοντο

1056 2789 1079 2811 ὃ

1056 2813 1132 2869 γαρ
1154 2817 1294 2866 δεινῶς
1320 2820 1392 2857 τοῦ
1418 2818 1660 2870 Τισαμενοῦ.

1719 659 1800 698 709
