1839 3292
547 196 887 233 URANIA.
944 196 1074 234 VIII.
1379 198 1433 237 47

47 315 112 361 36
167 309 220 352 τά
249 306 445 360 Κροίσου
474 308 554 348 τοῦ
578 302 809 347 Ἀλυάττεω
840 302 1114 358 ἀναθήματα.
1180 303 1235 345 Οἵ
1263 303 1429 357 Δελφοὶ
1485 303 1673 366 {iffiffia‘lffi
1690 313 1765 366 {222⁶

179 375 245 427 δὲ,
275 373 602 426 πυνθανόμενοι
630 376 787 421 ταῦτα,
830 371 872 421 ἐς
900 375 1045 414 πᾶσαν
1082 369 1307 425 ἆῤῥωδίην
1335 368 1433 412 α’πί-
1491 373 1706 407 Ρῐθὲνθῑθῐῑιῑῑ·

176 459 295 487 κατο.
365 442 412 485 ἐν
450 442 615 493 δείματι
650 441 695 483 δὲ
733 438 901 496 μεγάλῳ
943 443 1245 489 κατεστεῶτες,
1301 437 1434 493 ἐμαν-

176 510 355 554 τεύοντο
385 509 482 562 περὶ
511 511 598 550 τῶν
628 509 737 560 ἱρῶν
765 505 1015 562 χρημάτων,
1047 509 1128 550 εἴτε
1171 506 1283 561 σφέα
1321 504 1429 547 κατα
1447 509 1491 546 65

149 582 255 632 Ξγῆς
284 575 574 628 κατορύξωσι,
617 576 700 617 εἴτε
730 575 986 628 ἐκκομίσωσι
1026 575 1068 624 ἐς
1107 572 1239 629 ἄλλην
1274 571 1433 628 χώρην.

179 647 201 691 ὁ
234 649 278 691 δὲ
306 645 409 695 θεός
439 655 574 697 σφεας
603 639 686 684 οὐκ
716 642 765 685 ἔα
793 641 976 693 κινέειν,
1017 641 1103 696 φὰς
1145 638 1310 694 „av'to'g
1340 642 1434 682 ἵκα-

176 715 279 767 ,,νός
308 712 418 756 εἶναι
447 714 534 752 τῶν
567 708 735 753 ἑωυτοῦ
774 712 1119 765 προκατῆσθαι.“
1175 709 1343 764 Δελφοὶ
1375 708 1432 759 δὲ,

149 786 315 824 3ταῦτα
357 777 633 829 ἀκούσαντες,
679 779 824 833 σφέων
855 778 1004 820 αὐτῶν
1035 776 1133 830 πέρι
1162 776 1434 832 ἐφρόντιζον.

179 847 306 890 τέκνα
336 846 413 903 μέν
443 862 527 888 «νυυ
556 846 628 888 καὶ
656 851 868 901 γυναῖκας
903 844 1040 899 πέρην
1070 844 1112 894 ἐς
1140 843 1219 899 τήν
1246 843 1433 898 Ἀχαιίην

176 914 434 969 διέπεμψαν·
466 912 611 957 αὐτῶν
650 914 695 958 δὲ
726 914 768 956 οἱ
797 912 875 967 μὲν
912 916 1105 955 πλεῖστοι
1146 909 1362 967 ἀνέβησαν
1393 913 1488 961 ἐς70

175 986 257 1026 τοῦ
288 986 554 1039 Παρνησσοῦ
581 981 656 1034 τὰς
685 979 899 1037 κορυφάς,
928 980 1002 1024 καὶ
1030 979 1073 1031 ἐς
1114 977 1164 1023 τὸ
1193 977 1433 1034 Κωρύκιον

123 1161 214 1199 116.
241 1159 321 1206 VII,
356 1159 447 1197 136.
475 1158 573 1203 VIII,
601 1156 668 1196 25.
725 1156 776 1192 Et
831 1156 878 1192 G.
898 1156 1109 1191 Hermann.
1140 1153 1300 1204 Opuscc.
1328 1153 1380 1189 IV
1399 1166 1488 1204 pag.

123 1216 224 1252 conf.
257 1228 410 1267 quoque
440 1215 504 1260 ΙΙΙ,
527 1215 592 1253 66.
613 1213 710 1259 VIII,
732 1211 771 1251 5.

124 1273 169 1319 V,
190 1273 258 1311 42.
288 1273 331 1307 In
354 1270 544 1308 Sancrofti
564 1270 658 1305 libro
681 1269 777 1304 alio-

123 1341 197 1379 que
217 1334 336 1364 exstat
359 1326 570 1366 ἐπιστέατο.
629 1323 777 1362 Sohae—

122 1385 220 1420 ferus
252 1383 404 1420 dederat
425 1381 616 1421 ἐπίστατο.
636 1401 689 1409 -
719 1382 777 1416 De

122 1439 284 1477 donariis
303 1452 323 1475 a
345 1441 482 1476 Croeso
502 1436 669 1487 Delphos
684 1438 778 1474 mis—

119 1498 168 1534 sis
189 1496 289 1533 conf.
309 1497 339 1540 I,
359 1495 412 1536 50
431 1508 509 1546 seq.
532 1497 599 1534 92.

304 1585 396 1635 cap.
417 1584 597 1621 xxxvl.

177 1662 218 1703 ἐν
238 1664 390 1714 δείματι
413 1660 455 1701 δὲ
481 1657 635 1714 μεγάλῳ
665 1676 774 1701 κατε-

121 1720 300 1770 στεῶτες]
319 1722 353 1766 j·
376 1733 406 1756 e.
427 1733 553 1768 magno
569 1721 689 1756 timo-re
700 1733 774 1756 cor—

119 1779 222 1828 repti.
271 1778 395 1828 Supra
414 1778 512 1823 VIII,
536 1778 601 1824 12,
633 1774 672 1822 ἐς
703 1773 774 1823 φό-

120 1835 195 1885 βον
213 1832 452 1872 κατιστέατο.
507 1834 602 1869 Mox
633 1846 653 1868 e
681 1833 773 1869 Flo-

120 1891 269 1926 rentino
319 1891 475 1942 aliisque
522 1888 631 1927 codd.
682 1903 772 1926 cum

119 1944 253 1982 matth.
278 1953 315 1983 et
332 1945 498 1983 Bekker.
515 1946 658 1983 restitui
678 1960 774 1983 con-

121 2003 308 2041 iunctivos
354 1999 599 2054 κατορύξωσι
646 2010 682 2040 et
713 2002 773 2042 ἐκ·

119 2058 310 2109 κομίσωσι
340 2073 408 2110 pro
438 2061 571 2096 futuris
601 2056 773 2109 κατορύ-

119 2116 164 2162 ξο
176 2131 199 2154 υ
210 2128 247 2155 σι
268 2123 304 2153 et
335 2117 496 2167 ἐκκομίσ
508 2131 527 2156 ο
541 2132 565 2154 υ
580 2129 630 2163 σι,
674 2129 773 2167 quae

117 2170 179 2209 hic
193 2173 282 2210 ferri
301 2187 408 2224 posse
419 2175 499 2209 iure
519 2180 635 2223 negat
651 2174 773 2210 WVer-

116 2229 187 2266 fer.
220 2231 321 2270 Actt.
356 2229 464 2280 phill.
494 2231 668 2267 Monacc.
695 2231 713 2266 I
731 2243 771 2281 p.

119 2284 201 2326 234
213 2299 289 2338 seq.
302 2288 388 2323 coll.
410 2290 502 2332 230,
523 2287 590 2323 ubi
608 2285 655 2323 de
676 2299 772 2322 con-

119 2341 285 2379 iunctivo
317 2342 558 2380 deliberativo
601 2344 772 2394 pluribus

121 2400 290 2447 exponit.
343 2401 442 2436 Nam
460 2401 515 2435 illi
534 2413 612 2436 non
633 2399 680 2436 de
710 2413 770 2448 eo,

122 2453 213 2504 quid
222 2455 366 2505 facturi
382 2458 454 2493 sint
475 2454 556 2508 (ubi
576 2456 702 2493 futuro
711 2456 772 2493 Io-

123 2510 240 2559 cus),
274 2511 340 2548 sed
360 2511 406 2548 de
427 2525 484 2560 eo,
515 2512 772 2563 quidssaczzm-

123 2564 204 2602 dum
233 2568 300 2614 sit,
329 2570 523 2606 oraculum
547 2570 770 2618 consuluntr,

121 2633 203 2658 num
233 2624 311 2659 scil.
336 2627 506 2674 pecunias
529 2639 650 2663 sacras
672 2626 772 2676 defo«

121 2677 240 2714 «lerant
258 2691 304 2715 an
323 2685 553 2729 exportarent,
577 2683 616 2720 ob
627 2685 676 2719 sie
691 2684 770 2719 ‹lie-

122 2734 233 2771 selben
274 2737 465 2783 vergraben
513 2739 595 2776 oder
642 2738 769 2776 anders

121 2790 234 2829 wohz'n
261 2791 407 2841 bringeri
443 2794 532 2831 soll
544 2799 628 2833 ten.
685 2794 767 2833 vid.

832 1214 898 1251 91.
933 1214 987 1252 92
1016 1218 1053 1248 et
1094 1211 1219 1247 virum
1259 1211 1414 1247 doctum
1447 1211 1487 1246 in

833 1267 1037 1306 Schulzeit.
1071 1268 1170 1306 1831
1205 1269 1239 1302 11
1270 1280 1358 1318 pag.
1387 1268 1482 1306 987.

831 1323 990 1360 Accedit
1010 1323 1238 1371 etiamillud‚
1280 1322 1383 1376 quod
1407 1325 1488 1359 He-

832 1379 988 1417 rodotus
1034 1381 1101 1416 vix
1141 1379 1295 1417 dixisset
1335 1380 1490 1430 ἐκκομί-

834 1448 970 1484 σουσι,
1015 1435 1082 1474 sed
1103 1437 1226 1485 potius
1248 1435 1488 1485 ἐκκομιεῦσι.

832 1495 889 1530 De
909 1495 989 1544 ipso
1011 1493 1124 1530 verbo
1145 1491 1363 1542 ἐκκομίζειν
1384 1494 1488 1530 conf.

830 1551 929 1598 VIII,
960 1553 1014 1590 32
1044 1557 1082 1586 et
1110 1550 1150 1585 in
1178 1563 1282 1602 seqq,
1325 1548 1374 1586 ad
1411 1545 1488 1588 οὐκ

831 1606 876 1646 ἔα
912 1613 1007 1643 nott.
1038 1605 1086 1643 ad
1114 1607 1158 1651 V,
1200 1610 1265 1647 36.
1336 1605 1486 1643 Eadem

828 1664 907 1700 fere
929 1665 1091 1700 Pausan.
1106 1664 1157 1710 X,
1179 1666 1231 1703 23
1254 1664 1288 1708 ξ,
1316 1667 1348 1710 1,
1379 1664 1485 1700 cuins

829 1722 952 1757 omnis
982 1719 1029 1756 de
1056 1722 1209 1757 Brenno
1242 1720 1486 1756 Galatorum-

829 1790 904 1829 que
924 1779 1138 1814 incursione
1158 1778 1321 1813 narratio
1343 1790 1391 1812 ex
1406 1779 1485 1813 He-

828 1833 962 1871 rodoto
985 1833 1094 1870 duxit
1120 1834 1309 1881 colorem,
1337 1833 1384 1869 ad
1407 1834 1486 1871 eius

827 1892 1085 1927 narrationem
1107 1889 1154 1927 de
1175 1892 1296 1928 Persis
1315 1889 1486 1941 Delphos

827 1947 1133 1998 aggredientibus
1153 1947 1291 1985 efficta.

885 2002 965 2055 φας
986 2000 1107 2051 αὐτός
1119 2026 1169 2031 -
1182 2001 1484 2054 προκατῆσθαι]

828 2061 854 2098 i.
875 2075 908 2099 e.
930 2061 1046 2098 dicens
1066 2076 1101 2098 se
1123 2063 1236 2111 ipsum
1265 2061 1312 2097 (ιά
1333 2059 1484 2096 tutanda

828 2131 894 2155 sua
928 2118 1102 2167 sufficere.
1166 2118 1396 2166 W'esseling.
1432 2115 1481 2152 ad

826 2176 1059 2211 locutionem
1098 2174 1259 2211 conferri
1288 2174 1371 2210 vult
1410 2174 1480 2219 IX,

829 2232 908 2272 105
930 2238 965 2267 et
980 2232 1119 2267 Euseb.
1133 2231 1389 2281 Praepar.Ev.
1410 2231 1479 2275 IX,

825 2290 893 2336 27,
924 2288 990 2324 ubi
1029 2295 1232 2324 occurrunt
1275 2285 1481 2338 στρατηγοὶ

826 2340 1199 2395 προκαθεδούμενοι
1226 2346 1297 2394 τῆς
1326 2339 1478 2395 χώραςῑ

826 2403 889 2451 qui
904 2403 1075 2450 regionem
1095 2405 1250 2438 tuentur.

881 2456 999 2496 τέκνα
1036 2456 1107 2508 μέν
1145 2472 1220 2496 νυν
1251 2454 1318 2495 καὶ
1347 2459 1483 2507 γυναῖ-

825 2513 919 2564 κας]
961 2515 1197 2561 ΑΓῑίοιιΙωῃΪ,
1238 2525 1354 2564 quem
1380 2511 1483 2549 hisce

826 2572 1018 2621 praemisit
1032 2572 1131 2617 VIII,
1152 2569 1201 2609 41
1226 2570 1313 2610 coll,
1333 2567 1371 2616 4,
1394 2568 1481 2606 eth.

826 2628 853 2668 l.
875 2634 912 2663 et
932 2628 1031 2672 VIII,
1052 2625 1104 2666 40
1125 2627 1308 2676 neglexit.
1365 2628 1480 2663 Plura

827 2684 993 2720 Sintenis
1014 2682 1061 2719 ad
1083 2682 1275 2720 Plutarch.
1289 2681 1478 2721 Themist.

826 2742 877 2780 10
898 2752 936 2788 p.
953 2741 1020 2779 68.

880 2793 947 2834 καὶ
967 2794 1008 2843 ἐς
1027 2791 1072 2834 vo*
1102 2792 1314 2847 Κωρύκιον
1335 2791 1481 2848 ε’ἕντρον
