1839 3292
40 582 104 626 43

483 215 945 253 CALLIOPE.

1002 216 1019 251 l
1028 216 1078 252 X.
1338 219 1422 258 2723

165 329 337 386 „eifvooa
374 325 516 376 ἐόντες
546 325 761 381 Πέρσῃσι,
807 324 966 381 ἥδεσθε
1002 325 1133 367 τοῦδε
1164 324 1325 377 εἵνεκα,
1366 323 1424 376 ὥς

162 394 520 452 ,,περιεσομένους
548 392 681 449 ἡμέας
704 392 963 448 Ἑλλήνωυ.“
1013 391 1160 435 Ταῦτά
1180 403 1259 448 σφι
1289 394 1424 444 εἴπας,

164 461 343 516 δεύτερα
372 460 573 516 ἐσήμαινε
600 460 922 514 παραρτέεσθαί
940 475 984 503 τε
1013 459 1155 503 πάντα
1183 461 1256 503 καὶ
1285 459 1424 517 εὐκρι-

163 530 241 574 νέα
269 529 513 581 ποιέεσθαι,
555 525 612 577 ὡς
641 528 730 582 ἅμα
769 526 906 583 ἡμέρῃ
944 531 998 584 τῇ
1035 527 1218 584 ἐπιούσῃ
1258 532 1480 585 συμβο-7Ο

159 602 259 654 λῆς·

274 597 489 652 ἐσομένης.
533 598 702 638 Τοῦτον
732 593 775 638 δ’

161 664 417 720 Μαρδόνιος
453 662 541 707 εἶπε
577 663 619 713 ἐς
661 662 832 714 Πέρσας
870 661 997 717 ἔχειν,
1035 663 1079 713 ἐς
1108 663 1344 716 Ἰλλυριούς
1380 681 1425 708 τε
1479 669 1662 699 Plataeensi.

821 594 954 650 ἔγωγε
998 594 1076 638 τόν
1113 596 1307 651 χρησμὸν
1345 596 1423 640 τὸν
1479 600 1753 671 ἢῗιξῑᾶῗθῡῖᾓᾙ-Ηο

161 734 233 776 καὶ
251 732 327 774 τὸν
340 730 563 787 Ἐγχέλεων
580 729 766 784 στρατόν
783 727 883 772 οἶδα
903 729 1206 786 πεποιημένον,
1229 730 1316 773 ἀλλ’
1339 730 1422 774 οὐκ

134 800 208 851 Ξές
244 799 430 852 Πέρσας.
482 797 607 842 Ἀλλοέ
647 797 701 840 τοὶ
749 797 827 853 μὲν
864 795 1022 841 Βάκιδι
1059 797 1103 849 ἐς
1137 796 1300 855 ταύτην
1343 798 1424 856 τὴν

161 865 302 922 μα’χην
329 864 614 921 πεποιημένα·

251 942 333 988 Τὴν
358 941 398 978 δ’
423 942 484 978 ἐπὶ
504 942 739 988 Θεραῶδοντι
761 942 824 978 καὶ
847 940 999 990 Ἀσωπῷ
1025 942 1191 989 λεχεποίῃ

1435 952 1480 986 75

240 998 420 1047 Ἑλλήνων
444 999 623 1045 σύνοδον,
648 1000 710 1036 καὶ
734 998 1038 1047 βαρβαρόφωνον
1065 998 1200 1045 ἰϋγήν·

105 1213 280 1244 servante
299 1210 568 1259 XVesselingio,
588 1207 763 1246 Eustath.

105 1263 155 1300 ad
174 1265 218 1301 11.
238 1278 278 1315 p.
300 1267 401 1315 961,
425 1269 449 1306 6
471 1279 498 1305 S.
522 1266 603 1306 942
619 1295 629 1314 ‚
652 1265 720 1306 49.

302 1354 392 1406 Cap.
421 1356 559 1393 XLIII.

163 1431 204 1479 ἐς
236 1432 394 1484 Πέρσας
422 1431 543 1484 ἔχειν]
577 1433 603 1469 i.
625 1446 657 1471 e.
684 1446 764 1483 spe-

107 1493 221 1537 ctare,
237 1492 408 1539 pertinere
432 1490 482 1526 ad
507 1490 645 1526 Persas.
675 1489 763 1526 vid.

104 1552 201 1582 nott.
231 1545 279 1582 ad
305 1547 379 1593 111,
424 1545 491 1587 48.
539 1547 596 1582 De
624 1545 764 1596 Illyriis

105 1608 219 1652 atque
252 1602 525 1639 Enchelensz'bus
557 1601 636 1639 vid.
664 1610 763 1640 nott.

105 1657 153 1693 ad
170 1658 221 1705 V,
251 1661 298 1697 61
319 1671 330 1706 ς
361 1658 408 1695 de
426 1658 565 1695 Bacide
594 1666 690 1695 nott.
714 1658 762 1696 ad

103 1715 202 1760 VIII,
223 1716 296 1763 203
319 1714 366 1752 de
386 1714 536 1752 Μιιεαεο
558 1716 659 1752 conf.
680 1716 761 1764 VII,

105 1773 145 1811 6.
184 1771 294 1814 VIII,
337 1774 405 1812 96.
452 1771 640 1809 Voculam
678 1771 761 1811 ἐστί

103 1833 188 1877 post
207 1823 351 1866 Βάκιδι
378 1829 494 1878 vulgo
527 1829 707 1865 insertam
738 1842 759 1865 e

103 1884 322 1920 Florentino
372 1885 506 1921 abiecit
558 1883 760 1935 Schweig-

103 1937 329 1987 haeuser-us,
364 1938 422 1977 his
452 1940 606 1978 additis:
655 1941 761 1989 ,,ἐστί

105 1995 296 2032 adiectum
308 2003 386 2033 erat
393 1998 438 2033 ab
449 1995 518 2044 his,
536 1999 601 2049 qui
612 1996 659 2034 ad
670 2011 759 2034 con-

104 2054 339 2088 secutionem
363 2055 538 2090 orationis
556 2053 659 2090 haud
675 2056 760 2091 satis

105 2108 368 2157 attenderunt,
408 2123 506 2161 quae
545 2118 600 2147 est
628 2110 761 2148 huius-

105 2164 232 2202 modi:
264 2163 311 2204 τοὶ
333 2164 403 2217 μὲν
423 2164 567 2206 Βάκιδι
593 2182 763 2218 πεποιη-

107 2220 204 2271 μένα
222 2248 231 2258 .
252 2252 263 2262 .
278 2250 289 2261 .
307 2252 318 2262 .
336 2225 461 2261 ταῦτα
495 2221 567 2274 μὲν
599 2223 663 2262 καὶ
698 2222 762 2262 ἄλ-

107 2279 154 2315 λα
177 2279 377 2331 Μουσαίῳ
416 2280 573 2331 (nempe
593 2295 762 2331 πεποιη-

109 2331 224 2383 μένα)
245 2333 380 2384 ἕχοντα
401 2333 490 2375 οἶδα
515 2339 614 2374 etc.“
638 2339 763 2388 Equi-

110 2387 198 2424 dem
224 2403 311 2426 cum
330 2392 540 2430 Gaissordio
561 2392 762 2444 Schweig-

109 2443 336 2483 haeuserum
354 2461 438 2485 sum
458 2456 619 2487 secutus.
657 2452 763 2487 Reli-

110 2501 176 2552 qui
196 2500 282 2538 edd.
301 2505 533 2544 retinuerunt
553 2508 742 2558 copulam.

164 2576 239 2629 τήν
270 2575 311 2618 δ’
337 2579 401 2620 ἐπὶ
435 2581 686 2636 Θερμώδοντι
718 2602 757 2625 κ.

107 2650 143 2674 τ.
166 2637 219 2684 L]
250 2637 353 2673 Haec
384 2641 498 2677 verba
537 2656 585 2679 ex
619 2644 761 2680 oraculi

109 2699 291 2729 contextu
330 2694 481 2746 abrepta
526 2699 578 2734 ita
621 2698 762 2737 debent

107 2748 288 2798 intelligi,
310 2756 352 2786 ut
372 2750 419 2786 ad
440 2755 666 2792 accusativos
686 2753 760 2806 τήν

109 2800 284 2844 σύνοδον
303 2804 369 2844 καὶ
393 2806 511 2859 ι’ὖγήν
535 2811 676 2863 aliquid
697 2825 759 2850 co·-

167 2863 389 2900 HERODOT.
418 2865 484 2903 IV.

819 1209 958 1259 gitetur
976 1221 1264 1259 praegressum,
1297 1221 1334 1246 v.
1356 1222 1390 1246 c.
1414 1206 1478 1248 λε’·

819 1280 896 1317 γω,
946 1261 1066 1304 οἷείδω
1103 1266 1163 1301 vel
1202 1266 1324 1301 simile
1373 1266 1478 1317 quid.

818 1323 902 1358 Hoc
924 1324 1025 1357 enim
1044 1322 1105 1358 vel
1127 1323 1308 1372 particula
1331 1321 1385 1360 δὲ
1416 1324 1479 1358 in-

820 1377 946 1414 dicare
982 1377 1142 1415 videtur.
1195 1377 1478 1416 Thermodontem

817 1434 998 1481 fluvium,
1040 1436 1104 1485 qui
1129 1447 1247 1484 prope
1268 1435 1478 1472 Glisantem

820 1504 840 1525 e
860 1493 1011 1541 Hypato
1032 1498 1164 1526 monte
1178 1491 1331 1541 profluit
1351 1497 1388 1527 et
1407 1504 1478 1527 an-

818 1553 856 1583 te
899 1549 1121 1596 Tanagram
1156 1549 1286 1597 Asopo
1331 1561 1371 1583 se
1406 1547 1477 1584 ad—

817 1604 973 1650 miscet,
1005 1605 1112 1640 novit
1150 1617 1304 1655 quoque
1331 1605 1479 1641 Pausa-

817 1661 897 1696 nias
928 1661 1007 1708 IX,
1047 1662 1095 1700 19
1132 1661 1167 1705 ξ.
1190 1664 1214 1701 3
1236 1661 1321 1697 coll.
1343 1661 1478 1698 Tzetz.

818 1716 866 1752 ad
876 1715 1121 1768 Lycophron.
1144 1716 1238 1757 647.
1258 1716 1344 1756 Vid.
1357 1719 1478 1755 Kruse

817 1774 918 1810 Heli.
938 1775 986 1821 ΙΙ,
1012 1776 1031 1813 1
1053 1786 1141 1824 pag.
1162 1772 1257 1813 490.

880 1846 1044 1905 Ἀσωπῷ
1094 1851 1316 1906 λεχεποίῃ]
1377 1853 1478 1890 Aso-

815 1921 907 1958 pum
929 1915 1039 1945 vocat
1053 1908 1242 1956 herbosum,
1265 1909 1386 1946 multis
1397 1910 1479 1947 her-

816 1966 869 2000 bis
900 1967 1064 2015 utrinque
1088 1966 1285 2014 inclusum,
1329 1967 1369 2002 in
1390 1967 1478 2017 qui-

815 2021 885 2058 bus
952 2020 1156 2058 commode
1224 2023 1447 2058 recumbere
1464 2050 1476 2070 ,

817 2078 1009 2129 quiescere
1042 2079 1172 2129 pOssis.
1219 2079 1318 2114 Nam
1347 2078 1395 2114 ad
1425 2079 1477 2114 A-

817 2135 900 2185 sopi
929 2136 1027 2185 ripas
1066 2136 1245 2186 utrinque
1274 2136 1476 2172 laetissima

816 2198 924 2241 prata
962 2204 1004 2227 ac
1032 2191 1258 2228 fertilissima
1288 2192 1476 2245 optimum

817 2248 1000 2298 praebent
1033 2249 1177 2285 victum
1215 2248 1476 2299 pabulumque

817 2305 1009 2354 gregibus.
1067 2305 1128 2341 Ex
1163 2306 1320 2340 Homeri
1348 2306 1478 2341 imita-

818 2363 922 2397 tione
955 2361 1107 2398 ssuxisse
1146 2359 1248 2398 dicas
1278 2362 1475 2397 conferens

817 2418 859 2454 ΙΙ.
889 2418 959 2465 IV,
991 2420 1072 2458 383
1098 2418 1184 2454 coll.
1208 2418 1264 2464 ΙΙ,
1305 2419 1398 2458 697.
1420 2438 1476 2444 —

816 2475 861 2510 In
878 2486 982 2525 seqq.
996 2486 1132 2511 vocem
1153 2468 1476 2525 βαρβαρόφωνον

817 2532 923 2581 attigi
945 2529 992 2566 ad
1013 2531 1116 2578 VIII,
1136 2533 1203 2570 21.
1227 2526 1334 2579 ἰῦγή,
1370 2531 1475 2566 cuius

816 2588 901 2623 loco
932 2589 1120 2623 Homerus
1141 2585 1236 2622 dixit
1271 2581 1410 2636 ἰυγμός
1429 2587 1474 2623 ll.

816 2644 967 2689 XVIII,
1013 2642 1094 2682 572
1133 2649 1187 2679 est
1224 2641 1377 2689 clamor.
1414 2642 1475 2680 la-

816 2702 995 2737 mentatio.
1055 2699 1171 2734 Plura
1200 2698 1414 2737 Blomfield.
1434 2701 1474 2735 in

817 2757 980 2792 Glossar.
1002 2753 1050 2790 ad
1070 2753 1248 2807 Aeschyl.
1264 2756 1368 2793 Pers.
1393 2758 1473 2797 981

815 2813 901 2850 coll.
921 2811 969 2849 ad
989 2824 1084 2849 vers.
1107 2811 1204 2853 285.
