1839 3292
500 201 965 240 CALLIOPE.

1021 201 1039 236 1
1048 201 1100 238 X.
1316 203 1400 243 297

144 312 276 369 ἐπεῖχέ
305 327 349 355 τε
375 312 443 355 ἐπὶ
472 310 846 364 Λακεδαιμονίους
874 325 918 352 τε
945 308 1020 352 καὶ
1052 306 1262 363 Τεγεήτας
1296 307 1455 361 μού-35

143 397 248 431 νους
259 395 268 404 ·

114 447 232 492 Ξῦπὸ
257 451 345 490 τῶν
383 447 529 502 ὄχθων
572 444 626 489 οὐ
665 444 851 498 κατώρα.

319 378 576 435 Ἀθηναίους
611 377 696 432 γάρ
737 377 1036 432 τραπομένους
1077 375 1119 427 ἐς
1157 374 1208 418 τὸ
1246 375 1399 418 πεδίον

913 443 1085 497 Πέρσας
1119 442 1166 486 δὲ
1204 441 1400 497 ὁρέοντες

142 514 423 571 ὁρμημένους
460 512 632 557 διώκειν
670 511 774 563 τούς
798 512 1010 567 Ἕλληνας
1047 511 1090 553 οἱ
1129 510 1274 553 λοιποὶ
1311 513 1400 553 τῶν

142 585 422 640 βαρβαρικῶν
457 581 613 624 τελέων
653 579 875 635 ἄρχοντες,
914 576 1069 620 αὐτίκα
1105 575 1261 628 πάντες
1288 573 1457 634 ᾗραν4ο

141 651 195 693 τὰ
224 650 406 706 σημήϊα,
446 648 519 692 καὶ
556 648 738 690 ἐδίωκον
775 645 834 696 ὠς
876 647 1027 688 ποδῶν
1064 644 1242 695 ἕκαστος
1272 642 1400 699 εἶχον,

113 724 136 759 3
179 717 200 731 31
323 717 331 731 Ι
521 713 529 728 5
607 714 616 729 ἱ
845 713 854 727 r
1055 711 1074 725 ‚l
1202 710 1211 723 Ι

146 734 244 762 ουτε
281 728 429 773 κοσμῳ
478 716 622 757 ουδενι
661 719 973 769 κοσμηθεντες,
1020 727 1121 755 ουτε
1160 713 1267 763 ταξι.

1326 711 1401 754 καὶ

144 779 267 828 οὗτοι
299 784 375 840 μὲν
404 785 490 837 βοῇ
517 782 652 825 τεκαὶ
682 781 816 838 ὁμίλῳ
843 778 1046 836 ἐπήϊσαν,
1077 778 1136 831 ὥς
1154 776 1401 835 ἀναρπασό-

140 868 266 908 μενοι
291 849 395 902 τούς
408 849 635 907 Ἕλληνας.

86 1052 153 1088 Gr·
174 1052 212 1097 ξ·
232 1055 312 1094 603
332 1068 420 1106 pag.
448 1056 554 1096 1210
573 1059 668 1091 nott.
695 1051 743 1090 ad

85 1107 227 1147 Herod.
263 1110 351 1160 VII,
389 1114 486 1151 211.
547 1111 651 1156 Quae
682 1123 744 1147 se-

88 1171 277 1217 quuntur:
309 1166 435 1218 ἐπεῖχέ
454 1181 494 1206 τε
523 1165 590 1206 ἐπὶ
610 1170 744 1205 Λακε-

88 1221 320 1270 δαιμονίους
377 1240 414 1262 κ.
471 1238 503 1262 τ.
560 1226 594 1262 λ.
654 1236 742 1259 cum

88 1276 449 1327 Schweighaeusero
478 1280 530 1316 sic
560 1278 740 1316 reddam:

88 1334 254 1370 aduersus
288 1336 580 1374 Lacedaemonios
609 1339 641 1372 et
671 1335 742 1372 Te-

87 1394 216 1440 geates
232 1392 320 1429 solos
338 1407 372 1430 se
393 1394 524 1431 direxit
538 1406 567 1429 s.
586 1394 741 1429 animum

89 1446 263 1493 attendet,-
290 1462 437 1500 namque
456 1449 676 1486 Athenienses
704 1450 741 1484 in

83 1503 265 1553 planitiem
307 1518 481 1544 conversos
519 1518 606 1554 prae
644 1504 743 1541 clivis

87 1559 136 1608 (s.
169 1561 399 1599 obstantibus
426 1559 545 1613 clivis)
572 1574 638 1598 non
657 1574 740 1597 con-

86 1621 258 1666 spexerat.
290 1639 344 1647 --
403 1620 461 1655 De
490 1630 585 1656 voce
617 1614 741 1668 ὄχθος

86 1672 136 1710 cf.
156 1674 235 1722 IX,
265 1674 331 1716 25.

143 1748 319 1802 διώκειν]
349 1756 406 1791 De
435 1754 609 1792 infinitivi
629 1752 741 1790 huius

86 1821 157 1845 usu
173 1811 250 1859 agit
269 1809 401 1849 Matth.
421 1813 486 1848 Gr.
509 1812 575 1849 Gr.
604 1812 641 1856 ξ.
663 1811 745 1850 532

88 1878 174 1915 pag·
199 1865 324 1914 1040,
357 1867 542 1919 qu11dem
579 1866 627 1904 ad
656 1879 744 1903 ver-

88 1922 181 1957 bum
208 1918 310 1973 εἶχον
340 1925 380 1960 in
417 1925 553 1975 plurali
581 1924 746 1974 positum

89 1990 273 2016 numero.
303 1981 369 2016 ubi
398 1979 585 2017 antecedit
611 1981 745 2029 singu-

88 2034 174 2070 laris
193 2048 372 2073 numerus
390 2036 562 2083 ἕκαστος,
583 2036 745 2073 conferri

91 2089 203 2128 debet
235 2105 323 2142 pag.
344 2096 438 2134 602.
491 2093 743 2130 Locutionem

90 2145 143 2193 ὦς
174 2149 311 2187 ποδῶν
346 2146 450 2200 εἶχον
479 2151 584 2199 attigi
610 2148 658 2185 ad
676 2150 742 2195 ΙΙΙ,

94 2206 157 2244 16.
207 2204 269 2241 Ad
289 2219 392 2257 seqq.
415 2203 505 2245 οὔτε
524 2203 655 2259 κόσμῳ
674 2200 744 2243 ου’-

94 2260 176 2298 δενὶ
206 2261 474 2314 κοσμηθέντες
502 2262 602 2303 conf.
643 2262 742 2310 Vm,

95 2317 146 2354 60
170 2318 205 2362 ᾗ.
233 2320 270 2357 3.

150 2395 226 2447 βοῇ
253 2411 292 2435 τε
308 2396 373 2436 καὶ
399 2395 538 2449 ὁμίλῳ]
568 2398 594 2435 i.
615 2411 649 2434 e.
672 2409 748 2436 cum

95 2450 238 2487 clamore
253 2467 293 2489 ac
306 2455 467 2491 tumultu.
484 2457 541 2491 De
553 2454 667 2492 dativi
678 2468 749 2491 usu

96 2505 182 2542 vide
205 2508 251 2544 sis
271 2509 403 2550 Matth.
422 2513 486 2551 Gr.
511 2514 576 2550 Gr.
603 2513 637 2556 ξ.
653 2510 748 2555 400,

99 2564 117 2600 1
158 2575 243 2612 pag.
261 2567 335 2604 731
365 2567 449 2603 coll.
481 2569 517 2613 ξ.
553 2567 633 2608 405
663 2574 743 2606 not.

95 2620 121 2656 2
152 2632 236 2668 pag.
263 2621 357 2660 741.
415 2622 476 2659 Ad
513 2625 745 2660 locutionem

96 2674 256 2722 faciunt,
310 2689 406 2727 qnae
441 2678 488 2715 ad
519 2680 608 2729 VII,
649 2683 746 2721 211·

96 2732 171 2779 ΠΙ,
211 2733 263 2771 79
289 2735 394 2769 attuli
426 2736 572 2772 similia.
618 2737 746 2788 Atque

97 2788 298 2826 Homerico
325 2802 431 2827 more
446 2793 654 2830 inconditum
670 2793 744 2831 cla-

798 1064 922 1090 morem
956 1055 989 1089 et
1022 1053 1160 1089 turbam
1196 1049 1259 1088 hic
1295 1048 1455 1087 indicari

800 1110 1015 1147 observarat
1043 1108 1319 1158 wesselingius
1345 1120 1455 1144 com-

799 1179 934 1216 parans
958 1166 1002 1201 Il.
1021 1167 1088 1211 XI,
1113 1164 1204 1205 460.
1229 1162 1456 1200 Plutarchus

799 1224 839 1259 in
857 1221 1009 1261 Aristid.
1037 1225 1087 1262 17
1118 1234 1204 1271 pag.
1223 1222 1302 1260 329
1326 1221 1374 1260 A.
1403 1220 1456 1256 sic

799 1277 902 1315 dedit
930 1277 1145 1314 Herodotea
1176 1277 1309 1327 procul
1339 1276 1456 1313 dubio

798 1336 1045 1386 exprimens.
1110 1332 1319 1384 ἐπεφέρετο
1373 1336 1457 1378 τοῖς

796 1390 1134 1441 Λακεδαιμονίοις
1198 1390 1277 1443 βοῇ
1327 1391 1456 1443 πολλῆ

796 1446 864 1486 καὶ
902 1443 1065 1514 πατάγῳ
1101 1459 1180 1484 των
1223 1429 1452 1495 βαρβάρων,

798 1519 851 1550 ως
881 1518 928 1542 ου
956 1517 1081 1554 μαχης
1117 1500 1324 1552 ἐσομένης,
1356 1497 1454 1539 ἄλλα

798 1555 1018 1628 φεύγοντας
1112 1553 1456 1608 ἀναρπασομένων

796 1613 889 1663 τούς
920 1613 1320 1666 Ἕλληνας.1ΐει(1ιιο
1350 1612 1454 1651 haud

794 1687 948 1710 necesse
973 1670 1094 1726 ὁμίλῳ
1119 1672 1288 1721 accipere
1310 1684 1378 1721 pro
1407 1685 1455 1709 ο-

797 1726 984 1781 μιλαδόν,
1036 1735 1100 1765 aut
1136 1734 1373 1764 commutare
1415 1727 1456 1763 in

797 1784 954 1838 κόμπῳ.
997 1785 1280 1821 proverbialem
1309 1785 1378 1821 sibi
1397 1784 1457 1820 vi-

801 1843 881 1880 deri
909 1843 1142 1880 locutionem
1171 1842 1335 1878 scribens
1354 1842 1458 1877 Mat-

799 1898 902 1936 thiae
924 1899 1074 1950 proprie
1093 1899 1219 1935 valere
1238 1897 1455 1935 contendit:

800 1969 876 1993 cum
902 1956 1055 1992 omnibus
1080 1957 1186 2004 copiis
1204 1957 1242 1991 in
1261 1968 1365 1991 unum
1381 1954 1455 1991 col-

799 2013 919 2060 lectis,
975 2024 1199 2062 comparans
1226 2012 1306 2059 111,
1360 2013 1454 2050 127.

798 2068 913 2106 Haud
932 2081 1023 2106 sane
1042 2067 1221 2120 equidem
1239 2068 1425 2117 intelligo.

857 2169 909 2217 ὥς
935 2166 1253 2221 ἀναρπασόμενοι,
1269 2164 1456 2215 tofis—‘'Ez-

800 2226 937 2277 ληνας]
968 2228 993 2263 i.
1016 2241 1050 2263 e.
1071 2230 1240 2275 tanquam
1258 2227 1371 2276 primo
1387 2227 1457 2262 im-

796 2288 881 2336 petn
904 2285 954 2329 (i.
977 2297 1010 2320 e.
1030 2283 1157 2332 facile)
1180 2284 1332 2320 Graecos
1353 2283 1458 2318 abre-

796 2342 899 2392 pturi
920 2354 948 2378 s.
970 2341 1176 2390 oppressuri.
1215 2341 1322 2375 Bene
1352 2339 1458 2375 Val-

804 2397 1034 2434 ckenaers
1074 2397 1225 2446 „Supra
1255 2397 1362 2442 VIII,
1402 2396 1456 2434 28

804 2453 979 2491 Thessali
1001 2452 1176 2489 dicuntm
1203 2467 1255 2498 ως
1281 2447 1460 2502 ἀναρπα-

806 2507 968 2561 σόμενοι
994 2524 1088 2555 τους
1114 2507 1299 2554 Φωκέας,
1335 2503 1459 2557 φερό-

807 2582 919 2618 μενοι
940 2565 1160 2605 ἐσέπεσον
1146 2564 1184 2611 ἐς
1208 2580 1302 2610 τους
1326 2559 1460 2613 οἷμφο-

803 2622 907 2674 ρέας.
968 2623 1001 2658 [¹
1006 2623 1063 2658 rbs
1083 2634 1160 2658 uno
1193 2622 1295 2657 velut
1313 2621 1458 2670 impetu

803 2686 911 2730 capta
932 2680 1149 2729 frequenter
1170 2675 1305 2714 dicitur
1334 2672 1457 2725 α’ναρ-

802 2736 1051 2787 πασθῆναι.“
1111 2735 1175 2771 Tu
1204 2734 1306 2775 conf.
1329 2734 1380 2771 ibi
1403 2733 1460 2770 al-

802 2793 892 2830 lata.
