1839 3292
345 215 374 254 8
748 208 1215 249 HERODOTI

345 322 558 373 Ὠκύτου,
590 321 835 375 Κορίνθιος
864 317 1124 374 στρατηγός,
1156 320 1246 361 τῶν
1268 322 1437 362 λοιπῶν
1466 317 1617 375 ἤσπαι-

349 407 398 446 ρε
445 393 633 446 μοῦνος,
687 389 881 444 φάμενος
931 386 1273 430 ἀποπλώσεσθαί
1315 403 1361 430 τε
1401 385 1486 430 ἀπό
1537 392 1618 431 τοῦ

339 458 614 513 Ἀρτεμισίου
653 457 727 499 καὶ
767 454 823 499 ού
861 455 1171 510 παραμενέειν,
1212 454 1324 506 πρὸς
1365 453 1417 510 δὴ
1457 459 1677 498 τοῦτονδο

319 525 446 570 3εἶπε
487 525 509 569 ὁ
546 524 860 581 Θεμιστοκλέης
889 523 1132 577 ἐπομόσας·
1190 520 1279 575 ,,Οὐ
1313 522 1367 566 σύ
1407 538 1454 578 γε
1486 523 1621 578 ἡμέας

349 593 642 648 ,,ἀπολείψεις,
674 593 764 636 ἐπεί
794 609 862 636 τοι
892 590 974 647 ἐγώ
1007 591 1117 646 μέζω
1149 592 1271 644 δῶρα
1303 590 1429 634 δώσω
1450 590 1479 646 ἢ
1499 593 1619 646 βασι-

349 661 477 716 ,,λεὺς
519 661 574 704 ἄν
611 680 678 706 τοι
721 661 744 706 ὁ
783 660 956 717 Μήδων
999 660 1178 715 πέμψειε
1219 657 1481 702 ἀπολιπόντι
1515 658 1622 709 τούς

350 728 675 786 ,,συμμάχους.“
733 727 870 772 ταῦτά
914 743 958 770 τε
990 726 1079 782 ἅμα
1108 725 1311 782 ἠγόρευε,
1362 727 1436 770 καὶ
1465 726 1622 781 πέμπει

323 798 424 842 4έπὶ
455 798 533 854 τὴν
552 798 630 841 νέα
650 797 730 854 τὴν
757 795 1040 852 Ἀδειμάντου
1060 793 1248 838 τάλαντα
1270 794 1486 849 ἀργυρίου
1507 795 1678 848 τρία.65

359 862 496 910 Οὗτοί
542 881 587 910 τε
627 864 680 921 δὴ
729 864 961 921 πληγέντες
998 865 1206 920 δώροισι,
1257 862 1622 918 ἀναπεπεισμένοι

299 1006 414 1042 verba
436 1004 610 1057 apodosis
624 1035 633 1053 ‚
663 1019 784 1058 quae,
815 1006 846 1043 si
867 1005 961 1058 quid

301 1063 426 1110 video,
451 1076 472 1099 a
489 1064 610 1100 verbis
626 1064 792 1114 proximi
808 1065 958 1115 capitis:

301 1115 406 1158 οὕτω
429 1117 477 1170 δὴ
510 1116 746 1170 κατέμεινάν
766 1135 805 1158 τε
825 1135 862 1161 κ.
878 1135 909 1158 τ.
927 1123 962 1160 λ.

301 1175 468 1213 exordiri
489 1175 615 1213 debet.
661 1177 734 1212 Ubi
754 1177 859 1212 enim
879 1178 963 1212 Eu-

300 1232 448 1284 rybiadi
476 1240 512 1269 et
532 1240 616 1283 post
637 1234 751 1269 etiam
771 1232 963 1269 Adiman-

301 1296 354 1336 to,
378 1291 442 1341 qui
463 1291 562 1326 solus
589 1290 844 1334 renitebatur,
874 1303 963 1340 per-

299 1353 466 1382 suaserat
486 1347 561 1394 ille,
584 1350 656 1383 tum
677 1346 811 1384 demum
827 1347 963 1383 Graeci

301 1404 342 1438 in
372 1404 533 1439 Euboea
561 1410 838 1440 remanserunt.
886 1405 965 1439 Ita-

303 1472 379 1511 que
424 1460 569 1511 reliqua
602 1460 719 1496 verba
748 1473 816 1511 pro
844 1461 965 1497 inter-

301 1516 408 1552 iectis
437 1514 614 1554 habenda
633 1523 721 1553 suut
742 1531 810 1568 per
830 1530 967 1567 paren-

303 1571 429 1609 thesin
451 1574 570 1624 quasi,
591 1574 693 1609 illata
713 1587 780 1623 per
800 1575 967 1624 particu-

304 1629 381 1666 lam
402 1626 502 1680 γάρ,
539 1643 637 1681 quae
666 1631 718 1666 ita
747 1644 901 1667 causam
922 1644 965 1667 ao

304 1688 493 1722 rationem
522 1686 713 1734 indicans,
750 1686 853 1724 haud
881 1700 966 1724 raro

305 1744 502 1779 interserta
538 1745 716 1781 orationis
750 1745 891 1781 iustum
924 1758 967 1781 ac

303 1800 521 1850 legitimum
543 1800 717 1837 ordinem
736 1802 891 1838 turbare
903 1814 968 1838 so-

307 1857 373 1894 let.
422 1856 570 1893 Eadem
600 1870 750 1907 prorsus
789 1859 884 1894 ratio
915 1865 969 1895 est

308 1913 382 1950 loci
403 1914 502 1960 VIII,
532 1917 556 1955 8
577 1915 658 1954 init.
694 1916 750 1950 De
772 1916 852 1965 ipso
874 1915 969 1952 Adi-

308 1974 430 2007 manto
451 1971 553 2007 conf.
577 1970 728 2007 Pseudo
742 1971 966 2010 -Plutarch.

308 2028 344 2062 11
364 2041 402 2077 p.
425 2030 503 2068 871
536 2027 581 2064 A.
605 2034 641 2064 et
660 2029 849 2065 Analectt.
878 2036 969 2067 vett.

310 2090 427 2134 poett.
450 2084 606 2122 Graece.
627 2085 645 2119 I
665 2099 703 2135 p.
724 2088 800 2126 133
822 2099 880 2122 nr.
902 2084 968 2132 41,

309 2140 376 2176 ubi
407 2139 643 2191 epitaphium
674 2142 752 2179 eius
781 2143 920 2193 legitur
949 2155 971 2178 a

310 2196 511 2234 Simonide
533 2199 803 2248 conscriptum.

369 2253 595 2303 Κορίνθιος
625 2252 857 2307 στρατηγός]
893 2257 973 2292 Re-

312 2311 446 2347 vocavi
467 2322 555 2347 cum
568 2309 788 2361 Schweigh.
805 2319 841 2348 et
853 2313 971 2350 Gaisf.

316 2367 538 2417 Κορίνθιος
570 2381 604 2405 e.
633 2368 743 2406 codd.
772 2381 972 2416 consensu,

314 2430 356 2459 ut
386 2425 485 2471 VIII,
520 2423 573 2463 94
601 2426 686 2461 init.
740 2426 833 2463 Sine
862 2439 973 2462 causa

316 2478 510 2518 Schaefer.
527 2510 537 2528 ,
596 2495 713 2533 quem
763 2490 975 2534 sequuntur

316 2534 449 2572 Matth.
472 2544 507 2573 et
522 2536 704 2586 Bekker.‚
726 2540 973 2589 Κορινθίων.

315 2594 394 2629 Nec
411 2593 516 2629 aliter
531 2595 637 2631 Valla
654 2597 848 2646 expressit.
876 2597 974 2633 Ver-

317 2650 365 2685 ba
385 2650 559 2699 proxime
581 2653 780 2702 sequentia
801 2654 880 2690 τῶν
895 2656 973 2692 λοι-

316 2707 407 2744 πῶν
427 2706 466 2740 iu
488 2707 657 2756 pluribus
686 2708 798 2746 codd.
823 2708 971 2748 desunt.

371 2758 561 2814 ἤσπαιρε]
592 2763 714 2801 Affert
731 2765 867 2803 suidas
886 2780 915 2806 s.
936 2780 974 2803 ν.

317 2820 331 2854 1
353 2830 440 2869 pag.
465 2821 514 2859 81
538 2820 708 2873 itemque
729 2822 899 2862 Eustath.
925 2822 973 2860 ad

1018 1007 1060 1044 Π.
1086 1019 1172 1057 pag.
1195 1005 1292 1052 410,
1313 1003 1366 1045 34
1387 1019 1415 1042 ε.
1437 1006 1532 1053 326,
1554 1003 1592 1051 4,
1614 1005 1681 1041 ubi

1019 1059 1232 1113 ἀσπαίρειν
1274 1064 1543 1113 interpretatur
1580 1077 1679 1111 προ-

1018 1124 1257 1170 θυμεῖσθαι.
1288 1120 1338 1155 Et
1364 1119 1496 1155 confer
1527 1131 1682 1170 quoque

1018 1175 1311 1213 Pseudo-Plut.
1333 1177 1369 1212 II
1408 1188 1495 1227 pag.
1520 1178 1601 1216 327
1637 1176 1682 1212 C.

1020 1230 1405 1281 Schweighaeuserus
1446 1246 1535 1269 cum
1564 1234 1682 1269 Porto

1021 1296 1056 1326 et
1096 1290 1354 1338 WVesselingio
1392 1290 1681 1339 interpretatur:

1015 1359 1104 1397 prae
1118 1349 1209 1382 metu
1227 1346 1447 1395 palpitabat,
1466 1345 1684 1396 trepidabat.

1021 1402 1215 1453 Equidem
1237 1403 1369 1438 malim
1400 1415 1489 1439 cum
1519 1402 1627 1438 Valla
1647 1409 1684 1439 et

1022 1459 1323 1497 Valckenaerio:
1347 1459 1602 1507 reluctabatur,
1622 1460 1685 1496 ob«

1023 1516 1240 1563 luctabatur,
1262 1523 1302 1552 ut
1328 1517 1397 1562 IX,
1414 1517 1506 1555 119.
1527 1515 1684 1553 Aristid.

1021 1575 1039 1610 I
1060 1587 1098 1624 p.
1122 1574 1202 1614 356
1223 1586 1251 1610 S.
1274 1572 1354 1613 545
1376 1571 1491 1609 Dind.
1540 1574 1685 1610 Probat

1022 1628 1241 1670 Blomfield.
1271 1630 1309 1665 in
1343 1631 1505 1666 Glossar.
1536 1629 1585 1665 ad
1605 1631 1686 1666 Ae-

1023 1686 1143 1731 schvl.
1165 1688 1270 1724 Pers.
1295 1688 1388 1734 970,
1421 1686 1486 1722 ubi
1511 1686 1588 1725 vid.
1638 1688 1685 1723 In

1025 1732 1142 1796 quam
1162 1744 1390 1780 sententiam
1412 1744 1526 1779 etiam
1553 1745 1687 1795 Negris

1024 1803 1292 1851 interpretatur
1326 1796 1582 1851 ἠναντιοῦτο.
1640 1803 1686 1837 In

1025 1871 1131 1909 seqq.
1156 1870 1224 1908 pro
1253 1852 1571 1896 ἀποπλώσεσθαι
1595 1859 1687 1894 Flo-

1026 1917 1198 1952 rentinus
1243 1915 1385 1966 aliique
1435 1909 1688 1954 οἷποττλεύσεκ

1027 1976 1140 2011 σθαι.

1082 2024 1207 2067 ταῦτά
1235 2041 1283 2065 τε
1299 2023 1383 2077 ἅμα
1402 2022 1576 2079 ἠγόρευε,
1601 2026 1687 2066 καὶ

1026 2083 1186 2135 πέμπει]
1230 2085 1288 2120 De
1316 2097 1387 2120 usu
1414 2084 1687 2133 particularum

1028 2139 1212 2180 τε-καὶ
1233 2140 1310 2176 dixi
1333 2140 1381 2177 ad
1401 2141 1466 2188 111,
1492 2140 1600 2180 135.-

1089 2192 1211 2237 Οὗτοί
1235 2211 1274 2235 τε
1296 2194 1346 2247 δή
1376 2196 1588 2250 πληγέντες
1610 2193 1689 2236 δεό-

1030 2255 1153 2305 ροισι]
1218 2252 1330 2299 Quod
1368 2267 1436 2304 pro
1476 2252 1690 2305 πληγέντες

1028 2312 1267 2348 Florentinus
1297 2324 1387 2348 cum
1416 2318 1579 2363 quatuor
1610 2311 1690 2348 aliis

1029 2367 1143 2409 codd,
1172 2367 1287 2404 habet
1315 2364 1472 2416 πάντες,
1502 2367 1542 2404 id
1573 2381 1621 2404 ex
1639 2368 1689 2404 li-

1028 2426 1254 2471 brariorum,
1313 2426 1450 2476 quibus
1487 2425 1688 2474 vulgatum

1030 2482 1159 2519 durius
1189 2483 1334 2529 visum,
1359 2482 1515 2531 ingenio
1544 2480 1689 2517 derivat

1029 2540 1087 2576 W
1089 2539 1320 2589 esselingius,
1337 2551 1561 2589 comparans
1578 2537 1688 2574 The-

1029 2597 1145 2632 mistii
1164 2596 1293 2632 locum
1314 2597 1414 2633 Orat.
1435 2596 1470 2631 ΙΙ
1491 2609 1529 2645 p.
1550 2597 1603 2634 26
1623 2595 1686 2642 A.,

1030 2654 1096 2689 ubi
1145 2653 1306 2702 legimus
1364 2649 1572 2697 ταλάντοις
1615 2646 1689 2691 ου’κ

1032 2709 1174 2759 ἔτρωσε
1217 2704 1304 2747 οὐδ’
1341 2707 1506 2758 ἔκαμψε.
1566 2707 1689 2757 Magis

1030 2765 1108 2803 huc
1141 2766 1229 2801 facit
1258 2763 1453 2802 Plutarch.
1490 2761 1688 2802 Demosth.

1033 2822 1085 2864 25
1107 2836 1143 2873 p.
1167 2822 1248 2863 857
1269 2823 1316 2861 D.
1355 2820 1580 2875 πληγεὶς
1607 2817 1689 2859 ὕπο
