1839 3292
384 238 452 275 DE
480 236 605 274 VITA
632 235 706 272 ET
739 233 973 272 SCRIPTIS
1000 233 1281 272 HERODOTI.
1485 240 1568 280 431

769 393 807 438 §.
829 393 891 432 18.

199 520 257 555 De
278 516 461 554 Herodoti
480 515 702 552 editionibus
718 520 866 564 praeter
886 525 941 561 ea,
955 526 1051 564 quae
1070 514 1300 565 VVesseling.
1317 521 1354 551 et
1369 512 1570 565 Schweig-

89 573 258 613 haeuser.
290 576 329 611 in
357 574 519 611 Praefat.
550 578 801 616 monuerunt,
836 568 914 606 vid.
942 571 1177 619 potissimum
1208 572 1368 608 Fabricii
1386 572 1570 610 Biblioth.

89 633 224 669 Graec.
253 633 289 667 II
314 645 351 681 p,
375 634 455 671 357
485 642 564 680 seq.
595 629 679 665 coll.
705 625 935 676 Schweiger.
963 626 1192 664 Handbuch.
1216 627 1253 665 d.
1287 629 1393 666 class.
1421 629 1570 665 Biblio-

89 687 224 739 graph,
253 690 271 724 Ι
299 701 386 739 pag.
418 688 495 727 138
522 698 601 736 seq.
681 685 758 720 Nos
793 680 856 718 hic
893 683 1023 732 paucis
1057 689 1207 720 tantum
1239 685 1436 735 primarias
1466 684 1571 722 indi-

88 746 269 782 cabimus.

199 803 256 838 Ac
266 801 431 851 primum
452 796 607 849 quidem
625 795 754 832 Latine
771 793 910 846 prodiit
928 793 1142 833 Herodotus
1156 795 1323 833 Venetiis
1338 809 1438 834 anno
1462 796 1569 838 1574

88 857 156 898 fol.
175 871 244 907 per
261 856 495 894 Lau-rentium
520 853 658 890 Vallum
680 866 699 888 e
721 854 865 889 Graeco
886 853 925 887 in
945 853 1128 889 Latinum
1148 866 1362 892 conversus.
1419 856 1465 891 In
1494 867 1570 906 qua

89 916 264 951 versione
282 913 429 962 saepius
460 909 548 947 dein
571 910 667 961 typis
688 910 845 959 repetita
865 909 953 945 licet
967 907 1070 945 haud
1086 922 1207 959 pauca
1235 912 1425 962 requiras,
1448 912 1569 948 multa

85 970 173 1006 licet
191 970 285 1006 falso
317 967 463 1005 reddita
484 974 548 1003 aut
571 969 685 1003 etiam
706 967 818 1016 plane
833 966 969 1002 omissa
991 973 1211 1017 corruptave
1230 967 1422 1013 invenias,
1452 967 1500 1005 ad
1518 969 1569 1004 il-

84 1026 157 1063 lius
178 1027 308 1062 aetatis
329 1023 585 1062 conditionem
606 1036 757 1075 quoque
773 1021 1051 1073 respiciendum
1071 1030 1147 1070 est,
1176 1036 1301 1075 neque
1328 1024 1423 1061 illud
1455 1037 1569 1076 prae-

86 1081 375 1129 ten-videndum,
417 1095 437 1116 e
471 1080 602 1117 codice
630 1082 775 1117 Graeco
800 1080 880 1129 ipso
898 1080 1003 1115 illam
1030 1092 1108 1115 esse
1136 1079 1276 1116 factam
1305 1082 1461 1133 eiusque
1480 1095 1569 1132 spe-

85 1141 184 1176 ciem
207 1138 401 1191 quandam
419 1138 470 1173 ita
486 1137 642 1183 referre,
677 1143 718 1173 ut
735 1167 744 1183 ‚
773 1135 865 1187 quid
894 1137 934 1172 in
966 1136 1161 1172 volumine
1196 1138 1341 1174 Graeco
1374 1139 1567 1186 exstiterit,

85 1195 174 1232 inde
204 1197 368 1245 colligas.
426 1195 548 1239 Quare
578 1194 792 1229 maximum
825 1193 903 1229 eius
934 1205 1047 1228 usum
1078 1205 1156 1229 esse
1176 1193 1214 1230 in
1236 1207 1276 1229 re
1299 1194 1426 1231 critica
1446 1195 1568 1246 quivis

86 1253 275 1302 intelligit.
333 1251 461 1288 Vallae
483 1257 610 1286 autem
631 1263 720 1286 cum
739 1250 850 1285 multi
869 1249 988 1285 multa
1009 1250 1271 1299 exprobrarint
1290 1249 1414 1303 deque
1432 1252 1568 1289 Latina

86 1310 178 1345 Eius
225 1309 395 1345 versione
434 1308 597 1343 multum
649 1306 879 1342 detraxerint
895 1335 904 1353 ,
950 1306 1056 1342 iuvat
1085 1318 1299 1357 apponere,
1358 1321 1455 1359 quae
1482 1315 1568 1359 post

86 1365 289 1402 Erasmuln
317 1372 354 1401 et
382 1365 507 1414 ipsum
536 1364 663 1399 Vallae
709 1363 1011 1412 patrocinantem
1039 1363 1184 1412 scripsit
1206 1376 1377 1400 summus
1408 1366 1568 1401 Wesse-

85 1421 224 1472 lingius
245 1423 398 1458 Dissert.
419 1419 559 1456 Herod.
580 1421 667 1456 VIII
686 1433 722 1470 p.
743 1417 820 1458 75:
855 1419 1000 1466 „Vertit
1027 1419 1056 1454 is
1078 1420 1250 1455 omnium
1270 1421 1413 1470 primus
1441 1423 1568 1458 Hero-

87 1478 164 1515 doti
192 1480 317 1515 Musas
355 1484 391 1514 et
419 1484 521 1514 veste
549 1477 684 1512 Latina
707 1475 853 1512 ornavit
880 1487 958 1511 non
985 1487 1135 1524 prorsus
1176 1476 1404 1526 inelegante.
1479 1479 1567 1514 Non

87 1534 243 1586 quidem
263 1547 395 1571 eorum
418 1534 563 1570 nescius
584 1546 669 1569 sum
682 1561 691 1579 ,
725 1544 823 1584 quae
842 1532 886 1567 P.
907 1533 1002 1570 Dan.
1026 1532 1184 1568 Huetius
1202 1533 1243 1567 in
1264 1546 1352 1568 eum
1372 1534 1471 1582 iecit,
1494 1547 1568 1570 ne·-

85 1604 162 1643 que
175 1592 284 1628 facile
299 1590 497 1637 admisero,
530 1592 732 1625 oscitantem
752 1590 893 1637 saepius
917 1591 949 1624 et
969 1588 1063 1624 alias
1081 1601 1134 1624 res
1157 1592 1315 1636 agentem
1335 1591 1447 1639 fidem
1469 1590 1567 1640 apud

84 1649 239 1685 eruditos
268 1648 450 1684 decoxisse.
519 1646 691 1692 Erravit,
731 1645 852 1681 fateor
871 1657 982 1694 saepe
997 1672 1008 1691 ,
1048 1643 1225 1695 deceptus
1246 1644 1384 1683 codicis
1403 1647 1460 1683 sui
1473 1647 1567 1683 scri-

84 1704 216 1755 ptura,
246 1717 358 1754 saepe
383 1716 536 1755 quoque
556 1702 699 1752 ingenii
718 1702 813 1738 vires
835 1699 938 1737 haud
961 1701 1058 1737 bene
1076 1700 1296 1750 intendens,
1326 1709 1370 1740 ut
1390 1716 1434 1740 ea
1453 1716 1567 1754 prae-

84 1768 252 1807 teream,
289 1773 387 1812 quae
410 1762 450 1796 111
478 1760 619 1795 Latinis
649 1759 728 1794 eius
757 1758 1043 1807 flagitiosissime
1070 1765 1158 1795 suut
1186 1766 1374 1809 corrupta.
1431 1761 1483 1797 At
1516 1759 1567 1797 da

83 1816 179 1853 mihi
195 1819 438 1867 interpretem
451 1845 460 1863 ,
497 1817 561 1867 qni
580 1816 722 1865 primus
745 1815 933 1850 Graecum
952 1815 1174 1865 scriptorem
1193 1816 1328 1852 Latine
1354 1817 1459 1867 loqui
1493 1815 1566 1854 do-

85 1874 224 1921 cuerit,
263 1874 308 1909 ab
347 1874 451 1909 omni
480 1878 634 1922 peccato
661 1872 889 1907 immunem.
945 1869 1031 1907 Vid.
1062 1869 1200 1919 Poggiz'
1224 1873 1359 1909 Latina
1377 1872 1563 1921 ,Diodorit

85 1936 273 1980 quantum
294 1941 383 1965 vero
400 1928 601 1966 discrimen
621 1926 833 1964 Diodorum
853 1927 951 1962 inter
972 1933 1008 1963 et
1024 1926 1282 1976 Herodotum,
1314 1936 1408 1981 quot
1428 1943 1506 1966 non
1525 1931 1565 1966 in

84 1987 156 2023 illis
186 1983 416 2023 commissa?
474 1984 552 2022 Sed
581 1983 622 2020 id
651 1996 730 2020 non
765 1984 931 2033 agimus,
961 1989 1004 2019 ut
1026 1983 1155 2019 Vallae
1178 1985 1300 2021 versio
1334 1987 1456 2022 omnis
1476 1999 1566 2036 pec-

85 2043 158 2079 cati
177 2044 222 2079 sit
245 2055 392 2092 experS.
449 2042 569 2078 Multa
590 2039 854 2076 animadvertit
881 2045 918 2075 et
947 2037 1078 2075 dextre
1098 2040 1245 2077 sanavit
1272 2041 1330 2077 vir
1348 2054 1454 2078 rarae
1475 2055 1567 2079 eru—

86 2098 236 2136 ditionis
257 2105 294 2135 et
313 2097 518 2135 modestiae
534 2098 673 2134 Paulus
692 2095 911 2146 Leopardus
924 2124 934 2143 ‚
964 2097 1073 2145 plura
1092 2097 1141 2134 H.
1163 2094 1393 2147 Stephanus.
1450 2097 1565 2135 Haud

84 2162 212 2193 tamen
239 2168 359 2205 pauca
389 2162 494 2202 sunt,
529 2167 626 2205 quae
654 2154 706 2189 1111
725 2152 903 2203 imputari
921 2153 1068 2200 solent,
1100 2165 1263 2204 quorum
1283 2154 1434 2204 culpam
1453 2168 1566 2205 prae-

44 2248 47 2253 s
85 2219 181 2249 stare
200 2225 279 2248 non
300 2210 424 2248 debet.
483 2210 667 2256 schedae,
699 2223 789 2261 quas
809 2211 906 2246 inter
924 2207 1151 2246 vertendum
1170 2211 1375 2259 usurpavit,
1397 2213 1564 2261 primore

85 2269 126 2304 in
145 2269 238 2304 libro
259 2269 384 2304 multis
404 2268 570 2318 partibus
601 2266 769 2303 defectae
789 2267 1021 2317 mutilaeque
1042 2267 1188 2306 erant.“
1242 2268 1322 2304 Nec
1335 2268 1441 2304 aliter
1459 2267 1565 2305 idem

86 2325 360 2374 Wesselingius
386 2324 564 2361 iudicavit
604 2325 644 2360 in
671 2323 827 2373 praefat.
894 2321 1078 2359 Herodot.
1117 2324 1153 2368 ξ.
1186 2326 1225 2363 3.
1283 2324 1411 2369 Quum
1449 2325 1565 2375 igitur

86 2380 216 2416 Vallae
234 2381 352 2417 versio
373 2382 506 2417 Latina
530 2379 631 2417 haud
654 2381 781 2431 paucis
809 2379 900 2416 locis
929 2380 975 2415 ab
996 2380 1157 2416 auctoris
1177 2386 1308 2416 mente
1330 2381 1479 2418 aberret
1499 2387 1565 2418 aut

87 2435 182 2472 adeo
210 2437 366 2473 obscura
393 2439 458 2486 sit,
492 2444 531 2474 ut
559 2436 651 2489 quid
682 2438 846 2473 Graecus
877 2437 1046 2487 scriptor,
1078 2435 1170 2488 quid
1200 2438 1387 2487 Interpres
1407 2438 1564 2475 Latinus

87 2492 213 2529 dicere
231 2493 414 2541 voluerit,
459 2494 648 2531 incertum
668 2494 715 2530 sit
728 2522 738 2540 ,
771 2506 966 2545 quumque
996 2499 1033 2530 et
1053 2493 1265 2529 Gronovius
1293 2500 1330 2530 et
1351 2494 1563 2530 Wesselin-

86 2550 169 2599 gius
183 2547 287 2585 haud
306 2561 424 2599 pauca
445 2551 614 2601 quamvis
634 2549 861 2600 refingentes
881 2551 952 2586 0110
972 2561 1093 2601 eaque
1112 2550 1275 2599 plurima
1304 2550 1444 2587 intacta
1471 2551 1564 2587 reli·-

86 2605 247 2656 querint,
266 2612 384 2642 totam
402 2607 576 2643 Latinam
593 2607 805 2644 versionem
826 2605 873 2643 de
891 2606 1038 2655 integro
1058 2605 1245 2655 refingere
1264 2617 1426 2658 eamque
1441 2607 1564 2644 Grae-

86 2663 138 2698 cis
167 2662 289 2698 verbis
316 2662 357 2697 in
383 2675 450 2698 sua
480 2662 642 2700 editione
661 2663 846 2699 subiicere
866 2660 1229 2711 Schweighaeusero
1258 2662 1383 2700 visum
1406 2669 1483 2702 est:
1513 2663 1562 2701 de

86 2730 163 2770 quo
186 2718 264 2754 eius
285 2718 438 2755 consilio
459 2719 558 2755 conf.
577 2718 758 2756 Eiusdem
777 2719 939 2757 Praefat.
962 2719 1231 2769 p.XI-XIII.

201 2773 348 2810 Graecis
373 2774 487 2811 literis
525 2788 718 2825 expressae
746 2776 912 2826 primum
938 2772 1110 2825 prodiere
1136 2775 1176 2811 in
1213 2774 1341 2811 lucem
1376 2774 1561 2813 Herodoti

86 2829 216 2867 Musae
236 2830 400 2868 Venetiis
423 2829 525 2882 apud
543 2831 672 2870 Aldum
694 2830 900 2870 Manutium
921 2830 1028 2872 1502
1047 2837 1084 2869 et
1101 2829 1192 2868 inde
1220 2829 1427 2883 descriptae
1445 2833 1559 2871 Basil.
