1839 3292
366 178 449 218 17⁰

766 182 1227 222 HERODOTl

363 302 488 341 μενοι
517 288 562 330 οἱ
590 291 821 345 στρατηγοὶ
851 291 1099 344 διενέμοντο
1129 291 1207 342 τοὶς
1235 291 1414 348 ψήφους
1444 294 1512 337 ἐπὶ
1541 298 1624 339 τοῦ

365 355 666 406 Ποσειδέωνος
694 361 753 413 τῷ
775 360 920 414 βωμῷ,
943 358 1021 401 τὸν
1038 362 1213 413 πρῶτον
1233 361 1306 402 καὶ
1325 360 1402 404 τὸν
1419 362 1622 416 δεύτερον
1634 369 1680 405 70

362 425 585 476 κρίνοντες
615 423 661 466 ἐκ
690 423 886 467 πάντων·
917 425 1109 469 ἐνθαῦτα
1138 431 1220 477 πᾶς
1248 445 1313 479 τις
1344 427 1491 472 αὐτῶν
1519 430 1623 474 ἑωυ-

359 493 419 546 τῷ
448 491 611 533 ἐτίθετο
640 490 720 546 τήν
756 495 924 547 ψῆφον,
955 492 1087 546 αὐτὸς
1116 495 1296 548 ἕκαστος
1335 496 1503 540 δοκέων
1531 497 1624 553 ἄρι-

360 570 458 609 στος
492 558 713 613 γενέσθαι·
766 559 948 615 δεύτερα
978 561 1035 615 δὲ,
1067 564 1110 605 οἱ
1137 565 1292 607 πολλοὶ
1313 563 1622 615 συνεξέπιπτον

332 629 653 681 3Θεμιστοκλέα
681 630 913 682 κρίνοντες.
944 630 988 672 οἵ
1015 631 1092 685 μὲν
1123 631 1175 687 δή
1206 631 1498 686 ἐμουνοῦντο·
1548 636 1625 675 Θε-

361 696 614 752 μιστοκλέης
669 698 715 741 δὲ
760 699 1040 753 δευτερείοισι
1081 697 1398 756 ὑπερεβάλλετο
1439 698 1678 743 noudum

308 905 430 947 1148.
487 905 599 944 Redit
630 901 710 946 ἆνοὲ
747 905 820 944 hoc
849 920 963 944 sensu

307 976 390 1014 cap.
411 963 502 1003 124.

365 1019 617 1071 διενέμοντο]
678 1019 809 1054 Plures
849 1018 960 1057 codd.

307 1074 489 1127 διένεμον
506 1107 515 1124 ,
548 1075 623 1112 duo
645 1088 797 1126 quoque
819 1075 902 1110 libri
925 1073 964 1113 ἔ-

307 1147 444 1183 φερον,
467 1131 569 1184 quod
601 1131 703 1167 idem
726 1133 762 1166 iu
784 1132 874 1167 locis
890 1143 961 1180 ge—

305 1190 419 1226 minis
430 1196 548 1225 exstat
566 1186 758 1223 Plutarchi
770 1186 958 1227 Themist‚

307 1249 359 1286 17
381 1259 418 1296 p.
451 1248 527 1286 120
550 1246 597 1281 D.
625 1243 778 1281 Aristid.
809 1245 844 1280 11
870 1257 958 1295 pag.

304 1303 399 1350 218,
430 1303 496 1338 ubi
512 1301 625 1338 duces
647 1314 770 1337 exara
790 1298 862 1352 τήν
876 1303 961 1351 ψῆ-

304 1372 386 1408 φον
407 1357 542 1410 φέρειν
569 1364 779 1394 narrantur.
838 1359 961 1409 Equi-

304 1414 394 1452 dem
451 1414 623 1451 medium
685 1414 823 1450 retinui
873 1427 962 1450 cum

313 1471 527 1509 Valcken.
559 1472 611 1508 sic
632 1477 841 1507 statuente:
879 1472 961 1516 „A-

303 1526 428 1565 thenis
467 1540 579 1564 causa
615 1528 807 1578 utrimque
848 1525 960 1575 dicta,

305 1585 372 1637 qui
387 1583 572 1621 iudicibus
593 1583 867 1621 distribuebant
881 1585 962 1621 siu-

304 1641 402 1692 gulis
423 1638 492 1688 τοῖς
510 1637 583 1680 δύο
604 1636 786 1690 ψήφους,
821 1639 861 1676 hi
887 1640 961 1677 dici

304 1705 480 1749 poterant
541 1697 740 1746 διανέμειν
768 1694 839 1743 τὰς
875 1693 962 1748 ψή-

304 1770 410 1804 φους
459 1755 590 1804 [Couf.
633 1753 878 1797 Schoelnaun
928 1761 965 1791 et

303 1812 424 1849 Meier
443 1810 600 1849 Attisch.
614 1812 783 1848 Process.
799 1825 836 1862 p.
848 1812 966 1859 676].

305 1867 385 1906 Sed
414 1868 517 1918 apud
558 1866 797 1904 Herodotum
829 1868 964 1904 Graeci

305 1924 420 1962 duces
436 1927 525 1962 iuter
552 1939 587 1962 se
616 1924 768 1962 calculos
799 1924 962 1961 dividen-

303 1985 376 2029 tes,
417 1984 552 2034 quibus
591 1982 732 2018 ferrent
770 1980 960 2031 suffragia,

305 2037 532 2089 διενέμοντο
547 2035 617 2085 τοὶς
636 2035 815 2088 ψήφους,
828 2045 864 2074 et
873 2040 960 2091 qui-

305 2094 396 2132 dem
415 2095 479 2135 ε’ττὶ
504 2097 576 2134 τοῦ
599 2093 872 2141 Ποσειδέωνος
905 2097 960 2148 τῷ

304 2153 427 2203 βωμῷ
459 2152 508 2189 acl
536 2152 650 2189 altare
700 2151 847 2188 Isthmii
881 2149 959 2188 Ne-

297 2212 421 2259 ptum'3
470 2216 512 2246 ut
542 2210 613 2245 Dei
634 2209 828 2245 maiestate
862 2209 958 2245 moti

302 2272 430 2302 sancte
451 2265 675 2310 iudicarent,
705 2262 775 2304 τόν
797 2267 958 2316 πρῶτον

303 2321 372 2361 καὶ
421 2319 486 2361 τὸν
531 2317 717 2372 δεύτερον
759 2321 960 2370 κρίνοντες

305 2380 402 2427 (sive
455 2377 674 2429 κρινέοντες
720 2376 959 2428 iudicaturi),

305 2434 348 2475 ἐκ
386 2431 562 2474 πάντων.
620 2433 836 2470 Herodotea
868 2435 962 2469 Plu-

304 2491 455 2530 tarchus
483 2493 748 2542 interpretatur
775 2494 814 2527 in
852 2489 962 2527 The-

305 2550 464 2585 mistocl.
484 2552 533 2589 17
553 2563 592 2599 p.
616 2550 694 2588 120
728 2549 775 2584 D.
807 2543 962 2597 α’ναχω-

306 2601 494 2656 ρήσαντες
521 2605 576 2651 εἰς
597 2599 666 2643 τὸν
682 2601 851 2654 Ἰσθμόν
879 2600 959 2644 dno*

305 2663 378 2700 τοῦ
400 2662 538 2712 βωμοῦ
557 2658 629 2711 τήν
650 2663 796 2711 ψῆφον
815 2659 960 2711 ἔφερον

307 2717 349 2757 οἱ
363 2718 579 2768 στρατηγοί.
619 2719 702 2754 Hoc
724 2716 882 2753 Athenis
903 2723 961 2754 et-

305 2775 383 2812 iam
402 2786 680 2826 nonnunquam
688 2774 833 2812 factum
842 2775 961 2827 liquet

1019 920 1067 943 ex
1087 905 1332 943 Demosthen.
1354 908 1411 943 De
1427 907 1565 945 Coron.
1587 920 1676 958 pag.

1023 966 1099 1003 162
1115 962 1167 1013 [p.
1189 964 1288 1011 271]
1327 964 1387 1000 Or.
1411 978 1441 1001 c.
1463 966 1617 1002 Macart.
1637 979 1676 1015 p.

1019 1022 1094 1058 601
1123 1021 1197 1069 [p.
1230 1020 1347 1068 1054,
1376 1022 1488 1069 10].“
1546 1022 1676 1072 Atque

1018 1073 1092 1111 hoc
1148 1083 1310 1127 utroque
1372 1076 1458 1113 loco
1504 1078 1676 1114 iuvenies

1020 1127 1102 1169 ἆπὸ
1148 1134 1218 1170 τοῦ
1253 1133 1393 1183 βωμοῦ
1433 1133 1571 1185 φέρειν
1602 1131 1677 1185 τήν

1014 1189 1174 1237 ψῆφον.

1073 1239 1194 1290 αὐτός
1222 1242 1383 1290 ἕκαστος
1405 1242 1557 1284 δοκέων
1584 1242 1676 1296 ὅρι-

1017 1312 1105 1346 στος
1127 1300 1330 1352 γενέσθαι]
1362 1302 1389 1337 i.
1415 1315 1447 1340 e.
1471 1315 1548 1339 cum
1568 1315 1677 1339 unus-

1018 1360 1161 1407 quisque
1210 1358 1278 1394 sibi
1315 1357 1493 1395 ve‘deretur
1527 1361 1676 1409 optimus

1011 1413 1138 1464 fuisse.
1200 1414 1285 1451 vid.
1317 1415 1363 1451 G.
1385 1417 1595 1451 Hermann.
1626 1414 1676 1452 ad

1018 1472 1142 1521 Viger.
1176 1483 1213 1520 p.
1238 1474 1330 1510 753.
1361 1492 1416 1499 -
1446 1468 1609 1523 δεύτερα
1630 1469 1674 1511 δὲ

1016 1528 1071 1563 nil
1093 1526 1194 1563 aliud
1226 1540 1303 1562 esse
1324 1534 1416 1578 puto
1432 1530 1502 1564 uisi
1522 1532 1609 1576 tum,
1633 1535 1676 1566 ut

1017 1597 1052 1623 v.
1066 1585 1186 1622 e.'x'II.
1208 1586 1274 1624 28.
1293 1585 1380 1628 143,
1401 1583 1554 1635 quando
1564 1598 1676 1635 prae-

1018 1639 1117 1677 cedit
1137 1642 1275 1692 πρῶτα
1287 1637 1356 1689 μὲν
1368 1642 1558 1678 velsimite
1569 1640 1675 1693 quid.

1023 1721 1073 1726 -
1107 1696 1169 1733 Ad
1198 1697 1358 1733 verbum
1394 1697 1676 1746 συνεξέπιπτον

1021 1754 1122 1794 conf.
1145 1755 1221 1790 citt.
1244 1752 1291 1790 ad
1312 1755 1410 1802 Vm,
1432 1756 1497 1796 49.

1076 1807 1380 1861 ὕπερεβάλλετο]
1416 1812 1441 1848 i.
1464 1825 1498 1848 e.
1521 1813 1676 1856 eminuit,

1020 1868 1085 1903 ubi
1103 1869 1334 1904 accusativus
1350 1881 1532 1918 personae
1551 1868 1676 1918 negli-

1020 1925 1131 1974 gitur,
1161 1923 1228 1960 sed
1259 1923 1404 1962 dativus
1437 1926 1491 1961 rei
1510 1923 1674 1972 additur,

1016 1988 1056 2017 ut
1087 1982 1116 2028 I,
1139 1983 1203 2021 61.
1225 1982 1294 2025 IX,
1321 1984 1387 2022 71.
1447 1983 1552 2018 Unus
1581 1982 1676 2018 liber

1016 2038 1116 2073 male
1139 2036 1202 2074 dat
1223 2035 1475 2088 ὑπερέβαλλε.
1536 2038 1674 2074 caete-

1017 2107 1103 2130 rum
1133 2107 1212 2130 nou
1246 2093 1415 2132 dissentit
1450 2093 1674 2131 Plutarchus

1016 2150 1283 2195 (Themistocl.
1316 2154 1364 2190 17
1393 2152 1479 2189 coll.
1500 2149 1674 2187 Pseudo-

1014 2208 1117 2243 Plut.
1147 2208 1183 2243 11
1210 2219 1296 2257 pag.
1318 2208 1396 2247 871
1423 2208 1485 2254 D.)
1516 2207 1562 2243 ab
1593 2208 1675 2243 He-

1015 2263 1162 2310 rodot0‚
1175 2276 1330 2299 narrans
1354 2262 1467 2300 duces
1488 2264 1672 2314 primum,

1015 2333 1054 2356 se
1075 2333 1267 2371 quemque
1288 2321 1424 2357 virtute
1438 2321 1673 2371 praestitisse,

1017 2384 1101 2427 post
1121 2390 1160 2413 se
1189 2376 1501 2424 Themistoclem,
1525 2378 1673 2414 statuis-

1017 2447 1082 2481 se3
1112 2432 1214 2470 uude
1253 2435 1391 2483 primas
1422 2433 1470 2470 ad
1508 2432 1673 2470 Themi-

1017 2491 1173 2527 stoclem
1195 2492 1366 2542 quamvis
1386 2492 1520 2527 invitos
1542 2491 1590 2528 ob
1610 2492 1673 2526 in-

1017 2546 1161 2583 vidiam
1208 2546 1382 2584 detulisse
1422 2547 1536 2584 duces
1567 2545 1673 2584 haud

1015 2604 1151 2640 iniuria
1181 2612 1306 2640 censet
1330 2603 1567 2644 Plutarchus.
1604 2605 1672 2640 Est

1016 2673 1105 2697 vero
1135 2659 1196 2697 hic
1219 2661 1401 2698 Herodoti
1430 2662 1534 2698 locus
1554 2658 1672 2697 docu-

1015 2724 1160 2764 mento,
1192 2717 1432 2756 Herodotum
1462 2717 1568 2754 nullo
1597 2715 1671 2753 du-

1016 2780 1122 2811 ctum
1151 2775 1286 2812 timore
1316 2782 1381 2812 aut
1407 2776 1572 2826 partium
1589 2779 1671 2811 stu-
