1839 3292
78 339 144 386 99

566 222 894 258 URANIA
952 223 1083 260 VIII.

211 335 353 376 ἵππων
376 328 578 373 καλέουσι
600 329 769 382 Πέρσαι
799 328 1046 409 οἷγγαρήιᾛον

206 415 256 453 τη
286 399 328 448 ἐς
354 399 508 439 Σοῦσα
538 395 710 452 ἀγγελίη
742 395 1004 453 ἀπικομένη,
1047 395 1104 447 ὠς
1144 397 1231 452 ἔχοι
1267 396 1454 455 Ἀθήνας

1372 227 1453 268 135

1102 327 1159 372 ‘H
1177 331 1256 385 μὲν
1276 331 1329 387 δή
1351 335 1463 386 πρώ-

203 465 382 518 Ξέρξης,
423 464 570 516 ἔτερψε
610 464 724 507 οὕτω
756 463 809 519 δή
839 481 879 506 τι
910 464 1114 517 Περσέων
1152 464 1257 516 τούς
1285 465 1453 510 υπολει-
1463 474 1504 508 55

202 531 418 588 φθέντας,
461 529 518 580 ὣς
546 529 621 581 τάς
649 546 692 573 τε
722 529 854 581 ὁδοὺς
883 533 1074 588 μυρσίνῃ
1114 531 1255 584 πάσας
1283 534 1453 588 ἐστόρε-

201 609 308 651 σαν,
346 598 420 641 καὶ
458 598 649 652 ἐθυμίων
677 596 954 652 θυμιήματα,
998 599 1071 640 καὶ
1102 597 1227 642 αὐτοὶ
1266 595 1376 656 ἦσαν
1405 601 1452 645 ἐν

174 665 387 722 Ξθυσίῃσί
416 681 460 709 τε
487 666 562 708 καὶ
590 663 836 721 εὐπαθίῃσι.
884 663 911 722 ἡ
942 664 988 708 δὲ
1018 666 1193 722 δευτέρη
1216 677 1294 723 σφι
1323 667 1446 724 ἀγγε-

145 890 268 920 tutum
288 882 335 919 ad
345 884 442 920 solos
462 895 568 932 reges
582 882 797 932 pertineret,

144 952 308 991 quorum
345 938 524 975 mandata
573 939 678 974 citius
729 951 797 987 per

144 997 313 1047 amplum
333 1008 494 1045 regnum
529 995 794 1045 perferrentur.

142 1053 199 1088 Ac
217 1053 338 1088 simile.
361 1051 452 1103 quid
469 1052 675 1087 etiamnum
694 1050 795 1100 apud

141 1109 272 1145 Persas
303 1116 447 1144 exstare
476 1121 496 1143 e
515 1108 682 1143 Morierii
712 1107 794 1143 dia-

141 1165 204 1201 riis
223 1171 328 1201 notat
348 1167 509 1201 Heeren.
549 1163 678 1201 Ideen.
700 1164 737 1209 l,
771 1166 790 1202 1

141 1233 230 1271 pag.
248 1220 343 1260 497.
399 1219 513 1270 Apud
547 1221 724 1255 Tartaros
743 1220 795 1255 si-

141 1277 250 1313 miles
268 1275 452 1327 quosdam
482 1277 640 1312 inveniri
664 1288 792 1312 cursus

141 1331 373 1369 vehiculares
395 1346 441 1368 ex
460 1333 672 1368 testimonio
684 1332 792 1366 Pauli

141 1389 276 1425 Veneti
302 1389 460 1437 Region.
487 1389 628 1425 Orient.
646 1389 693 1435 II,
723 1389 790 1435 23,

141 1442 303 1482 affirmat
321 1443 623 1482 Valckenaerius.

334 1533 425 1584 cap.
446 1532 586 1569 XCIX.

195 1607 298 1655 οὕτω,
339 1607 392 1662 δή
421 1609 479 1663 τι]
528 1610 613 1649 vid.
654 1608 789 1648 Matth.

139 1668 205 1705 Gr.
226 1669 291 1705 Gr.
313 1669 348 1713 ξ.
368 1667 462 1716 487,
483 1666 508 1706 4
529 1682 568 1718 p.
588 1670 681 1708 912.
697 1669 790 1704 Mox

139 1737 160 1760 e
178 1725 345 1774 pluribus
354 1723 465 1762 codd.
478 1737 580 1761 nunc
595 1731 789 1774 receptum

138 1780 308 1835 μυρσίνῃ
330 1794 398 1831 pro
419 1781 510 1817 olim
520 1782 623 1830 vulg.
650 1781 790 1831 μυρσί-

138 1848 248 1890 νῃσι,
288 1836 391 1888 quod
431 1844 513 1886 post
541 1837 790 1874 Schaeferum

138 1895 372 1930 retinuerunt
390 1892 524 1930 Matth.
556 1901 591 1931 et
619 1892 788 1932 Bekker.

138 1948 284 1985 Eadem
303 1950 442 1986 locutio
462 1950 549 1998 VH,
572 1948 622 1989 54
644 1950 766 1990 obvia.

195 2005 236 2044 ἐν
257 2006 423 2058 θυσίῃσι
448 2003 513 2043 καὶ
552 2002 782 2059 εὕπαθίῃσι]

138 2062 221 2110 „De
242 2063 392 2098 Graecis
412 2062 442 2097 si
455 2062 688 2112 loqueretur,
709 2063 786 2098 sola

137 2116 232 2154 mihi
250 2118 371 2154 forma
402 2118 584 2169 loquendi
609 2131 709 2154 nova
728 2119 786 2155 vi-

135 2173 303 2221 deretur,
326 2169 428 2212 εἷναι
456 2173 498 2212 ἐν
517 2175 694 2227 θυσίῃσι.
742 2176 787 2210 In

134 2231 290 2267 Graecia
307 2243 417 2280 saepe
442 2227 513 2280 τήν
532 2232 681 2270 θυσίαν
710 2227 786 2269 θοί-

133 2289 218 2325 λεια
278 2287 502 2338 sequebatur
520 2317 529 2335 ,
589 2289 782 2324 convivium

135 2355 308 2379 sacrorum
330 2356 437 2379 causa
452 2344 541 2393 fieri
555 2344 705 2391 solitum,
727 2345 783 2379 in-

132 2404 291 2448 treprete
319 2399 476 2439 casaub.
506 2400 547 2435 in
575 2399 714 2436 Athen.
744 2414 783 2450 p.

134 2452 227 2494 745.
281 2456 393 2493 Θεῶν
419 2456 558 2495 θυσίαι
582 2457 721 2494 θαλίαι
742 2471 782 2495 τε

131 2510 338 2559 iunguntur
373 2512 411 2546 in
451 2511 642 2563 Aristoph.
681 2513 780 2550 Nub.

132 2568 226 2612 328,
254 2567 318 2617 qui
332 2568 370 2602 in
389 2568 487 2604 Pace
508 2572 587 2609 780
621 2564 782 2620 ἀνδρῶν

134 2635 174 2660 τε
196 2621 330 2668 δαῖτας
346 2621 438 2659 dixit
458 2624 523 2662 καὶ
544 2625 689 2671 θαλίας
709 2641 782 2674 μα·-

132 2674 280 2727 κάρων.
321 2678 479 2722 Quando
502 2693 589 2717 vero
621 2680 667 2717 de
687 2683 783 2717 Per-

133 2735 180 2770 sis
194 2735 305 2770 verba
325 2734 424 2781 facit,
445 2736 680 2773 Herodotum
695 2738 782 2774 scri-

133 2791 247 2840 psisse
265 2791 452 2842 suspicor:
476 2790 566 2831 ἕσαν
584 2792 626 2833 ἐν
643 2794 784 2847 θαλίῃ-

854 881 895 920 σί
912 895 953 921 τε
972 879 1040 920 καὶ
1070 876 1311 936 εὕπαθίησιε
1343 896 1507 935 quorum

853 939 953 988 prius
972 938 1077 974 iuxta
1092 940 1271 975 Nostrum
1292 947 1397 976 notat
1418 956 1506 1006 χαρ-

852 991 1007 1045 μόσυνα
1030 993 1186 1034 ἐποίεον
1208 997 1269 1032 vel
1288 994 1504 1048 κεχαρηκό-

851 1065 912 1096 τες
941 1047 1122 1101 ἕόρταζον
1159 1051 1247 1089 laeti
1272 1053 1368 1089 velut
1392 1053 1505 1102 festos

852 1107 925 1143 dces
954 1108 1158 1154 agitabant.
1214 1106 1384 1147 θάλειαν
1400 1108 1502 1176 ’,ἔορ-

850 1177 924 1212 την
963 1160 1072 1214 α’γειν
1108 1170 1145 1200 et
1181 1161 1352 1203 θάλειαν
1393 1161 1504 1216 ἄγειν

851 1220 1001 1255 Graecis
1022 1220 1135 1255 etiam
1167 1219 1381 1258 dicebatur:
1419 1223 1504 1258 Eu-

847 1273 959 1311 stath.
991 1276 1030 1310 in
1062 1274 1131 1311 Od.
1174 1278 1308 1324 XXII,
1339 1291 1375 1327 p.
1407 1276 1503 1326 759,

850 1333 874 1370 6
897 1332 1015 1380 Epist.
1039 1331 1145 1367 Socr.
1162 1345 1199 1381 p.
1222 1333 1274 1372 43
1289 1362 1298 1380 ,
1326 1335 1389 1373 18.
1419 1334 1503 1370 Iam

848 1386 933 1423 vide
954 1386 1094 1422 Herod.
1115 1389 1188 1433 111,
1220 1391 1272 1427 27
1300 1389 1340 1423 in
1370 1388 1503 1439 Apidis

846 1443 1031 1479 natalibus
1042 1444 1221 1493 Aegyptii
1241 1442 1335 1482 ἔσαν
1354 1443 1397 1482 ἐν
1416 1449 1500 1482 θα-

846 1498 965 1550 λίησι.
999 1500 1108 1535 Festo
1134 1498 1194 1535 die
1218 1499 1406 1535 bonarum
1437 1514 1500 1536 re-

845 1568 932 1591 rum
960 1554 1157 1592 affluentes
1188 1555 1296 1606 copi&
1323 1555 1499 1593 dicuntur

844 1610 888 1650 ἐν
911 1605 1130 1666 εὗπαθίησι
1148 1608 1270 1659 ὀᾛντες
1306 1611 1446 1650 Herod.
1462 1614 1499 1658 1,

844 1670 899 1707 22
920 1674 956 1703 et
980 1670 1081 1716 191,
1126 1668 1193 1705 ubi
1191 1665 1412 1739 χορεύειν
1428 1668 1496 1708 καὶ

845 1738 887 1763 εν
918 1719 1139 1791 ευπαθίῃσι
1169 1720 1271 1763 εἶναι
1297 1732 1339 1762 ut
1365 1725 1498 1764 πίνειν

843 1778 912 1819 καὶ
934 1776 1145 1819 εὐπαθέειν
1165 1783 1221 1829 ΙΙ,
1247 1784 1324 1821 133
1345 1788 1382 1818 et
1405 1780 1494 1822 174

843 1839 1039 1888 Nusquam
1067 1838 1195 1874 iuncta
1224 1838 1345 1888 reperi
1374 1834 1495 1876 θύειν

844 1892 911 1932 καὶ
942 1888 1175 1932 εὖπαθέειν;
1206 1892 1272 1931 sed
1300 1907 1389 1930 cum
1417 1895 1494 1931 istis

843 1951 941 1986 bene
977 1951 1226 1998 conveniunt,
1267 1950 1372 2001 quod
1406 1951 1494 1987 laeti

840 2007 977 2042 Persae
998 2002 1067 2050 τάς
1095 2020 1133 2044 τε
1151 2003 1306 2056 οόουςα
1295 2006 1493 2060 ὐρσίνῃσι

841 2074 972 2107 πασας
984 2059 1204 2113 ἐστόρεσαν,
1222 2061 1289 2100 καὶ
1311 2062 1491 2112 εθυμίων

841 2115 1086 2168 θυμιήματα.
1127 2119 1210 2155 Vid.
1232 2121 1396 2155 Biisson.
1433 2120 1492 2154 De

841 2188 949 2224 regn.
973 2175 1075 2212 Pers.
1120 2188 1157 2224 p.
1188 2174 1282 2214 340.
1332 2176 1426 2210 Mox
1445 2174 1492 2210 ab

836 2232 906 2267 illis
926 2231 1059 2267 mutati
1080 2230 1126 2267 ad
1146 2232 1290 2266 tristem
1309 2231 1493 2267 nuncium

836 2289 974 2324 Persae
994 2293 1112 2324 vestes
1133 2287 1203 2323 sibi
1222 2285 1492 2334 discindebant,

838 2345 918 2411 βοῇ
946 2357 986 2382 τε
1015 2342 1082 2382 καὶ
1113 2343 1268 2397 οἰμωγῇ
1302 2343 1488 2394 ἐχρέωντο

838 2395 988 2452 οἷπλὲτῳ
1041 2398 1108 2447 [cf.
1138 2401 1231 2447 ΥΠ
1275 2402 1351 2441 211
1396 2400 1490 2450 ibiq.

835 2455 996 2504 laudd.]
1061 2455 1309 2495 Valet-en.
1373 2454 1489 2492 Cuius

840 2511 1148 2549 emendationem
1176 2512 1309 2548 merito
1348 2511 1489 2561 respuit

838 2567 1188 2617 Schweighaeuser.
1219 2568 1358 2618 quippe
1383 2565 1488 2603 haud

836 2625 1105 2671 necessariam,
1146 2636 1266 2675 quum
1293 2622 1419 2661 θυσία
1450 2629 1489 2660 et

836 2682 1047 2730 sacrificium
1065 2678 1204 2716 indicet
1226 2686 1264 2716 et
1290 2681 1488 2716 universam

832 2737 925 2788 festi
1003 2735 1249 2773 solemnitatem
1320 2735 1486 2786 indeque

840 2795 954 2830 etiam
985 2794 1198 2840 corevivz'um,
1232 2792 1322 2843 quod
1347 2794 1488 2843 peracto

1520 344 1600 383 665

1509 392 1616 426 Itaque
1640 402 1783 423 summum

1510 425 1701 454 Susianorum
1719 429 1754 455 ob

1513 458 1639 485 Athenas
1681 464 1783 494 captas

1510 491 1651 530 gaudium
1671 494 1711 526 [c.
1719 496 1782 530 ὅθ]

1508 525 1540 551 in
1564 526 1717 552 maximum

1509 566 1674 584 moerorem
1692 567 1726 586 ac
1745 560 1782 587 de

1508 591 1606 617 salute
1624 592 1705 625 regis
1724 593 1782 619 soi-

1507 624 1691 652 licitudinem
1715 633 1776 653 v-er

1503 666 1577 686 sum.
