1839 3292
476 237 935 296 CALLIOPE.
992 236 1072 273 IX.

1315 237 1399 278 275

148 355 327 413 λη’λατο,
357 366 430 393 και
458 346 614 405 ἡσυχίη
642 346 785 391 ἐδόκεε
815 345 927 390 εἶναι
960 360 1044 388 avoc
1088 343 1142 387 τὰ
1170 342 1400 400 στρατόπε-

148 425 226 472 δα,
254 418 326 464 καὶ
355 417 541 473 μάλιστα
571 418 616 460 οἱ
644 414 878 471 ἄνθρωποι
899 412 1010 457 εἶναι
1037 411 1085 456 ἐν
1112 410 1257 470 ὕπνῳ,
1287 427 1401 467 τηνι-

144 491 286 534 καῦτα
315 483 591 541 προσελάσας
617 485 732 540 ἵππῳ
763 481 874 535 πρὸς
901 480 978 532 τὰς
1007 480 1206 537 φυλακάς
1234 481 1313 534 τὰς
1338 482 1399 527 ’A-

143 557 343 612 θηναίων
366 550 650 604 Ἀλέξανδρος
680 549 704 593 ὁ
731 547 968 605 Ἀμύντεω,
999 554 1235 605 στρατηγός
1253 568 1297 596 τε
1316 553 1401 598 ἐών

144 619 447 680 καὶ’βασιλεύς
465 616 740 662 Μακεδόνων
755 649 765 667 ,
795 615 958 672 ἐδίζητο
976 621 1089 660 τοῖσι
1124 626 1398 675 στρατηγοῖσι
1412 629 1458 664 90

114 691 189 742 3ἐς
217 689 375 745 λόγους
406 688 562 730 ἐλθεῖν.
621 689 708 728 τῶν
738 684 784 728 δὲ
813 683 1026 740 φυλάκων
1055 685 1200 740 οἱμὲν
1220 691 1401 741 πλεῦνες

143 757 410 813 παρέμενον,
447 756 491 797 οἱ
521 751 566 796 δ’
608 753 739 796 ἔθεον
768 751 837 795 ἐπὶ
877 750 982 802 τοὺς
1011 753 1299 808 στρατηγούς·
1338 757 1401 800 ἐλ-

143 825 297 875 θόντες
327 823 372 867 δὲ
392 821 562 876 ἔλεγον,
595 819 650 871 ὡς
681 819 945 874 ,,ἅνθρωπος
965 819 1068 876 ἥκοι
1097 818 1162 863 ἐπ’
1193 822 1332 866 ἵππου
1354 824 1401 868 ἐκ

144 896 252 945 ,,τοῦ
281 888 577 945 στρατοπέδου
605 891 686 931 τοῦ
717 887 910 943 Μήδων,
947 885 996 938 ὃς
1024 887 1128 931 ἄλλο
1159 888 1239 943 μὲν
1268 890 1401 935 οὐδὲν

144 962 455 1016 ,,ποιραγυμνοῖ
480 957 606 1011 ἔπος,
637 953 909 1012 στρατηγοὺς
938 954 985 999 δὲ
1015 954 1263 1012 ὀνομάζων,
1308 958 1399 1004 iak—
1412 967 1456 1002 95

90 1221 176 1260 pag.
197 1206 277 1249 463
296 1237 306 1256 ,
329 1221 445 1260 quem
465 1207 513 1244 ad
534 1205 573 1248 h,
593 1208 618 1244 l.
641 1205 748 1243 affert

93 1266 160 1302 Cr.
182 1263 317 1301 Matth.
338 1267 403 1302 Gr.
424 1266 491 1301 Gr.
512 1265 547 1309 ξ.
565 1264 644 1304 295
659 1276 746 1314 pag·

91 1322 172 1362 592
201 1328 322 1369 recte,
351 1320 437 1358 meft
476 1319 632 1372 quidem
659 1333 748 1356 sen-

90 1376 220 1425 tentia,
241 1379 443 1415 vernacule
463 1375 651 1413 reddidit:
683 1377 747 1412 wie

90 1436 170 1470 weit
194 1447 228 1471 es
245 1436 282 1471 in
305 1435 361 1472 die
380 1433 499 1472 Naclet
518 1445 604 1472 war.
647 1433 746 1468 Nam

92 1491 303 1527 sensusloci
320 1492 349 1527 is
363 1497 437 1527 est:
463 1503 539 1526 cum
562 1501 632 1525 nox
651 1488 746 1524 mul-

92 1551 166 1583 tum
172 1549 402 1596 processisset,
416 1559 490 1583 cum
502 1545 649 1583 multum
658 1558 746 1594 pro-

90 1606 189 1640 vecta
198 1607 282 1639 esset
293 1616 373 1642 nox.
389 1601 500 1639 Unde
510 1602 746 1651 intelligitur,

89 1660 283 1708 vulgatam
302 1660 506 1695 lectionem
525 1654 746 1709 προελήλα-

88 1730 132 1754 το
159 1717 318 1752 minime
345 1714 622 1752 sollicitandam
656 1727 749 1752 esse.

90 1772 223 1809 Simile
287 1773 410 1809 attulit
469 1771 749 1821 Wesselingius

88 1829 200 1864 Pauli
240 1830 280 1865 in
312 1830 432 1879 Epist.
479 1827 528 1865 ad
585 1829 750 1865 Roman.

89 1885 204 1932 XIII,
254 1887 327 1932 12,
362 1882 392 1935 ἦ
420 1879 494 1932 νύξ
521 1882 749 1935 προέκοψεν

92 1948 129 1977 et
148 1940 343 1978 Heliodori
361 1939 541 1991 Aethiop.
561 1941 678 1991 Ipag.
694 1943 748 1981 26

93 1998 195 2048 [cap.
228 1996 296 2046 14]
326 1993 408 2036 τότε
436 1994 509 2050 γὰρ
543 1994 644 2035 πολὺ
678 1998 750 2045 τῆς

91 2050 230 2099 νυκτὸς
276 2052 449 2106 προέβη,
495 2053 662 2090 Sallustii
709 2054 750 2089 in

91 2112 172 2161 lug.
195 2111 272 2149 21:
302 2111 397 2159 „ubi
415 2110 618 2160 plerumque
639 2111 748 2146 noctis

85 2167 292 2218 processit.“
332 2165 441 2203 Idem
462 2167 542 2203 aliis
563 2166 636 2203 dici
655 2168 749 2204 πολ-

95 2225 167 2274 λῆς
192 2219 331 2271 νυκτὸς
356 2230 392 2259 et
411 2222 502 2274 περὶ
538 2221 656 2274 μέσας
676 2218 748 2261 νύ-

94 2293 186 2325 κτας
206 2279 267 2315 vel
288 2276 486 2330 μεσούσης
513 2276 655 2325 νυκτός
678 2278 749 2315 ad-

98 2333 151 2371 dit
198 2334 445 2375 Valckenaer.
468 2365 478 2383 ,
546 2337 748 2373 observans

97 2396 329 2440 postremum
357 2391 430 2429 hoc
460 2393 501 2428 in
531 2393 666 2429 eadem
686 2391 748 2428 hi-

95 2441 209 2482 storia
242 2460 309 2497 pro
345 2448 567 2486 Herodoteis
606 2447 747 2485 habere

96 2501 342 2539 Plutarchum
360 2506 379 2541 I
398 2518 484 2554 pag.
507 2508 587 2547 327
607 2507 655 2542 D.
680 2506 747 2555 [A-

98 2557 215 2595 ristid.
243 2572 324 2609 cap.
347 2560 418 2610 15]
446 2562 545 2598 Plat.
576 2563 629 2598 Ill
657 2575 747 2613 pag.

96 2617 176 2654 217
197 2616 243 2653 D.
264 2615 440 2665 Xenoph.
462 2619 556 2655 Hist.
583 2620 649 2656 Gr.
678 2620 748 2657 VII

96 2683 185 2721 pag·
207 2673 287 2712 367
303 2700 312 2718 ‚
337 2673 385 2711 15
404 2673 498 2721 [vid.
518 2676 615 2712 Hell.
640 2676 680 2723 I,
709 2678 747 2723 6,

99 2729 166 2767 28.
199 2728 325 2764 Anah.
361 2729 397 2775 I,
436 2732 485 2777 7,
519 2734 555 2770 1.
591 2732 678 2780 VII,
710 2735 749 2780 8,

803 1204 1021 1244 Macedonis
1048 1206 1286 1253 Alexandri,
1308 1209 1459 1247 Graecis

802 1263 982 1311 faventis,
1033 1264 1263 1301 beneficium
1310 1267 1459 1316 respicit

802 1326 933 1356 auctor
952 1320 1071 1370 Epist.
1105 1322 1158 1360 28
1188 1322 1286 1358 inter
1311 1322 1457 1360 Socrat.

801 1389 840 1426 p,
862 1378 914 1415 60
934 1389 1151 1413 memorans
1171 1375 1246 1427 τήν
1275 1377 1316 1417 ἐν
1344 1381 1457 1418 Πλα-

801 1435 930 1478 ταιαΐς
950 1431 1014 1471 ἐπὶ
1037 1433 1314 1483 Μαρδονίου
1303 1448 1459 1487 γεγενη-

801 1487 924 1539 μένην
943 1486 1181 1540 εὕεργεσίαν.
1197 1490 1342 1526 Similia
1355 1504 1463 1542 quae-

802 1544 892 1581 dam
913 1545 1136 1582 Herodoteis
1153 1546 1307 1583 Aristidi
1330 1546 1461 1585 dicen-

801 1608 880 1638 tem
908 1602 998 1639 facit
1018 1601 1282 1639 Alexandrum
1309 1605 1461 1641 Plutar-

803 1656 896 1694 chus
923 1659 964 1695 in
994 1658 1146 1696 Aristid.
1181 1672 1269 1710 pag·
1304 1663 1384 1701 327
1412 1662 1461 1699 Ε.

805 1715 908 1765 [cap.
936 1714 1010 1763 15,
1059 1716 1124 1751 ubi
1155 1729 1244 1752 cum
1271 1729 1349 1753 uno
1376 1718 1460 1754 Ari-

802 1770 898 1808 stide
917 1771 958 1808 'm
977 1772 1211 1824 colloquium
1240 1774 1370 1810 venire
1391 1787 1461 1811 vo·-

802 1829 914 1865 luisse
942 1828 1206 1866 Alexandrum
1246 1830 1462 1880 legimus]“

805 1886 871 1921 Tu
891 1883 977 1922 vide
1002 1884 1048 1921 de
1075 1885 1294 1923 Alexandro
1317 1885 1461 1925 Herod.

805 1941 1022 1988 V111,136
1044 1955 1150 1994 seqq.
1176 1941 1254 1983 140
1273 1956 1380 1995 seqq.

863 2012 916 2044 ως
937 1994 1155 2063 ἄνθρωπος
1190 1996 1303 2050 ηκοι]
1333 2002 1461 2037 Revo-

806 2055 889 2091 cavi
931 2050 1044 2104 ἤκοι,
1087 2056 1193 2092 cuius
1236 2056 1321 2093 loco
1363 2068 1462 2093 unus

806 2109 1032 2148 Schaefeins
1052 2118 1243 2162 receperat
1257 2109 1359 2162 ἣκει.
1381 2110 1461 2149 Sed

805 2167 962 2218 optativi
981 2166 1092 2205 huius
1125 2167 1259 2205 eadem
1286 2169 1381 2206 ratio
1403 2174 1462 2205 at?-

803 2237 878 2276 que
907 2225 963 2259 IX
980 2254 989 2271 ‚
1020 2224 1069 2265 41
1096 2223 1148 2271 ὥς
1168 2221 1284 2276 χρεόν
1302 2225 1376 2276 εἴη,
1398 2225 1465 2262 ubi

804 2280 880 2319 vid.
941 2281 1014 2325 Qui
1042 2289 1252 2333 sequuntur
1270 2281 1463 2319 indicativi

804 2339 843 2374 in
896 2339 1065 2374 oratione
1112 2339 1284 2390 obliqua:
1333 2341 1463 2388 napol-

804 2397 951 2445 γυμνοῐ
969 2401 1082 2445 atque
1104 2393 1222 2445 φησὶ,
1257 2408 1320 2432 eos
1341 2395 1462 2444 attigit

801 2449 937 2487 Matth.
976 2452 1044 2487 Gr.
1089 2452 1154 2488 Gr.
1193 2452 1228 2496 ξ.
1250 2451 1332 2492 507
1372 2464 1461 2502 pag.

803 2505 904 2554 964,
935 2507 1001 2558 qui
1029 2506 1131 2544 idem
1164 2520 1251 2557 pag.
1276 2509 1381 2547 1262
1413 2507 1461 2543 de

802 2564 1135 2614 rationeparticul
1142 2576 1228 2599 luln
1249 2560 1340 2613 μὲν
1367 2563 1461 2610 (πα-

802 2617 1013 2686 ραγυμνοῖ)
1033 2642 1089 2647 ——
1109 2615 1380 2672 (στρατηγονς)
1410 2616 1458 2659 δ
1445 2634 1462 2659 ε

805 2670 1045 2726 (ὄνοιιαζων)
1067 2676 1252 2727 exposuit.
1291 2676 1461 2713 Verbum

805 2734 1095 2783 παραγυμνοῦν
1145 2733 1277 2769 tralata
1319 2733 1461 2782 signifi-

103 2784 187 2831 12].
227 2784 438 2835 „Deinceps
466 2793 670 2824 narratum.
686 2789 752 2833 (ita
809 2790 955 2826 catione
975 2789 1158 2839 reperitur
1177 2790 1206 2837 1,
1240 2790 1332 2830 126.
1360 2789 1461 2836 VIII,

101 2841 223 2889 pergit
282 2839 386 2877 idem
443 2841 754 2895 Valckenaerius)
812 2847 889 2889 19,
910 2845 975 2882 ubi
990 2844 1066 2886 vid.
1125 2846 1198 2882 Hic
1218 2845 1293 2883 loci
1312 2857 1461 2884 sensus:

1108 2901 1192 2942 18*
