1839 3292
44 397 110 446 55
164 407 230 460 εἴη
255 403 431 447 ποιέειν.

519 225 983 263 CALLIOPE.

1040 228 1058 262 l
1069 226 1122 262 X·
1341 230 1422 268 291

116 368 121 373 -
168 335 540 382 ἀπαλλάσσεσθαι·
583 334 831 388 έπείρεσθαί
858 352 902 379 τε
934 336 1192 390 Παυσανίην
1220 332 1269 375 τὸ
1299 334 1428 389 χρεὸν

483 403 560 454 Ὡς
591 403 635 446 δὲ
665 402 838 446 ἀπίκετο
869 401 891 446 ὁ
922 402 1057 459 κη’ρυξ
1086 402 1127 452 ἐς
1156 401 1260 452 τούς
1290 406 1425 445 Λακε-

165 472 443 527 δαιμονίους,
481 471 574 523 ὥρα
594 471 637 514 τέ
667 483 802 526 σφεας
831 471 939 514 κατά
966 471 1110 526 χώρην
1128 468 1425 525 τεταγμένους,

135 540 238 583 Quat
265 540 307 591 ές
335 541 480 583 νείκεα
510 538 770 592 α’πιγμένους
801 538 946 581 αὐτῶν
973 537 1077 587 τοὺς
1104 537 1319 590 πρώτους.
1371 537 1481 589 ὠς65

163 607 245 663 γάρ
276 606 329 663 δὴ
360 606 685 661 παρηγορέοντο
715 605 794 648 τόν
816 604 1139 661 Ἀμομφάρετον
1171 605 1195 647 ὅ
1215 622 1258 648 τε
1281 605 1424 660 Εὐρυ-

167 675 274 727 άναξ
302 675 374 718 καὶ
404 672 428 717 ὁ
447 675 700 729 Παυσανίης
722 671 780 728 μή
803 671 1076 716 κινδυνεύειν
1091 673 1302 728 μένοντας
1323 675 1425 727 μού-

163 759 270 794 νους
283 742 651 798 Λακεδαιμονίων,
665 739 816 790 οὔκως
837 740 1026 783 ἔπειθον·
1049 740 1090 790 ές
1114 738 1139 782 ὃ
1159 740 1201 790 ές
1223 742 1367 785 νείκεά
1381 758 1424 785 τε

165 810 455 866 συμπεσόντες
481 809 711 860 ἀπικέατο,
749 809 823 851 καὶ
853 806 876 851 ὁ
906 807 1043 862 κη’ρυξ
1072 812 1160 850 τῶν
1183 807 1427 864 Ἀθηναίων

135 875 399 932 3παρίστατό
427 888 507 931 σφι
534 875 780 932 ἀπιγμένος.

840 877 1019 919 νεικέων
1060 875 1105 919 δὲ
1145 875 1167 918 ὁ
1196 875 1483 932 Ἀμομφα’-70

167 961 304 1001 ρετος,
332 943 543 1001 λαμβάνει
571 945 730 999 πέτρον
760 942 1031 999 ἀμφοτέρῃσι
1068 947 1165 999 τῇσι
1194 945 1326 998 χερσὶ,
1357 947 1429 986 καὶ

162 1014 298 1063 τιθεὶς
335 1012 421 1067 πρὸ
455 1015 608 1057 ποδῶν
635 1016 723 1056 τῶν
752 1013 1033 1062 Παυσανίεω,
1073 1011 1236 1068 „zoeth-37
1267 1014 1319 1067 τῇ
1349 1011 1427 1067 ψή-

166 1098 265 1138 ,,φῳ
296 1082 583 1135 ψηφίζεσθαι,
625 1081 732 1136 ἔφη.
773 1080 831 1135 μὴ
861 1079 1039 1134 φεύγειν
1076 1078 1179 1129 τούς
1219 1080 1428 1130 ξείνους·“

135 1149 334 1201 4ξείνους
372 1148 507 1202 λέγων
551 1147 656 1199 τούς
693 1147 955 1204 βαρβάρους.

166 1217 240 1259 καὶ
270 1214 323 1258 οὐ
354 1216 574 1271 φρενήρεα
594 1217 759 1259 καλέων
779 1216 966 1267 ἐκεῖνον,

1013 1146 1035 1189 ὁ
1067 1147 1132 1190 δὲ.
1165 1147 1428 1201 μαινόμενον

997 1213 1104 1266 πρός
1138 1231 1178 1257 τε
1213 1214 1290 1256 τὸν
1305 1215 1427 1270 Ἀθη-

169 1286 305 1327 ναίων
323 1283 492 1339 κήρυκα
523 1283 822 1338 ἐπειρωτῶντα
841 1282 892 1326 τά
910 1283 1202 1337 ἐντεταλμένα,
1236 1281 1374 1336 λέγειν
1403 1281 1424 1323 ὁ
1439 1288 1483 1320 75

170 1352 423 1406 Παυσανίης
481 1352 646 1395 ἐκέλευε
696 1352 749 1396 τὰ
801 1350 1018 1407 παρεόντα
1062 1361 1140 1404 σφι
1184 1349 1426 1404 πρήγματα,

340 1535 432 1587 Cap.
461 1534 539 1572 LV.

169 1622 268 1664 κατά
288 1620 423 1677 χώρην
443 1621 722 1676 τεταγμένους]
744 1623 770 1660 i.

114 1696 146 1719 e.
181 1695 242 1718 suo
279 1681 372 1728 loco,
422 1694 540 1732 quem
581 1685 770 1730 ceperant,

113 1738 295 1775 collocatos
336 1739 374 1775 in
407 1739 494 1775 acie.
550 1737 771 1773 Formulam

113 1791 212 1834 κατά
230 1790 362 1847 χώρην
391 1795 498 1844 attigi
518 1792 566 1830 ad
585 1794 686 1842 VIII,
701 1796 769 1833 73.

117 1852 209 1891 108.
227 1872 283 1878 —
309 1853 402 1887 Mox
420 1863 489 1900 pro
509 1851 612 1900 vulg.
643 1864 775 1899 παρη-

114 1903 277 1960 γόρεον,
309 1906 413 1958 quod
444 1920 534 1943 cum
565 1905 772 1944 Schaefero

114 1964 236 2001 tenuit
259 1962 390 2000 Matth.
405 1992 414 2010 ,
438 1962 616 2015 equidem
641 1977 661 1999 e
682 1963 773 1998 Flo-

115 2021 264 2057 rentino
302 2021 459 2071 aliisque
496 2033 585 2056 cum
619 2020 771 2070 reliquls

116 2076 203 2114 edd.
226 2074 315 2112 dedi
332 2075 641 2127 παρηγορέοντο,
663 2083 704 2112 ut
724 2076 769 2123 V,

120 2131 210 2172 104.
230 2133 319 2180 Vll,
346 2136 418 2180 13,
439 2133 505 2169 ubi
535 2132 668 2169 itidem
684 2145 771 2168 me-

116 2187 222 2226 dium
240 2190 431 2226 invenitur
448 2190 622 2226 verbum.

173 2243 360 2295 μένοντας
374 2243 568 2296 μούνους]
592 2247 674 2282 Hoc
690 2245 769 2295 opi⁴

119 2313 189 2337 nor
215 2314 294 2337 non
328 2301 376 2338 ad
397 2315 516 2338 unum
545 2308 688 2353 spectat
716 2303 773 2338 A-

119 2356 442 2407 mompharetum‚
464 2357 530 2395 sed
541 2359 588 2395 ad
608 2360 774 2395 Amom-

120 2411 318 2462 pharetum
336 2414 413 2451 unst
435 2428 523 2451 cum
535 2414 689 2453 cohorte
703 2427 771 2452 sua

120 2469 389 2508 Pitanatarum.
445 2474 558 2509 Hunc
593 2473 673 2509 scil.
701 2472 772 2508 ad-

122 2524 368 2571 hortabantur,
408 2541 450 2564 ne
474 2530 547 2578 ipse
580 2541 658 2566 cum
684 2530 770 2575 suis,

123 2582 185 2630 qui
200 2581 266 2618 soli
286 2594 328 2618 ex
344 2585 496 2620 ommbus
522 2585 636 2622 relicte
662 2588 772 2622 essent

123 2636 338 2686 SpartaniS,
366 2640 520 2688 periculo
537 2654 571 2678 se
597 2643 770 2678 οόιὶεετεΐ.

120 2714 176 2720 --
203 2692 266 2730 Ad
302 2693 504 2732 formulam
542 2697 579 2743 ἐς
608 2694 629 2737 ὃ
667 2698 770 2736 conf.

119 2748 256 2846 ggagtth.
287 2750 353 2787 Gr.
373 2752 439 2788 Gr.
469 2753 507 2797 ξ.
527 2751 605 2793 480
632 2754 655 2791 b
684 2766 771 2805 pag.

883 1507 1006 1564 ταύτῃ
1045 1512 1094 1565 τῇ
1133 1504 1264 1561 ψήφῳ
1293 1532 1348 1537 -—
1392 1508 1487 1557 τούς

828 1567 998 1615 ξείνους]
1033 1568 1056 1604 ἰ.
1087 1581 1119 1603 e.
1162 1567 1223 1602 hoc
1248 1566 1383 1603 calculo
1411 1580 1485 1603 eam

827 1638 862 1661 se
875 1623 973 1673 ferre
988 1625 1214 1669 sententiam,
1237 1636 1303 1659 non
1327 1623 1483 1673 fugien-

828 1681 890 1718 dos
931 1694 1000 1717 esse
1034 1682 1238 1730 peregrinos
1286 1693 1315 1716 s.
1362 1680 1485 1717 hom-s.

827 1737 932 1782 Quae
945 1735 1079 1773 eadem
1102 1749 1278 1772 enarrans
1291 1735 1486 1773 Plutarch.

826 1793 981 1832 Aristid.
1017 1806 1100 1844 cap.
1138 1796 1188 1832 17
1217 1806 1303 1843 pag.
1336 1795 1483 1833 328E·

827 1852 879 1887 sic
912 1850 1041 1886 effert:
1084 1845 1208 1901 οἷράμε
1195 1864 1282 1895 νος
1308 1853 1396 1887 ταῖν
1427 1864 1484 1900 χε-

828 1910 916 1971 ροῖν
946 1905 1087 1957 πέτρον
1122 1905 1244 1956 μέγαν
1282 1904 1305 1944 ὁ
1341 1900 1484 1956 ’Λμομ-

828 1958 1019 2014 φάρετος,
1049 1961 1114 2000 καὶ
1145 1959 1381 2012 καταβαλων
1405 1959 1483 2013 πρό

827 2033 907 2058 των
946 2019 1084 2057 ποόων
1118 2020 1188 2056 τοῦ
1233 2019 1484 2060 Πανσαιιου.

826 2090 976 2126 ταυτην
1002 2074 1079 2125 ε’φη
1093 2077 1240 2124 ψῆφον
1260 2069 1387 2120 αύτος
1395 2073 1486 2125 περὶ

825 2135 896 2182 τῆς
920 2129 1046 2183 μάχης
1066 2132 1267 2169 τίθεσθαι.
1283 2152 1336 2157 --
1369 2130 1485 2180 Apud

825 2188 1065 2225 Herodotum
1113 2199 1211 2238 quae
1249 2194 1485 2238 sequamur:

828 2245 981 2293 ξείνους
1002 2243 1124 2295 λέγων
1137 2239 1230 2288 τούς
1243 2238 1484 2294 βαρβάρους,

828 2300 963 2338 eadem
984 2307 1131 2337 exstant
1150 2300 1219 2346 IX,
1248 2302 1306 2346 11,
1327 2300 1392 2335 ubi
1409 2299 1486 2336 vid.

827 2365 923 2394 nott.
972 2358 1029 2394 Ac
1059 2357 1221 2407 passim,
1262 2356 1486 2393 observante

827 2415 1104 2463 Wesselingio‚
1138 2411 1251 2449 huius
1276 2411 1383 2449 modi
1412 2413 1487 2448 ite-

828 2473 992 2508 rationes
1017 2476 1232 2515 occurrunt,
1263 2475 1305 2504 ut
1325 2469 1395 2512 ΙΙΙ,
1420 2471 1484 2509 12.

827 2529 898 2575 VI,
933 2529 1022 2566 109.
1046 2549 1094 2554 -
1127 2524 1190 2562 Ad
1221 2537 1357 2561 voceln
1387 2539 1485 2575 φρε-

829 2580 953 2635 νήρης
973 2583 1073 2619 conf.
1095 2588 1191 2618 nott.
1209 2580 1257 2617 ad
1276 2582 1351 2628 ΙΙΙ,
1372 2581 1440 2621 25.

883 2638 906 2678 ὁ
927 2636 969 2677 δὲ
990 2662 1039 2666 —-
1064 2637 1190 2689 λέγειν
1211 2636 1482 2687 όΠαυσανίης

825 2693 997 2746 ἐκέλευε]
1036 2696 1161 2732 Oratio
1195 2693 1370 2730 nonnihil
1399 2701 1482 2730 tur-

826 2753 926 2790 bata.
986 2749 1097 2796 Quod
1113 2750 1216 2787 enim
1234 2751 1340 2787 initio
1360 2751 1483 2801 perio-

829 2808 867 2846 di
889 2814 1009 2845 exstat
1029 2806 1052 2847 ὁ
1069 2804 1134 2856 δὲ,
1163 2805 1202 2842 id
1231 2808 1376 2860 aliquot
1396 2819 1482 2844 ver-

1128 2865 1177 2903 19
1196 2861 1219 2885 *
