1839 3292
404 229 486 269 198
800 229 1260 267 HERODOTI

401 335 587 392 „nervil-oc
615 335 933 389 προτεινόντων
959 333 1029 378 ἐπ’
1059 333 1145 378 οἶσι
1168 335 1419 393 ὁμολογέειν
1441 338 1654 391 ἐθέλουσι,

401 405 634 459 ,,δειμαι’νω
652 404 761 456 ύπὲρ
784 402 943 455 ὑμέων,
975 401 1021 444 ἓν
1043 404 1176 461 τρίβῳ
1206 420 1249 446 τε
1280 404 1464 459 μάλιστα
1485 405 1652 460 οἶκημέ·

400 488 519 524 ,,νων
550 474 637 513 τῶν
666 469 904 525 συμμάχων
933 468 1129 521 πάντων,
1160 472 1243 514 αἰεί
1273 487 1315 514 τε
1345 472 1650 528 φθειρομένων

343 537 630 594 11,,μου’νων,
663 537 878 590 ἐξαίρετόν
907 555 948 580 τι
966 540 1216 593 μεταίχμιον
1244 539 1321 594 τὴν
1348 543 1431 594 γῆν
1454 540 1651 596 κεκτημέ-
1663 549 1708 583 80

399 622 534 659 ,,νων.
577 604 686 648 ἀλλὰ
708 607 934 649 necea-2⁶3⁵!
970 611 1133 650 πολλοῦ
1155 605 1238 662 γὰρ
1258 605 1363 661 ὑμῖν
1389 606 1486 658 ἄξια
1501 611 1651 658 ταῦτα,

399 675 464 728 ,,εἰ
497 673 699 729 βασιλεύς
737 689 785 728 γε
816 673 838 716 ὁ
877 674 1007 728 μέγας
1045 674 1249 729 μούνοισι
1290 673 1397 729 ὑμῖν
1435 673 1651 730 Ἑλλήνων

343 741 503 793 12,,τοές
543 740 793 797 ἁμαρτάδας
841 740 1002 793 ἀπιεὶς,
1050 743 1187 785 ἐθέλει
1234 744 1360 798 φίλος
1407 741 1651 798 γενέσθαι.“
1711 753 1790 795 688

248 815 343 861 141
403 808 676 864 Ἀλέξανδρος
719 811 798 866 μὲν
847 813 984 853 ταῦτα
1021 809 1140 861 ἔλεξε.
1209 811 1547 866 Λακεδαιμόνιοι
1595 811 1653 863 δὲ,
1666 819 1710 854 85

67 875 128 904 Μ·
116 886 154 905 ⁵¹
175 880 344 915 etaSpar-
402 876 644 932 πυθόμενοι
683 877 804 934 ἥκειν
838 876 1120 931 Ἀλέξανδρον
1161 877 1202 928 ἐς
1231 876 1413 933 Ἀθήνας
1460 879 1503 929 ἐς
1548 879 1654 934 ὁμο-

68 912 145 939 tanis
171 912 261 940 Athen
248 922 297 940 nas

67 945 118 978 qui
148 935 340 974 Athenienses
396 947 550 1002 λογίην
587 945 745 999 ἄξοντα
788 949 849 1003 τῷ
892 944 1099 1001 βαρβάρῳ
1136 943 1422 1001 Ἀθηναίους,
1464 943 1653 1003 ἀναμνη-

67 979 97 1007 in
106 978 165 1007 fide
178 981 338 1008 retineant.

338 1072 462 1112 Ovidii
485 1073 579 1111 illud
606 1075 644 1110 in
666 1072 849 1110 Heroidd.
869 1072 994 1121 XVII,

339 1133 440 1171 166:
463 1133 550 1177 „An
566 1133 686 1168 nescis
702 1131 832 1180 longas
846 1130 994 1179 regibus

338 1200 416 1223 esse
436 1189 608 1223 ιῃειιιιιὸιι
639 1188 704 1223 ubi
735 1187 897 1223 conferri
923 1199 995 1223 vo-

337 1243 422 1280 lunt
443 1243 640 1281 claudian.
662 1245 703 1280 in
724 1244 852 1280 Rufin.
872 1244 920 1289 11,
941 1245 993 1282 26

337 1300 466 1351 ibique
490 1300 622 1341 Barth.
681 1299 792 1346 Quod
813 1312 994 1350 praegre-

338 1355 439 1393 ditur
459 1355 560 1408 ὑπὲρ
579 1354 798 1408 ἄνθρωπον
819 1363 911 1392 noto
933 1354 994 1392 di·-

339 1412 450 1449 cendi
465 1426 603 1463 genere
615 1421 686 1450 est:
708 1414 862 1450 humana
881 1414 994 1449 omnia

338 1469 514 1516 excedens,
542 1473 683 1519 praeter
708 1470 893 1505 humanam
927 1482 995 1505 na-
1051 1469 1077 1504 V

339 1528 468 1562 turam.
497 1527 632 1562 Attulit
652 1526 881 1575 WVesseling.
899 1526 996 1562 Diss.

336 1581 478 1620 Herod.
495 1583 550 1617 XI
570 1596 606 1632 p,
625 1584 706 1622 200
734 1583 863 1619 locum
882 1583 995 1618 Anti—

335 1639 427 1688 goni
447 1639 606 1689 Carystii
626 1640 719 1675 Hist.
732 1642 837 1679 c.7.:
869 1634 993 1688 ἤκου-

337 1706 380 1733 σε
410 1693 554 1745 φωνήν
584 1691 756 1746 μεγάλην
791 1691 891 1745 ’ὑπὲρ
923 1691 992 1733 οἷν-

337 1747 518 1801 θρώντων
542 1758 577 1788 et
599 1753 661 1803 qui
692 1752 752 1788 vel
776 1752 896 1801 magis
918 1749 991 1788 huc

337 1809 499 1857 pertinet
516 1808 680 1858 Eunapii
709 1809 782 1844 vit.
798 1808 991 1844 Prcaeres.

333 1877 372 1914 p.
406 1864 505 1904 149:
546 1861 650 1903 οὕτω
690 1860 738 1902 τοὶ
779 1860 910 1902 πάντα
939 1858 991 1914 ἦν

334 1917 466 1971 ὑπὲρ
497 1917 793 1972 ἄνθρωπον.
853 1919 992 1957 Adse-

335 1989 456 2028 quens
500 1972 792 2028 nonetvo'vtmv
831 1976 991 2014 subaud.

333 2034 413 2071 τῶν
439 2031 654 2084 Περσέωνς
690 2032 736 2070 de
767 2034 847 2084 ipsa
887 2034 992 2070 verbi

338 2088 613 2139 significatione
625 2088 702 2128 vid.
718 2090 829 2127 allata
845 2089 894 2127 ad
911 2091 990 2139 VII,

396 2200 439 2240 ἓν
466 2202 586 2257 τρίβῳ
616 2217 656 2242 τε
680 2198 846 2253 μάλιστα
875 2201 994 2253 οἰκη-

340 2255 470 2308 μένων
499 2274 539 2297 κ.
577 2274 608 2298 τ.
633 2261 684 2308 λ.]
724 2261 749 2299 ἰ.
773 2273 804 2297 e
835 2272 910 2296 cum
935 2272 992 2295 vos

338 2316 429 2360 inter
455 2327 564 2352 omnes
581 2328 688 2352 soczos
701 2316 896 2363 (Graecos)
914 2328 994 2352 ma-

339 2382 431 2408 oezme
449 2372 485 2408 in
498 2372 560 2408 via
578 2372 665 2408 trita
679 2373 840 2409 habitetis
853 2372 993 2420 (omni-

338 2426 410 2463 bus
426 2427 539 2477 igitur
567 2429 841 2465 incursionibus
868 2441 912 2464 eo
934 2428 992 2464 sa·-

340 2483 446 2520 cilius
467 2485 644 2534 expositi)
662 2485 805 2535 indeque
828 2485 992 2521 solisem-

334 2551 398 2589 per
412 2543 586 2590 pereatis,
618 2541 896 2591 quandoquidem
919 2545 991 2577 ter-

340 2607 436 2643 ram,
469 2610 556 2646 quae
572 2599 664 2634 inter
685 2598 776 2636 (luas
800 2600 891 2635 acies
921 2610 994 2634 me-

341 2649 402 2687 dia
423 2656 525 2701 quasi
549 2656 729 2692 interiecta
756 2658 824 2702 est,
858 2655 994 2693 tenetis.

342 2707 417 2743 Ubi
437 2710 663 2759 μεταίχμιον
685 2718 796 2748 vocat
827 2712 994 2747 Atticam

340 2763 439 2799 inter
450 2765 753 2815 Peloponnesum
763 2766 994 2815 s-Isthmum‚

341 2819 772 2872 ubiPeloponnesiorum
780 2825 996 2861 munimen-

1049 1079 1101 1117 ta,
1133 1079 1168 1109 et
1184 1073 1281 1109 inter
1302 1074 1482 1111 Graeciae
1500 1082 1627 1124 partes
1647 1087 1710 1112 se-

1050 1130 1340 1179 ptentrionales,
1371 1143 1469 1181 quae
1489 1132 1611 1168 Persis
1639 1144 1710 1182 pa-

1049 1192 1145 1231 rent,
1176 1185 1343 1222 mediam
1365 1187 1636 1237 interpositam,
1670 1188 1711 1224 in

1050 1242 1139 1279 belli
1169 1242 1229 1279 vizi
1256 1243 1360 1294 quasi
1381 1244 1513 1292 sitam,
1543 1242 1712 1280 mediam

1049 1299 1148 1335 inter
1168 1306 1299 1349 gentes
1328 1300 1500 1336 inimicas
1530 1299 1710 1352 indeque,

1050 1356 1106 1391 uti
1136 1355 1189 1402 fit,
1225 1356 1379 1406 ancipiti
1409 1357 1576 1407 periculo
1604 1369 1711 1407 pres-

1051 1424 1145 1448 sam.
1188 1413 1344 1462 Legitur
1372 1425 1448 1450 vox
1482 1413 1710 1463 μεταίχμιον

1086 1470 1114 1514 Ι,
1150 1471 1217 1515 77,
1250 1469 1314 1505 ubi
1330 1467 1406 1506 vid.
1436 1476 1532 1507 nott.
1589 1467 1710 1506 Addit

1051 1526 1329 1575 WVesselingius
1368 1525 1541 1576 Euripid.
1578 1524 1711 1562 Phoe-

1052 1582 1141 1618 niss.
1161 1583 1281 1621 1370.
1302 1581 1491 1621 Heraclid.
1514 1584 1609 1630 802,
1637 1595 1710 1620 nec

1048 1650 1138 1674 sane
1159 1636 1328 1687 displicet
1349 1640 1404 1685 ei,
1438 1637 1571 1690 quod
1562 1652 1602 1674 ιιι
1621 1639 1710 1689 plu-

1048 1694 1150 1731 ribus
1186 1701 1305 1731 exstat
1334 1668 1526 1732 codicibus
1563 1694 1710 1748 ἐξαίρε-

1048 1765 1117 1789 τον
1149 1747 1380 1801 μεταίχμιόν
1399 1766 1459 1800 τε,
1499 1764 1640 1817 qutun,
1679 1753 1711 1789 si

1048 1808 1113 1859 qui
1140 1808 1398 1858 praebuissent
1441 1803 1637 1858 ἐξαίρετόν
1668 1821 1710 1847 τε

1050 1864 1293 1914 μεταίχμιον,
1306 1877 1421 1901 nemo
1438 1872 1537 1902 certe
1547 1863 1587 1901 id
1599 1877 1708 1915 sper-

1047 1927 1167 1956 neret.
1225 1920 1285 1957 Ad
1306 1922 1540 1958 locutionem
1569 1920 1611 1960 ε’ν
1627 1920 1710 1972 τρί-

1049 1977 1107 2028 βῳ
1128 1976 1231 2013 idem
1253 1976 1417 2030 denique
1429 1978 1537 2015 affert
1548 1978 1707 2028 Dionys.

1050 2034 1171 2070 Halic.
1197 2035 1351 2086 Antiqq.
1369 2036 1419 2071 VI
1449 2035 1535 2084 [35]
1559 2048 1597 2084 p.
1627 2035 1707 2074 368

1051 2097 1087 2127 et
1117 2092 1172 2126 XI
1206 2091 1308 2141 [cap.
1335 2090 1408 2141 54]
1450 2105 1487 2142 p.
1520 2092 1620 2134 730,
1641 2089 1710 2126 ubi

1052 2145 1094 2185 ἐν
1131 2147 1251 2200 τρίβῳ
1282 2151 1456 2186 κεῖσθαι.
1481 2168 1536 2174 —
1559 2148 1616 2182 De
1637 2144 1709 2182 du-

1048 2203 1186 2253 plicata
1207 2204 1342 2239 vocula
1371 2217 1432 2248 τε,
1463 2215 1559 2254 quae
1591 2203 1707 2238 etiam

1047 2260 1100 2296 sic
1138 2261 1322 2309 reperitur
1354 2260 1450 2306 VIII,
1489 2257 1588 2307 141,
1627 2257 1707 2297 vid.

1049 2316 1159 2352 allata
1174 2315 1222 2352 ad
1242 2316 1324 2363 VII,
1347 2317 1371 2356 8
1393 2317 1431 2361 §.
1457 2317 1493 2354 1.

1252 2406 1345 2456 Cap.
1376 2405 1509 2443 cxm.

1105 2483 1144 2532 ἒς
1158 2479 1408 2536 ὅιιολογίην”
1383 2501 1405 2522 α
1413 2485 1528 2532 ξοντα
1539 2484 1594 2537 τῷ
1610 2483 1708 2535 βαρ-

1050 2535 1186 2594 βάρῳ]
1227 2543 1407 2578 Dativuni
1433 2543 1488 2579 τῶ
1516 2525 1706 2592 βαρβάρῳ

1049 2597 1170 2634 refero
1197 2597 1245 2635 ad
1286 2596 1524 2650 ομολογίην,
1553 2603 1596 2633 ut
1625 2596 1707 2644 Vll,

1053 2656 1129 2694 169
1160 2651 1206 2692 ττὶ
1241 2658 1332 2693 Μεν
1337 2654 1429 2708 ἑλεῳ
1450 2648 1708 2703 τιμωρήματα

1048 2710 1116 2746 ubi
1146 2710 1223 2748 vid.
1253 2719 1348 2748 nott.
1378 2731 1432 2738 —
1482 2712 1557 2747 Pro
1583 2722 1709 2759 χρεων

1051 2779 1072 2803 e
1104 2767 1295 2805 Sanciofti
1316 2768 1414 2804 libro
1445 2766 1533 2804 dedi
1563 2761 1706 2816 χρεόνς

1049 2821 1099 2861 de
1129 2837 1205 2877 quo
1228 2825 1329 2862 conf.
1358 2830 1453 2864 nott.
1492 2821 1542 2860 ad
1567 2821 1612 2871 V,
1639 2821 1706 2862 49.
