1839 3292
395 254 453 297 7⁰
801 256 1263 293 HERODOTI

63 378 114 399 ren
146 371 255 404 oecion
290 380 343 400 arx
400 363 478 414 δος
510 366 624 406 τοῖσι
655 363 946 418 βαρβάροισι·
979 363 1068 406 ἔδεε
1084 362 1170 417 γάρ
1198 363 1372 407 κατὰτὸ
1392 365 1667 417 θεοπρόπιον

64 404 183 441 direpta
204 406 343 436 incensa-

64 446 134 475 que.

370 436 549 475 Ξπᾶσαν
568 429 856 487 τὴνἈττικὴν
881 429 961 484 τὴν
991 429 1037 472 ἐν
1065 434 1118 487 τῇ
1148 429 1310 487 ἠπείρῳ
1341 431 1545 486 γενέσθαι
1578 430 1667 476 ὑπὸ

399 501 609 555 Πέρσῃσι.
648 498 869 553 ἔμπροσθε
893 494 954 540 ὦν
984 497 1069 550 πρὸ
1101 502 1174 554 τῆς
1203 497 1479 552 ἀκροπόλιος,
1512 499 1669 544 ὄπισθε

401 567 446 611 δὲ
477 571 562 610 τῶν
584 567 758 609 πυλέων
786 567 858 610 καὶ
889 571 964 622 τῆς
993 565 1176 617 ἀνόδου,
1207 570 1260 621 τῇ
1283 566 1334 621 δὴ
1359 567 1459 609 οὔτε
1480 583 1543 618 τις
1568 568 1726 621 {qni-70

399 640 544 683 λασσε,
577 632 672 677 οὔτ’
706 634 762 677 ἂν
792 633 942 690 ἤλπισε
974 634 1032 690 μή
1061 634 1159 678 κοτέ
1201 652 1263 686 τις
1280 634 1389 677 κατὰ
1412 637 1548 677 ταῦτα
1568 632 1670 676 ἅνα-

400 704 503 759 βαίη
525 701 787 757 ἀνθρώπων,
818 707 953 759 ταύτῃ
977 701 1195 758 ἀνέβησάν
1220 719 1333 754 τινες
1362 701 1473 746 κατὰ
1493 703 1541 745 τό
1572 701 1673 757 ἱρόν

400 775 475 827 τῆς
490 772 716 824 Κέκροπος
732 770 1217 828 θυγατρὸςἈγλαύρου,
1230 774 1455 824 καίτοιπερ
1480 769 1672 826 ἀποκρή-

371 846 520 894 3μνου
547 839 694 890 ἐόντος
723 844 804 883 τοῦ
835 840 996 895 χώρου.
1049 839 1123 890 Ὡς
1144 840 1187 882 δὲ
1219 837 1338 883 εἶδον
1370 837 1530 890 αὐτοὺς
1565 838 1672 881 οἶνοι-

401 907 641 964 βεβηκότας
683 909 726 950 οἱ
762 906 986 964 Ἀθηναῖοι
1028 908 1095 952 ἐπὶ
1126 908 1206 963 τήν
1237 907 1489 961 ἀκρόπολιν,
1522 909 1566 950 οἱ
1593 907 1728 962 μὲν75

402 975 630 1030 ἐρῤίπτεον
663 975 855 1027 ἑωυτούς
894 976 1003 1020 κατὰ
1033 979 1112 1020 τοῦ
1142 978 1301 1032 τείχεος
1331 976 1462 1026 κάτω,
1493 976 1564 1019 καὶ
1588 977 1674 1018 διε·

373 1046 674 1100 4φθείροντο,
703 1046 814 1089 οἶδὲ
837 1045 880 1097 ἐς
909 1045 958 1089 τὸ
989 1044 1179 1102 μέγαρον
1208 1045 1495 1101 κατέφευγον.
1522 1043 1672 1088 τῶνδὲ

424 1219 628 1271 ἔμπροσθε
675 1211 733 1257 ὧν
797 1215 875 1270 πρᾶ
941 1220 1013 1268 τῆς

346 1272 611 1327 ἀκροπόλιος,
663 1273 808 1315 ὄπισθε
847 1273 889 1314 δὲ
930 1278 1012 1313 τῶν

346 1333 503 1372 πυλέων
534 1333 601 1372 καὶ
631 1335 702 1381 τῆς
733 1328 885 1371 οἷνόδου
916 1347 952 1370 κ.
976 1347 1010 1370 τ.

346 1390 401 1440 λ.]
431 1392 638 1427 Primarius
659 1391 698 1425 in
727 1401 854 1426 arcem
875 1390 1012 1425 introi-

349 1454 409 1484 tus
434 1476 444 1494 ,
494 1446 570 1499 quai
609 1453 740 1497 postea
804 1447 1011 1497 propylaea

349 1504 491 1541 exstrui
521 1505 627 1540 iussit
656 1503 842 1549 Pericles,
876 1502 923 1539 ad
944 1516 1012 1539 oc-

348 1559 537 1598 cidentale
558 1560 652 1597 arcis
680 1561 777 1597 latus
799 1567 877 1597 erat
908 1574 928 1596 e
949 1573 1012 1596 re-

349 1618 463 1668 gione
492 1618 707 1667 Areopagi,
743 1615 846 1653 uude
876 1619 1014 1653 Persae

351 1673 400 1711 ad
441 1687 569 1711 arcem
610 1673 856 1712 accedebant.
930 1673 1014 1718 Qua

352 1730 413 1768 via
435 1744 556 1782 quum
577 1730 808 1767 adscendere
828 1743 906 1767 non
929 1744 1015 1781 pos-

351 1795 458 1837 sent,
499 1788 572 1824 alisi
611 1787 862 1824 escenderunt
896 1795 1015 1838 parte,

352 1845 527 1882 orientali
560 1846 764 1892 nimirum,
798 1843 1014 1895 ἔμπροσθε,

352 1898 431 1951 πρὸ
460 1904 531 1950 τῆς
563 1897 824 1952 οἷκροπόλιοςε
857 1906 938 1938 (ente
953 1915 1015 1938 ar-

353 1971 424 1995 cem
438 1958 497 1994 secl
521 1960 559 1995 in
578 1962 682 2008 parte
711 1973 734 1995 a
760 1962 865 2008 porta
889 1962 921 1994 et
951 1958 1016 1995 atl-

353 2028 477 2052 scensu
505 2027 651 2061 aversa,
685 2015 743 2064 (ut
766 2016 925 2052 Siebelis
959 2016 1017 2051 in-

354 2078 582 2122 terpretatur
616 2071 664 2108 ad
694 2073 857 2109 Pausan.
888 2074 925 2120 I,
951 2074 1016 2119 18,

357 2131 395 2175 2,
419 2129 484 2180 qui
504 2127 608 2164 idem
629 2130 760 2165 Persas
781 2129 864 2165 loco
890 2129 1019 2165 maxi-

356 2198 421 2221 me
452 2192 656 2235 praerupto
693 2185 904 2222 escendisse
924 2187 1020 2223 scri-

356 2242 450 2289 bit),
472 2242 537 2278 ubi
557 2243 717 2290 Aglauri
759 2244 913 2288 fanum,
946 2243 1021 2279 ori·

359 2299 475 2335 entali
515 2301 609 2335 arcis
646 2300 752 2336 lateri
788 2301 1018 2338 subiectum.

356 2356 432 2406 Ipsi
470 2355 629 2405 Aglauri
669 2357 757 2392 fano
804 2358 1019 2393 subiectum

359 2418 438 2448 erat
468 2419 718 2463 prytaneum,
748 2414 787 2449 in
819 2412 1020 2449 meridiem

358 2470 480 2518 magis
509 2482 670 2519 vergens
693 2477 729 2506 et
758 2468 806 2506 ad
835 2471 928 2506 arcis
959 2483 1022 2506 ra-

361 2524 460 2561 dices
482 2533 710 2563 euronotum
723 2533 933 2576 spectantes
951 2540 1023 2577 po-

360 2582 498 2628 situm3
520 2582 624 2619 unde
645 2585 683 2620 in
704 2585 899 2620 inferiores
921 2585 1022 2620 urbis

362 2644 486 2687 partes
505 2637 718 2678 descensus.
778 2641 886 2677 Cous.
910 2642 1025 2677 etiam

364 2691 484 2731 Kruse
502 2696 600 2732 Hell.
622 2699 668 2744 11,
695 2700 711 2737 1
732 2711 819 2748 pag.
842 2699 894 2738 78
915 2710 1021 2749 seqq.

365 2756 402 2786 et
417 2749 462 2787 de
475 2751 642 2801 Aglauro
661 2755 836 2791 Creuzer.
849 2755 1024 2805 Symbol.

363 2807 400 2843 11
439 2820 528 2858 pag.
567 2811 647 2849 729
682 2824 760 2862 seq.
815 2813 865 2847 At
895 2810 1025 2848 Lcake

362 2863 648 2918 (Topography
669 2865 860 2906 ofAthen.
879 2883 916 2919 p.
931 2869 1025 2916 125)

1069 1218 1230 1268 Aglauri
1277 1217 1412 1253 sanum
1444 1218 1731 1269 septentrionali

1069 1276 1163 1311 arcis
1203 1275 1309 1310 lateri
1352 1275 1566 1311 subiectum
1604 1277 1734 1314 scribit

1069 1332 1254 1382 Cecropio
1307 1338 1344 1367 et
1387 1330 1608 1368 Pandroseo
1660 1345 1733 1369 au-

1067 1401 1237 1435 nexum,
1277 1401 1396 1438 prope
1427 1389 1542 1425 Panis
1580 1395 1734 1426 antrum

1070 1452 1106 1482 et
1127 1457 1211 1481 eam
1225 1474 1234 1492 ,
1256 1458 1354 1496 quae
1376 1458 1479 1481 nunc
1500 1447 1643 1482 Macrai
1662 1459 1735 1483 vo-

1071 1509 1178 1538 catur
1195 1531 1204 1548 ‚
1265 1503 1487 1551 regionem,
1539 1504 1603 1539 ubi
1641 1516 1735 1540 sane

1069 1560 1239 1595 maxime
1266 1571 1447 1609 praeceps
1486 1560 1580 1596 arcis
1610 1573 1734 1611 rupes.

1072 1615 1156 1661 Qua
1177 1614 1312 1651 eadem
1342 1623 1450 1666 parte
1471 1623 1600 1653 nostra
1635 1630 1736 1669 quo-

1072 1686 1147 1725 que
1186 1674 1374 1709 memoria
1409 1674 1544 1710 Graeci
1581 1674 1621 1709 in
1672 1687 1735 1710 ar-

1072 1743 1157 1767 cem
1175 1729 1333 1780 ingressi
1355 1727 1616 1780 perhibentur.
1648 1729 1738 1770 Vid.

1074 1788 1205 1824 Stuart
1246 1793 1282 1823 et
1322 1788 1470 1824 Revett.
1498 1786 1662 1824 Alterth.
1698 1801 1738 1838 p.

1074 1844 1154 1885 249
1173 1865 1218 1870 —
1241 1843 1334 1884 254.
1358 1842 1504 1881 Leakio
1537 1846 1739 1881 assentitur

1070 1898 1308 1937 Broendsted
1326 1902 1434 1937 Reise
1455 1909 1526 1938 etc.
1546 1903 1581 1937 11
1601 1916 1639 1952 p.
1657 1899 1739 1941 234

1072 1971 1153 2008 seq.
1185 1956 1232 1993 de
1273 1959 1447 1994 orientali
1487 1960 1581 1995 arcis
1621 1959 1739 1994 latere

1073 2016 1112 2050 in
1136 2013 1320 2050 Herodoti
1343 2015 1426 2051 loco
1449 2015 1608 2066 cogitari
1630 2028 1741 2066 posse

1073 2084 1231 2121 negans,
1253 2072 1381 2122 inquo
1403 2079 1554 2109 tantum
1575 2073 1742 2108 anterior

1076 2130 1169 2164 arcis
1201 2142 1286 2178 pars
1319 2128 1395 2177 (die
1421 2142 1549 2178 grosse
1570 2127 1740 2166 Vorder-

1075 2187 1166 2222 seite
1188 2184 1384 2235 derBurg)
1408 2185 1596 2222 indicetur
1617 2199 1740 2237 eaque

1075 2241 1123 2278 ad
1143 2244 1439 2292 septentrionem
1461 2255 1654 2289 conversa,
1676 2243 1742 2279 ubi

1076 2300 1190 2335 etiam
1211 2299 1370 2348 Aglauri
1391 2298 1502 2336 aedes
1524 2312 1641 2350 prope
1663 2301 1741 2336 Pa-

1075 2357 1132 2392 nis
1169 2363 1336 2392 antrum.
1357 2378 1413 2383 ——
1457 2358 1500 2393 In
1531 2370 1637 2408 seqq.
1671 2368 1740 2407 pro

1074 2413 1275 2463 καίτοιπερ
1316 2412 1392 2449 duo
1428 2412 1541 2450 codd.
1584 2414 1740 2463 καίπερ,

1078 2482 1177 2505 unus
1209 2470 1304 2505 liber
1326 2470 1392 2508 καί
1407 2486 1468 2508 τοι
1484 2485 1539 2523 γε.
1575 2471 1607 2506 E
1631 2470 1740 2507 Stob.

1080 2527 1206 2565 Serm.
1247 2527 1391 2573 XLIV,
1425 2528 1515 2575 [46]
1550 2540 1637 2578 pag.
1660 2529 1743 2568 310

1081 2583 1138 2633 (p.
1161 2585 1256 2630 267,
1279 2585 1327 2622 T.
1350 2585 1396 2620 11.
1420 2585 1556 2634 Gaisf.)
1581 2586 1742 2621 VVesse-

1081 2641 1220 2689 litigius
1242 2642 1381 2677 excitat
1410 2642 1538 2680 καίτοι
1558 2656 1645 2691 περ.

1137 2694 1229 2735 oio&
1243 2697 1281 2743 ἐς
1302 2694 1344 2736 τό
1357 2697 1526 2750 μέγαρον
1549 2697 1742 2746 κατέφευ·

1080 2753 1170 2806 γον]
1196 2755 1251 2790 De
1261 2768 1355 2791 voce
1369 2754 1539 2806 μέγαρον
1555 2753 1632 2791 vid.
1645 2761 1741 2791 nott.

1083 2809 1131 2847 ad
1151 2811 1180 2856 1,
1194 2811 1261 2852 65.
1281 2812 1741 2862 Intelligiturautem,nisi

1082 2867 1216 2917 fallor,
1245 2867 1350 2906 idem
1371 2870 1496 2918 locus,
1523 2882 1640 2922 quem
1660 2870 1740 2906 No-
