1839 3292
413 165 496 204 206
809 166 1272 205 HERODOTI

411 273 492 330 νίῳ
521 275 852 330 μεμισθωμένος
881 273 964 317 οὐκ
995 274 1158 330 ὀλίγον,
1189 275 1345 321 ἐθύετό
1373 293 1417 321 τε
1448 277 1522 321 καὶ
1553 287 1734 334 noos-90

410 341 598 396 θυμὲετο
637 340 749 384 κατά
784 357 828 384 τε
862 340 909 385 τὸ
949 341 1074 395 ἔχθος
1114 342 1163 385 τὸ
1207 347 1572 401 Λακεδαιμονίων
1601 348 1677 391 καὶ

413 409 524 453 κατὰ
553 410 603 451 τὸ
631 408 800 463 κέρδος.

519 474 598 526 Ὡς
629 476 675 520 δὲ
707 474 788 520 οὐκ
808 476 1046 532 ἐκαλλιέρεε
1078 477 1188 521 ὥστε
1216 476 1442 533 μάχεσθαι,
1473 482 1573 528 οὔτε
1601 483 1678 528 αὖ-

414 549 528 587 τοῖσι
559 544 779 602 Πέρσῃσι,
810 545 911 589 οὔτε
940 550 1053 588 τοῖσι
1088 542 1174 600 μετ’
1217 547 1393 589 ἐκείνων
1431 548 1552 592 ἐοῦσι
1585 550 1678 594 Ἑλ·

414 611 578 666 λήνων·
619 611 758 669 (εἶχον
797 614 879 670 γὰρ
920 614 994 656 καὶ
1029 608 1154 657 οὗτοι
1188 614 1254 657 ἐπ
1307 614 1482 660 ἑωυτῶν
1521 615 1678 673 μάντιν

286 484 353 530 38

80 549 268 577 Graecorum
287 549 356 576 bar-

79 583 161 611 baris
179 592 234 610 aux
220 584 324 610 xiiian-

79 617 153 644 tium
172 623 256 644 xatcs
282 616 320 642 lli
314 625 355 650 =-p

79 651 239 686 pomachus
279 650 357 677 Len

77 683 358 761 ςῖᾚὲΞ-εηῐῐᾱζῑξῃω
410 678 688 736 Ιππόμαχον,
718 681 1139 739 Λευκάδιονοὶνδρα·
1150 685 1168 737 )
1200 683 1492 739 ἐπιῤῥεόντων
1524 685 1570 729 δε
1587 690 1676 729 τῶν
1733 688 1807 725 711

78 751 225 779 Thebana
210 760 242 778 ιω
270 750 352 778 ⁸Niar-

406 746 645 804 Ἑλλήνων,
692 750 767 792 καὶ
803 749 1046 806 γινομένων
1083 751 1302 803 πλεύνων,
1337 755 1622 809 Τιμηγενίδης
1651 754 1675 800 ὁ
1687 762 1733 798 95

399 815 617 871 ’Έρπυος,
659 815 769 872 ἀνὴρ
823 821 1026 874 Θηβαῖος,
1068 820 1383 874 συνεβούλευσε
1429 823 1674 879 Μαρδονίῳ

411 883 488 934 τὰς
527 884 710 940 ἐκβολὰς
750 889 831 928 τοῦ
871 889 1155 940 Κιθαιρῶνος
1186 887 1398 943 φυλάξαι·
1447 888 1586 944 λέγων
1617 888 1676 941 ὥς

411 952 665 1007 ἓπιῤῥέουσι
694 953 958 1011 οῖ”Ελληνες
986 955 1070 999 αἰεὶ
1100 954 1185 999 ἀνὰ
1216 959 1361 999 πᾶσαν
1387 954 1566 1014 ἡμέρην,
1600 958 1674 1001 καὶ

77 785 135 812 don
119 787 166 812 ιιίο
186 794 210 811 ει
213 785 303 824 ¹³5¹²¹z
322 786 354 810 ut

79 818 270 846 Cithaeronis
287 821 353 846 iau-

78 860 128 881 ces
147 856 279 888 occupet.

352 1172 466 1219 bello,
487 1172 596 1209 nobis
615 1185 694 1209 non
719 1173 871 1223 cognito
899 1172 1012 1209 forsi-

351 1235 418 1266 tan
442 1227 504 1266 hic
525 1228 773 1280 cogitandum
793 1242 871 1266 esse
892 1228 1010 1267 addit.

409 1286 712 1337 μεμισθωμένος
753 1281 828 1325 οὐκ
859 1280 1008 1337 ὀλίγον]

350 1342 377 1379 i.
405 1355 440 1381 e.
471 1344 621 1380 mercede
642 1343 740 1380 haud
769 1345 902 1391 exigua
928 1356 1012 1380 con-

352 1399 495 1437 ductus.
531 1400 803 1450 Subintelh'gas
834 1401 923 1436 licet
951 1415 1011 1439 τι-

351 1451 531 1507 μήματος
551 1470 582 1494 ε.
608 1452 822 1509 εἷργυρίουτ
854 1455 902 1493 de
934 1470 1011 1508 quo

350 1511 429 1551 vid.
455 1514 649 1553 Lambert.
684 1515 774 1551 Bos.
795 1515 852 1550 De
874 1514 1012 1565 ellipss.

350 1570 396 1607 L.
419 1570 483 1606 Gr.
506 1584 544 1621 p.
567 1573 619 1611 39
649 1584 728 1623 seq.
754 1570 835 1611 473
855 1584 934 1623 seq·
957 1593 1008 1599 -

349 1626 566 1663 Articulum
587 1629 641 1682 τῷ
662 1635 749 1665 ante
771 1627 1009 1680 Μαρδονίῳ,

348 1696 463 1735 quem
477 1691 633 1722 tuentur
644 1684 887 1732 Schaeserm,
906 1686 1009 1722 Mat-

347 1738 451 1777 thiae
494 1748 530 1778 et
558 1740 771 1791 Bekkerus‚
831 1741 1011 1793 equidem

348 1811 439 1834 cum
459 1799 613 1850 reliquis
629 1800 769 1848 abieci,
801 1799 1011 1835 Florentini

348 1855 588 1909 aliorumque
630 1855 742 1894 codd.
788 1857 1010 1893 auctoritate

346 1911 478 1949 fretus.

406 1965 552 2010 ἐθύετό
569 1984 610 2009 τε
622 1967 689 2008 καὶ
714 1967 1005 2022 προεθυμέετο]

347 2024 411 2062 Ad
427 2027 589 2063 verbum
619 2022 764 2067 ἐθύετο
786 2026 886 2066 conf.
909 2033 1007 2064 nott.

347 2081 397 2119 ad
417 2083 499 2131 Vll,
530 2085 623 2123 189.
680 2083 854 2136 Sequens
887 2097 1009 2134 προε-

346 2138 516 2190 θυμέετο
538 2141 732 2191 intelligo:
751 2152 918 2189 magnum
928 2145 1007 2176 stu-

345 2196 442 2233 dium
467 2197 645 2244 exhibuit,
690 2198 793 2235 valde
832 2196 1007 2234 studiosus

338 2253 431 2302 fuit.
475 2254 547 2298 Qui
572 2255 623 2290 ita
642 2255 909 2305 interpretatus
926 2260 1006 2290 erat

344 2308 754 2360 Schweighaeuserus:
786 2323 917 2359 „sacra
945 2311 1005 2346 fa-

345 2367 490 2412 ciebat,
523 2368 668 2404 libenter
690 2372 845 2418 suscepto
863 2380 900 2404 eo
924 2380 1005 2404 mu-

344 2425 447 2461 πει-ειι
468 2425 499 2460 is
520 2431 652 2475 postea
671 2426 820 2473 rectius,
855 2424 1001 2473 opinor,

343 2480 382 2516 in
415 2482 512 2518 Lex.
545 2480 689 2518 Herod.
725 2483 776 2519 ita
815 2479 1002 2518 reddidit:

339 2542 513 2585 promtam
556 2551 693 2589 operam
730 2539 890 2577 navavit.
957 2539 1002 2574 Iu

346 2594 468 2631 verbis
488 2591 587 2634 κατά
608 2609 649 2634 τε
667 2591 711 2634 τὸ
730 2595 851 2647 ἔχθος
870 2609 906 2634 κ.
922 2609 956 2634 τ.
968 2597 1003 2633 λ.

344 2652 571 2700 praepositio
607 2652 707 2690 valet
747 2653 808 2700 ob,
851 2655 1003 2702 propter.

344 2705 539 2745 Vid.u0tt.
569 2707 617 2745 ad
643 2710 743 2756 vul,
765 2713 832 2750 30.
867 2708 1002 2747 matth.

342 2762 407 2801 Gr.
423 2764 488 2801 Gr.
511 2765 548 2809 §.
570 2765 648 2806 581
670 2779 709 2817 p.
734 2769 854 2807 1130.

1237 1207 1329 1259 cap.
1342 1209 1560 1248 xxxvm.

1122 1284 1197 1333 ,Ως
1218 1284 1260 1325 δὲ
1292 1283 1365 1327 οὔκ
1394 1288 1637 1342 ἐκαλλιέρεε]
1662 1291 1720 1329 Cf.

1066 1349 1162 1380 nott.
1184 1343 1232 1380 ad
1261 1345 1342 1395 Vn,
1369 1349 1460 1387 134.

1126 1396 1232 1452 εἶχον
1247 1417 1323 1454 γαρ
1344 1400 1411 1441 καὶ
1431 1397 1542 1443 οὗτοι
1559 1397 1618 1442 ἐπ’
1629 1401 1729 1442 ἑωυ-

1067 1459 1148 1496 τῶν
1166 1454 1307 1509 μάντιν
1335 1456 1603 1511 Ἱππόμαχον]
1644 1460 1671 1497 i.
1693 1473 1728 1499 e.

1067 1527 1152 1551 nam
1179 1515 1218 1551 ln·
1248 1528 1378 1565 quoque
1407 1530 1507 1555 suum
1540 1516 1726 1566 quendam,

1067 1572 1138 1608 sibe
1153 1573 1238 1621 ipses
1255 1574 1435 1623 proprium
1463 1573 1635 1611 habebant
1657 1585 1725 1610 va-

1067 1631 1135 1666 tem
1155 1628 1436 1679 Hippomacltum
1455 1631 1546 1678 sive,
1564 1637 1606 1666 ut
1618 1631 1728 1667 Ηοο-

1066 1698 1213 1735 geveen
1251 1685 1375 1723 reddit
1402 1685 1449 1724 ad
1476 1688 1604 1737 Viget.
1636 1699 1728 1737 pag.

1068 1741 1170 1781 614.-
1200 1742 1374 1780 habebant
1394 1746 1483 1781 enim
1500 1747 1533 1780 et
1554 1744 1592 1780 ln·
1614 1757 1728 1793 pecu-

1067 1798 1189 1836 liarem
1217 1800 1285 1836 sibi
1322 1800 1540 1851 haruspicem
1584 1799 1728 1851 Hippo—

1065 1856 1237 1894 maehum.
1266 1858 1325 1893 De
1349 1858 1541 1894 locutione
1553 1855 1600 1897 ἐπ
1625 1856 1727 1896 ἔων-

1064 1913 1146 1951 τιὸν
1194 1913 1273 1951 vid.
1319 1915 1388 1962 IX,
1432 1917 1480 1955 17
1531 1921 1567 1951 et
1614 1914 1727 1950 allata

1065 1968 1114 2006 ad
1135 1971 1198 2019 IV,
1218 1969 1310 2010 114.
1326 1991 1379 2000 -
1394 1972 1439 2007 In
1459 1983 1566 2023 seqq.
1582 1967 1651 2017 τοὶς
1661 1969 1727 2010 ἐκ-

1064 2024 1199 2077 βολάς,
1235 2034 1277 2064 ut
1295 2029 1365 2073 IX,
1387 2030 1454 2074 39,
1480 2027 1570 2064 dicit
1586 2026 1727 2078 fauces,

1063 2097 1132 2134 per
1163 2097 1256 2135 quas
1290 2098 1311 2120 e
1341 2083 1570 2122 Cithaerone
1593 2091 1726 2120 moute

1065 2142 1187 2177 exitus
1220 2147 1337 2190 patet.
1394 2143 1452 2177 De
1482 2141 1587 2177 fluvii
1617 2142 1725 2177 exitu

1062 2210 1092 2234 s.
1123 2198 1217 2233 ostio
1247 2196 1351 2232 idem
1382 2198 1613 2234 vocabulum
1641 2197 1722 2245 Vll,

1066 2256 1158 2294 128.
1187 2255 1244 2290 De
1264 2253 1502 2302 Timagenitla
1517 2254 1722 2302 cf.1X,86.

1061 2310 1224 2347 Pausau.
1256 2311 1336 2360 vn,
1364 2313 1413 2350 10
1434 2312 1470 2355 ᾗ.
1496 2313 1532 2350 1.

1117 2366 1185 2406 καὶ
1233 2364 1288 2413 ὥς
1339 2362 1619 2417 ἀπολάμψοιτο
1653 2378 1720 2404 συ-

1059 2421 1200 2474 χνούς]
1238 2424 1264 2460 i.
1296 2437 1329 2462 e.
1365 2424 1482 2460 dicens
1517 2438 1552 2461 se
1594 2423 1720 2460 multos

1059 2483 1331 2531 interceptarum
1351 2494 1433 2527 esse,
1454 2482 1619 2518 Graecos
1639 2480 1721 2518 scil.

1059 2545 1298 2574 accurrentes
1319 2536 1367 2574 ad
1388 2536 1592 2575 Thessalos
1620 2550 1649 2576 s,
1671 2535 1720 2573 ad

1059 2607 1123 2631 eos
1154 2596 1339 2641 Graecos,
1373 2596 1440 2647 qui
1459 2608 1482 2631 a
1516 2596 1719 2631 Persarum

1058 2653 1227 2702 partibus
1249 2659 1404 2691 starent.
1435 2654 1493 2688 De
1516 2652 1638 2689 forma
1652 2651 1718 2686 su-

1058 2709 1135 2745 turi
1154 2704 1448 2760 ἅπολαμψομαι
1467 2708 1542 2745 vid.
1565 2709 1640 2744 citt.
1669 2705 1717 2742 ad

1059 2766 1125 2814 111,
1154 2767 1256 2815 146,
1301 2766 1367 2802 ubi
1399 2760 1716 2816 ἀπολάμψεσθαι
