1839 3292
67 662 134 708 45

573 221 914 258 URANIA.
975 221 1102 259 VIII.

1404 226 1459 265 59

199 329 310 374 λᾶδα
344 327 636 385 καλεομένην,
684 325 798 385 ἦσαν
828 329 1067 384 Πελασγοὶ,
1112 327 1514 384 οὐνομαζόμενοιΊὸ

196 398 420 448 Κραναοί·
465 397 537 440 ἐπὶ
568 397 613 440 δὲ
643 396 873 450 Κέκροπος
906 396 1120 452 βασιλέος,
1153 397 1460 452 ἐπεκλήθησαν

197 466 491 518 Κεκροπίδαι·
529 464 813 520 ἐκδεξαμένου
849 465 894 507 δὲ
920 463 1157 520 Ἐρεχθέος
1199 463 1278 519 τὴν
1311 462 1458 520 ἀρχὴν,

193 531 420 588 Ἀθηναῖοι
447 531 868 588 μετωνομάσθησαν·
902 530 1057 582 Ἴωνος
1088 531 1134 575 δὲ
1162 535 1243 575 τοῦ
1274 530 1460 580 ,Ξούθου

200 599 468 654 στρατάρχεω
497 599 738 654 γενομένου
771 598 1063 654 Ἀθηναίοισι,
1097 597 1343 654 ἐκλήθησαν
1374 598 1458 643 ἀπὸ

198 667 360 711 τούτου
381 665 539 717 Ἴωνες.
596 667 820 723 Μεγαρέες
842 667 888 710 δὲ
916 665 1055 709 τωυτό
1088 663 1301 720 πλήρωμα
1320 668 1517 721 nand-80

205 751 333 792 χοντο
377 733 426 778 τό
474 735 548 779 καὶ
594 733 655 778 ἐπ’
707 733 977 791 Ἀρτεμισίῳ·

140 947 345 1002 Ἐρεχθέος
359 965 427 1002 pro
447 952 552 1003 vulg.
570 947 799 1004 Ἐρεχθῆος,

143 1008 190 1045 de
212 1022 288 1060 quo
310 1008 389 1045 dixi
409 1008 457 1046 ad
478 1011 559 1057 VH,
585 1012 676 1050 189.
722 1009 801 1047 Sed

142 1066 300 1117 reliqua,
330 1078 427 1116 quae
448 1064 486 1105 h.
514 1067 538 1106 l.
561 1073 680 1103 tentat
696 1069 801 1104 Koe-

143 1123 240 1170 nius,
298 1124 507 1160 mittamus.
586 1123 802 1160 Herodotea

145 1179 266 1228 attigit
294 1178 467 1216 Eustath.
489 1178 537 1215 ad
556 1180 803 1230 Dionys.Pe-

145 1236 238 1284 rieg.
264 1233 372 1284 4233
415 1236 515 1272 conf.
540 1236 700 1286 Scymn.
731 1235 802 1273 Ch.

146 1291 228 1332 558
254 1304 333 1342 seq.
364 1299 401 1328 et
426 1292 551 1329 strab.
580 1293 637 1329 IX
659 1306 699 1343 p.
723 1294 802 1333 608

145 1348 195 1384 Α.
224 1360 253 1385 ε.
276 1361 312 1397 p.
341 1350 436 1387 397.

201 1397 305 1453 ἦσαν
328 1401 540 1455 Πελασγοὶ,
581 1398 804 1453 ου’νομαζό-

147 1474 261 1510 μενοι
283 1460 483 1510 Κραναοί]
515 1462 601 1510 Ipsa
628 1459 804 1497 Athena-

145 1529 232 1555 rum
251 1516 339 1552 urbs
368 1518 447 1553 sive
476 1530 544 1553 arx
565 1517 656 1553 olim
686 1530 804 1553 voca-

144 1573 256 1609 batur
273 1618 284 1628 l
298 1569 465 1625 Κραναοῖ
503 1569 618 1620 πόλις
672 1572 802 1623 (conf.

145 1627 336 1679 Aristoph,
356 1628 453 1666 Ach.
464 1631 530 1671 75.
555 1630 709 1681 Lysistr.
722 1629 802 1671 483

143 1686 273 1737 ibique
295 1684 456 1736 Scholl.)
472 1715 482 1734 ‚
514 1688 672 1723 nomine
689 1687 803 1723 ducto

144 1743 206 1780 vel
234 1743 280 1778 ab
308 1744 464 1794 antiquo
486 1750 529 1780 ut
548 1744 721 1780 ferebant
739 1757 803 1780 re-

143 1811 192 1849 ge
234 1798 372 1836 Cranao
405 1801 477 1848 (cs.
506 1799 699 1850 Aristoph.
726 1801 801 1838 ΑΥ.

148 1858 240 1895 122.
273 1857 434 1894 Pausan.
466 1858 496 1902 Ι,
516 1860 542 1896 2
563 1859 599 1902 §.
621 1857 658 1897 5.
691 1859 739 1896 31
761 1858 799 1902 ξ.

145 1913 184 1950 2.
224 1912 446 1963 Apollodor.
478 1914 544 1960 ΙΙΙ,
580 1912 628 1952 14
649 1920 738 1952 sect.
758 1914 800 1962 1)

145 1968 208 2004 vel
228 1981 249 2004 a
270 1970 344 2006 loci
362 1977 496 2005 natura
526 1970 672 2021 solique
693 1983 804 2020 aspe-

146 2025 268 2061 ritate.
302 2027 360 2062 De
383 2026 526 2076 Cecrope
540 2033 653 2077 atque
663 2026 805 2063 Erech-

145 2081 223 2117 theo
237 2082 302 2118 vix
317 2095 410 2133 opus
428 2083 536 2133 plura
547 2082 693 2123 afferre.
717 2083 805 2120 Suf.

146 2137 286 2186 ficiant,
321 2152 418 2190 quae
440 2140 481 2176 C.
499 2141 541 2178 F.
564 2141 804 2177 Hermannus

147 2196 270 2231 attulit
290 2196 329 2231 in
350 2197 500 2233 Hellen.
530 2196 804 2235 Staatsalterth.

148 2251 246 2295 §.91
269 2259 350 2289 not.
374 2255 438 2293 19.
464 2256 525 2300 18,
548 2255 613 2305 qui
632 2252 736 2290 idem
757 2253 805 2290 de

148 2305 241 2354 Ione,
262 2307 386 2345 Xuthi
404 2309 494 2358 filio,
509 2311 719 2347 Atticarum
741 2324 806 2346 re-

149 2376 236 2400 rum
268 2365 474 2413 conditore,
511 2365 557 2403 de
584 2380 658 2418 quo
691 2368 806 2403 etiam

150 2420 363 2459 Herodotus
393 2423 608 2460 conferatur
642 2425 723 2471 VII,
752 2422 805 2463 94

151 2476 257 2525 plura
277 2480 402 2516 citavit
418 2481 454 2524 ξ.
477 2481 528 2521 95
549 2487 628 2519 not.
652 2484 678 2521 2
698 2493 805 2531 seqq.

153 2532 239 2569 coll.
262 2535 298 2579 ξ.
328 2537 392 2582 91,
413 2537 479 2572 ubi
499 2538 634 2573 merito
661 2536 806 2573 attendi

152 2588 257 2625 iubet
287 2589 333 2627 ad
363 2591 525 2630 diversas
556 2592 669 2630 hasce
693 2594 806 2630 unius

152 2644 323 2682 eiusdem
342 2649 502 2697 regionis
523 2650 805 2700 appellationes3

152 2700 255 2738 unde
283 2703 314 2739 si
347 2704 438 2754 quid
468 2706 590 2753 aliud,
612 2705 684 2743 hoc
705 2714 806 2743 certe

152 2759 328 2808 colligas,
357 2773 514 2811 magnas
545 2763 637 2798 olim
664 2764 705 2799 in
734 2764 808 2800 At-

151 2815 224 2852 tica
240 2814 416 2854 accidisse
431 2819 656 2857 mutationes
672 2818 809 2857 dome-

1045 733 1364 789 Ἀμπρακιῶται
1402 735 1460 786 δὲ,

856 953 978 1001 sucas,
997 952 1045 989 de
1066 952 1203 1004 quibus
1225 958 1355 988 tamen
1365 951 1518 989 intanta

856 1011 1161 1047 testimoniorum
1189 1010 1318 1059 inopia
1341 1009 1406 1045 vix
1427 1011 1519 1045 certi

858 1066 951 1119 quid
960 1068 1187 1103 constituere
1201 1067 1308 1109 Ilicet.
1334 1064 1396 1101 Ad
1408 1065 1520 1101 Athe-

856 1126 988 1160 aienses
1012 1124 1109 1160 lones
1132 1122 1300 1158 referunt
1322 1123 1436 1158 etiam
1457 1122 1519 1159 Ιο-

859 1192 916 1217 nes
953 1178 1055 1230 apud
1092 1181 1249 1215 Homer.
1279 1178 1386 1215 Iliad.
1412 1180 1518 1225 XIII,

859 1236 952 1283 685,
989 1237 1056 1272 ubi
1075 1242 1118 1273 tu
1141 1236 1190 1272 cf.
1208 1233 1339 1272 Bothii
1358 1243 1520 1272 annota-

857 1293 1016 1330 tionem.

1079 1380 1172 1431 Cap.
1189 1381 1307 1418 XLV.

917 1457 1124 1510 Μεγαρέες
1144 1473 1179 1497 κ.
1197 1473 1230 1498 τ.
1255 1457 1324 1511 λ.]
1356 1461 1414 1495 De
1435 1457 1520 1496 Me-

858 1516 1066 1565 garensibus
1097 1515 1176 1553 vid.
1210 1516 1310 1562 Vm,
1347 1518 1365 1554 1
1389 1516 1519 1566 ibique

859 1579 969 1621 nott„
1001 1573 1067 1609 ubi
1093 1573 1209 1608 etiam
1231 1571 1277 1608 de
1298 1585 1393 1610 voce
1418 1568 1520 1622 πλή-

860 1644 985 1680 ρωμα.
1019 1630 1205 1667 Voculam
1225 1625 1269 1668 τό
1288 1636 1372 1679 post
1386 1629 1520 1679 παρεί-

859 1701 975 1737 χοντο
1002 1687 1223 1723 auctoritate
1253 1685 1392 1722 codicis
1417 1687 1520 1723 San-

860 1743 970 1780 crofti
1019 1744 1199 1780 omissam
1241 1755 1263 1779 a
1297 1741 1518 1790 Schaefero,

860 1813 977 1851 quem
1003 1799 1138 1837 Matth.
1181 1806 1219 1836 et
1250 1798 1420 1836 Bekker.
1458 1812 1521 1835 se-

859 1864 1047 1908 quuntur,
1077 1855 1256 1908 equidem
1287 1870 1376 1893 cum
1402 1856 1520 1895 Gaisf.

859 1920 896 1950 et
916 1912 1137 1964 Schweigh.
1162 1914 1351 1951 revocavi.

914 1965 1216 2022 Ἀμπρακιῶται
1242 1967 1349 2008 δὲ-
1367 1966 1521 2020 ἐπεβώ-

860 2024 1017 2078 θησαν]
1057 2029 1116 2064 De
1144 2028 1269 2063 forma
1309 2024 1521 2077 ἐπεβώθη-

862 2094 936 2122 σαν
956 2083 1033 2120 vid.
1051 2091 1148 2120 nott.
1171 2083 1218 2120 ad
1234 2084 1332 2131 VIII,
1358 2087 1394 2123 1.
1431 2084 1520 2120 Am-

862 2142 1037 2177 braciotae
1051 2147 1138 2178 sunt
1149 2140 1296 2177 incolae
1308 2141 1409 2176 urbis
1421 2140 1520 2176 Am-

860 2198 1034 2244 braciae,
1093 2210 1191 2249 quae
1230 2210 1252 2233 a
1291 2195 1520 2248 quibusdam

861 2253 1113 2304 ThesprotIae
1163 2260 1382 2290 accensetur
1402 2283 1411 2301 ,
1471 2252 1520 2289 ad

858 2309 1098 2347 Arachthum
1113 2311 1181 2347 sita
1193 2310 1353 2347 fluvium
1372 2312 1411 2346 in
1422 2310 1521 2345 Am-

860 2368 978 2405 bracii
1002 2368 1104 2404 sinus
1124 2380 1273 2404 recessu
1288 2368 1434 2413 intimo,
1454 2367 1521 2402 ubi

863 2437 884 2461 a
913 2423 1116 2461 Corinthiis
1148 2424 1297 2474 Cypseli
1317 2423 1396 2459 fere
1417 2430 1522 2460 aeta-

860 2488 899 2518 te
934 2487 1124 2517 exstructa
1151 2487 1205 2516 est
1232 2492 1276 2516 eo
1305 2480 1412 2526 loco,
1445 2493 1521 2531 quo

862 2551 966 2574 nunc
983 2537 1120 2574 dicitur
1141 2549 1221 2572 esse
1239 2537 1345 2574 Arta.
1403 2537 1522 2573 Plura

862 2596 983 2631 Kruse
1005 2594 1132 2630 Hellas
1151 2594 1199 2636 11,
1215 2595 1240 2632 2
1264 2606 1301 2643 p.
1321 2594 1401 2633 283
1414 2607 1521 2645 seqq.

864 2653 946 2691 322
985 2663 1092 2701 seqq.
1168 2647 1317 2686 Eodem
1365 2663 1520 2702 quoque

863 2713 1048 2756 tempore,
1070 2705 1210 2743 Leucas
1230 2706 1381 2743 condita
1401 2708 1520 2745 fertur

864 2775 886 2799 a
921 2760 1136 2811 Corinthiis,
1155 2762 1276 2813 patri-ft
1301 2764 1380 2800 scil.
1405 2764 1520 2814 pulsis

865 2817 1085 2857 dominante
1103 2820 1287 2871 Cypselo3
1303 2819 1407 2873 quod
1417 2821 1521 2857 enim
