1839 3292
226 206 312 248 41⁰
774 200 1161 239 GOMMENTATIO

226 324 326 366 rent,
352 315 401 354 ad
418 315 470 366 id,
502 313 606 369 quod
626 327 761 353 verum
776 320 845 361 est,
867 313 1074 352 revocandi
1096 321 1212 366 atque
1235 326 1256 350 e
1271 313 1436 350 naturali
1461 324 1590 350 rerum
1613 326 1727 351 cursu

227 373 457 427 explicandi.
514 375 641 424 Atque
663 370 738 407 huc
760 372 878 407 etiam
893 371 1034 408 referre
1055 371 1169 422 po'ssis
1181 372 1210 417 1,
1237 372 1326 417 131,
1357 371 1422 406 ubi
1439 372 1584 418 Persas,
1606 383 1728 420 quem-

225 432 413 470 admodum
431 431 598 477 Graecos,
622 424 749 473 θεοὺς
772 422 1100 478 ἅνθρωποφυέας
1127 427 1297 465 statuisse
1325 434 1462 477 negat,
1499 440 1543 464 eo
1564 428 1644 477 ipso
1665 428 1729 469 iuzi

226 488 377 537 dicans,
412 489 647 525 Graecorum
676 483 839 522 deorum
853 485 970 535 vulgo
991 492 1233 536 receptorum
1252 489 1428 520 naturam
1443 485 1514 521 sibi
1535 485 1632 521 bene
1647 497 1727 522 esse

225 550 434 601 cognitam.
495 542 607 582 Adde
622 543 668 590 11,
692 541 767 582 53:
799 540 919 581 ἔνθεν
943 539 985 581 δὲ
1005 541 1156 594 ἐγένετο
1177 540 1338 586 ἕκαστος
1358 542 1437 578 τῶν
1465 543 1597 589 θεῶν,
1625 540 1665 580 εἴ
1687 554 1729 581 τε

226 599 263 643 δ’
284 602 360 642 αἰεὶ
379 601 486 652 ἦσαν
504 595 677 646 πάντες,
707 596 836 638 ὁκοῖοί
853 598 893 638 τέ
912 613 1015 645 τινες
1044 596 1092 638 τοὶ
1117 598 1249 642 εἴδεα,
1280 591 1354 636 ov'n
1379 591 1590 647 ἠπιστέατο
1617 595 1729 649 μέχρι

226 654 279 700 οὗ
297 656 439 711 πρώην
460 671 501 696 τε
519 656 587 695 καὶ
605 653 724 707 χθὲς,
758 653 813 702 αἷς
833 654 960 694 εἰπεῖν
988 650 1116 709 λόγους
1146 663 1182 692 et
1202 655 1442 705 potissimum
1463 666 1528 701 ea,
1560 666 1658 706 quae
1677 653 1728 691 de

224 718 406 767 Neptuno
435 713 581 752 disserit
610 713 691 760 Vll,
714 714 808 753 129.
823 713 875 750 Τ.
900 714 965 762 111,
987 727 1025 764 p,
1048 715 1142 754 630,
1200 713 1300 748 Hinc
1322 723 1476 763 quoque
1497 711 1567 759 IX,
1589 709 1644 751 65
1660 710 1728 749 fin.

226 772 351 813 δοκέω
385 769 449 819 δὲ,
493 770 629 810 εἴτι
667 767 789 820 περὶ
830 771 931 809 τῶν
972 769 1139 809 θείων
1175 764 1492 821 πρηγμάτων
1519 765 1729 807 δοκέειν

226 831 327 878 δεῖ,
356 827 386 881 ἦ
415 825 514 875 θεός
552 821 654 876 αὐτή
682 837 808 875 σφεας
838 821 912 866 ov'n
938 825 1093 874 ἐδέξατο
1126 841 1163 864 κ.
1196 841 1227 865 τ.
1255 828 1289 864 λ.
1347 825 1480 875 Itaque
1508 830 1611 861 recte
1631 823 1728 861 mihi

224 888 279 925 sic
309 894 472 924 statuere
504 883 655 922 videtur
685 883 831 933 laeger.
860 884 956 921 Diss.
987 882 1156 920 Herodd.
1186 897 1222 934 p.
1254 885 1329 922 31:
1374 880 1446 930 „In
1475 883 1673 918 universum
1690 883 1728 918 in

224 946 347 995 aprico
363 948 412 981 est
434 943 556 979 mentis
572 939 745 977 Herodoti
764 951 841 977 cum
855 942 982 989 patria
1000 941 1174 989 religione
1193 941 1415 988 conspiratio.
1464 939 1513 976 At
1530 951 1600 976 non
1613 940 1728 975 minus

224 1002 358 1046 elucet,
387 1012 463 1037 eum
485 999 612 1035 altiori
632 997 840 1034 collocatum
861 996 954 1046 loco,
983 997 1198 1035 iudicantem
1222 998 1343 1046 potius
1364 1007 1469 1046 quam
1500 999 1621 1032 temere
1648 1007 1727 1032 cre-

225 1058 360 1096 dentem
379 1057 429 1093 acl
451 1069 527 1093 eam
550 1053 749 1093 accedere.“

338 1125 540 1171 Quaeritur
558 1123 673 1172 igitur
688 1120 782 1173 qnid
802 1121 911 1158 altius
927 1122 1062 1157 Noster
1081 1121 1240 1158 senserit
1259 1126 1296 1157 et
1330 1119 1484 1171 qualem
1506 1117 1624 1156 divini
1649 1131 1727 1155 nu-

223 1183 338 1219 minis
357 1183 556 1219 notionem
576 1180 705 1216 animo
721 1180 944 1229 impressam
964 1179 1151 1225 tenuerit,
1181 1184 1223 1214 ut
1242 1190 1291 1213 ex
1311 1190 1367 1225 ea,
1400 1189 1498 1228 quae
1518 1174 1630 1212 huius
1649 1188 1726 1212 nu·-

224 1241 339 1276 minis
369 1246 423 1276 est
443 1239 498 1275 vis
519 1244 634 1288 atque
654 1243 816 1287 potestas
837 1236 877 1271 in
906 1248 965 1272 res
985 1233 1194 1282 humanas,
1225 1247 1375 1281 rerum,
1406 1246 1504 1285 quae
1535 1231 1726 1279 accidunt,

223 1297 402 1334 omnium
421 1296 499 1333 sive
518 1301 654 1330 natura
673 1294 751 1330 sive
771 1293 970 1329 necessitas
987 1292 1230 1342 intelligatur.
1279 1293 1456 1342 Namque
1476 1303 1526 1326 ex
1543 1288 1727 1326 Herodoti

223 1354 412 1391 sententia
441 1365 531 1388 cum
561 1349 729 1387 hominis
759 1356 861 1386 certa
886 1350 933 1385 sit
953 1348 1120 1385 conditio
1149 1347 1339 1400 quaedam
1359 1348 1529 1398 finesque
1549 1347 1661 1397 positi
1681 1358 1726 1382 ac

223 1411 397 1456 termini,
430 1410 528 1444 intra
561 1420 655 1459 quos
676 1407 785 1442 illum
809 1419 889 1442 sese
910 1412 1041 1442 tenere
1069 1419 1222 1442 necesse
1258 1406 1325 1452 sit,
1377 1411 1578 1455 certusque
1609 1404 1726 1439 etiam

223 1480 344 1518 opum
365 1480 407 1503 ac
430 1465 646 1502 divitiarum
666 1462 804 1500 modus
827 1462 1031 1499 destinatus
1045 1492 1054 1509 ,
1087 1475 1176 1498 eum
1193 1491 1204 1509 ,
1235 1463 1301 1513 qui
1320 1460 1423 1498 hunc
1443 1460 1603 1497 modum
1625 1459 1726 1497 divi-

223 1526 325 1561 nitus
347 1524 594 1560 constitutum
614 1519 802 1557 excedere
821 1520 932 1567 velit,
965 1518 1138 1556 divinum
1160 1520 1331 1570 reprimit
1356 1531 1501 1554 numen
1530 1519 1609 1554 sive
1632 1515 1726 1554 deus

223 1582 287 1618 ille
310 1581 485 1617 omnium
504 1591 633 1615 rerum
645 1576 807 1621 vindex,
827 1577 892 1627 qui
916 1575 1091 1613 ordinem
1112 1577 1152 1612 in
1173 1589 1301 1612 rerum
1320 1583 1456 1611 natura
1476 1567 1726 1612 constitutuui

222 1645 352 1675 tuetur
382 1650 426 1673 eo
458 1634 562 1687 quod
592 1634 772 1685 superbos
802 1631 978 1670 homines
1013 1634 1200 1684 altiusque
1231 1646 1312 1669 sese
1341 1631 1476 1668 efferre
1498 1637 1678 1669 conantes
1703 1643 1726 1666 a

222 1695 410 1732 felicitatis
441 1705 557 1745 quem
591 1692 836 1728 obtinuerunt
868 1689 989 1739 gradu
1024 1689 1150 1726 deiicit
1178 1695 1292 1741 atque
1323 1689 1534 1725 calamitate
1555 1688 1726 1724 immissa

223 1765 288 1789 eos
314 1763 438 1802 poena
464 1749 597 1786 merita
627 1747 756 1784 afficit.
815 1745 1010 1798 Quidquid
1034 1747 1137 1782 enim
1173 1748 1213 1782 in
1243 1759 1372 1783 rerum
1392 1752 1528 1782 natura
1558 1745 1724 1780 nimium

222 1816 278 1846 est
300 1815 414 1860 atque
429 1808 526 1844 iusto
548 1805 658 1842 altius
679 1817 760 1841 sese
781 1804 939 1851 extollit,
961 1802 998 1840 id
1028 1802 1155 1841 divina
1175 1804 1238 1839 illa
1259 1804 1314 1840 vis
1334 1803 1505 1852 reprimit
1525 1807 1638 1853 atque
1659 1801 1722 1836 in-

221 1872 280 1902 tra
300 1865 392 1902 fines
416 1877 503 1901 suos
534 1862 740 1912 compellit.
761 1856 806 1910 ἡ)
866 1862 975 1897 Hanc
1004 1874 1094 1897 vero
1125 1859 1244 1896 divini
1272 1860 1442 1896 numinis
1473 1859 1552 1895 vim
1581 1859 1622 1894 in
1651 1870 1722 1894 sua

221 1921 377 1960 historia
397 1920 635 1971 potissimum
651 1924 951 1955 commonstrare
970 1918 1090 1955 voluit
1120 1916 1358 1966 Herodotus3
1392 1915 1439 1952 ad
1460 1913 1561 1951 hanc
1592 1915 1725 1951 omnia

220 1980 301 2016 fere
336 1979 470 2026 refert,
502 1989 600 2028 quae
622 1974 712 2012 inde
733 1973 892 2012 demum
910 1987 1022 2010 suum
1043 1975 1171 2011 locum
1192 1975 1382 2024 accipiunt
1398 1980 1512 2025 atque
1533 1970 1722 2009 ordinem.

221 2038 327 2073 Haec
358 2049 426 2086 per
453 2042 579 2071 totum
613 2046 708 2083 opus
743 2032 850 2083 quasi
870 2039 1004 2081 regnat
1039 2032 1220 2082 primaria
1251 2030 1402 2079 divinae
1433 2030 1570 2066 mentis
1601 2029 1722 2076 notio,

222 2093 299 2145 quai
315 2092 431 2129 deum
452 2092 628 2128 omnium
649 2102 778 2125 rerum
797 2087 1080 2125 moderatorem
1105 2087 1314 2125 habeamus
1327 2116 1338 2134 ,
1377 2088 1442 2139 qui
1473 2086 1722 2137 aequabilita-

221 2158 302 2188 tem
315 2148 449 2186 natur&
460 2149 704 2185 constitutam
724 2152 845 2183 servet
865 2147 1053 2195 integram
1066 2158 1228 2196 eamque
1245 2145 1421 2181 omnibus
1434 2142 1556 2179 modis
1573 2148 1723 2178 tueatur

220 2207 576 2244 incontaminatam.
607 2204 781 2240 Hominis
797 2203 964 2239 mortalis
984 2201 1172 2249 conditio,
1194 2203 1328 2238 sicum
1348 2201 1412 2236 illa
1442 2199 1592 2236 divinae
1607 2211 1721 2234 men-

221 2266 268 2302 tis
283 2266 320 2302 vi
340 2277 384 2300 ac
399 2269 606 2314 potestate,
636 2261 698 2298 cui
716 2261 781 2297 ille
800 2273 840 2297 se
858 2260 972 2310 plane
991 2260 1174 2296 subiicere
1207 2257 1338 2306 debet,
1368 2263 1628 2307 comparetur,
1658 2255 1721 2292 in-

315 2466 353 2510 *)
378 2464 455 2498 Vid.
476 2461 687 2509 potissimum
711 2460 792 2503 vn,
819 2461 861 2495 10
886 2462 918 2504 §-
944 2460 985 2495 5:
1036 2456 1131 2503 ὁρᾷς
1154 2456 1200 2493 τοὶ
1223 2455 1452 2501 ὑπερέχοντα
1483 2455 1560 2498 ζῶοε
1588 2451 1639 2494 ὦς
1662 2466 1720 2489 κε-

223 2507 392 2554 ραυνοῖὸ
413 2508 506 2549 θεὸς
528 2506 615 2543 οὐδὲ
633 2506 674 2554 ἐᾷ
698 2504 966 2551 φαντάζεσθαι,
987 2504 1033 2540 τὰ
1056 2504 1093 2539 δὲ·
1113 2503 1243 2549 σμικροὶ
1260 2503 1372 2540 οὐδέν
1389 2516 1451 2547 μιν
1467 2503 1600 2543 κνίζεις
1625 2497 1721 2546 ὁρᾷς

223 2556 263 2592 δὲ
283 2554 333 2596 ὠς
360 2555 398 2596 ἐς
416 2555 600 2600 οἰκήματα
619 2554 666 2588 τὰ
684 2552 834 2598 μέγιστα
860 2552 933 2587 αἰεὶ
955 2551 1017 2586 καὶ
1048 2551 1204 2595 δένδρεα
1233 2550 1277 2585 τὰ
1304 2551 1461 2585 τοιαῦτα
1490 2545 1720 2591 ἀποσκήπτει

222 2602 269 2636 τὰ
300 2601 426 2647 &il-sag
459 2599 574 2645 φιλέει
605 2600 675 2645 γάρ
709 2598 728 2634 ὁ
752 2597 845 2638 θεὸς
872 2597 918 2633 τοὶ
934 2596 1164 2642 ὑπερέχοντα
1181 2596 1306 2632 πάντα
1322 2594 1510 2631 κολούειν·
1547 2590 1601 2627 οὕ
1628 2591 1718 2636 γὰρ

222 2646 277 2694 ἐᾷ
309 2647 541 2692 φρονέειν
571 2645 692 2690 μέγα
724 2645 742 2680 ὁ
770 2643 889 2684 θεὸς
915 2641 1055 2678 ἄλλον
1088 2641 1109 2688 ἢ
1143 2642 1347 2686 ἑωυτόν,
1381 2643 1437 2676 ubi
1470 2641 1537 2675 vid.
1561 2643 1646 2673 nott.
1671 2639 1717 2672 Τ.

222 2695 275 2728 ΠΙ
301 2707 332 2739 p.
350 2696 428 2728 453.
478 2696 640 2727 Creuzer.
664 2693 796 2726 Histor.
822 2692 935 2726 Kunst
958 2691 991 2726 d.
1016 2692 1079 2724 Gr.
1106 2703 1140 2736 p.
1170 2691 1232 2725 149
1258 2702 1330 2735 seq.
1379 2689 1480 2722 Conf.
1515 2686 1617 2720 etiam
1651 2684 1718 2725 111,

225 2742 302 2776 108.
334 2741 394 2780 lV,
421 2743 495 2775 165.
520 2740 617 2779 VIII,
643 2741 685 2773 13
709 2736 893 2782 (ἐποιέετό
914 2749 951 2771 τε
971 2737 1047 2770 πᾶν
1068 2734 1143 2771 ὑπὸ
1167 2737 1234 2770 τοῦ
1257 2736 1374 2778 θεοῦ,
1405 2731 1529 2772 ὅκως
1556 2728 1610 2764 ἂν
1633 2727 1719 2771 ἐξι-

225 2786 406 2829 σωθείη
449 2787 505 2832 τῷ
536 2783 797 2831 ‘Elinia-1195
838 2782 887 2818 τό
933 2782 1171 2825 Περσικὸν
1205 2781 1329 2826 ’μηδὲ
1366 2778 1524 2823 πολλῷ
1569 2774 1718 2811 πλέον

225 2845 242 2867 ε
256 2832 353 2877 ἴη),
375 2832 455 2875 alia,
478 2843 565 2878 quae
588 2833 689 2878 paulo
713 2837 791 2878 post
813 2830 1015 2866 excitantur.
