1839 3292
577 221 902 260 URANIA
961 220 1088 256 VIII.

1407 222 1461 261 61

173 335 292 379 3οἷπὸ
310 332 535 389 Ἀθηνέων.
568 329 727 382 Νάξιοι
757 329 803 373 δὲ
824 329 1080 383 παρείχοντο
1098 325 1321 382 τέσσερας·
1353 325 1462 370 ἀπο-

200 402 469 458 πεμφθέντες
507 403 582 455 μὲν
626 399 667 449 ἐς
704 397 808 448 τοὺς
855 396 1043 452 Μήδους
1086 394 1173 438 ὑπὸ
1203 399 1292 438 τῶν
1313 401 1460 451 πολιη-

201 472 322 524 τέων,
352 468 541 521 κατι-ἕπερ
571 462 701 510 ὧλλοι
721 470 946 522 νησιῶται’
979 462 1268 519 ἀλογήσαντες
1299 464 1344 506 δὲ
1372 467 1517 506 τῶν95

202 539 434 588 ἐντολέων,
479 534 661 578 ἀπίκατο
707 533 749 584 ἐς
790 531 1140 587 τούς“Ἔλληνας,
1179 532 1461 587 Δημοκρίτου

204 606 490 655 σπεύσαντος,
521 602 683 654 ἀνδρὸς
719 604 807 643 τῶν
840 598 984 642 ἀστῶν
1015 601 1222 653 δοκίμου,
1262 600 1336 642 καὶ
1365 598 1460 641 τότε

172 672 571 730 4τριηραρχέοντος.
603 669 762 722 Νάξιοι
779 666 823 712 δέ
853 668 933 710 εἰσι
951 665 1111 719 Ἴωνες,
1141 664 1212 709 ἀπ’
1238 665 1459 722 Ἀθηνέων
1517 674 1598 718 640

148 847 240 883 olim
278 847 382 895 vulg.
411 840 647 894 Ἀθηναίων
685 842 803 878 Wes-

147 903 278 952 seling.
303 909 340 939 et
361 901 398 942 h.
420 902 445 937 l.
468 907 504 937 et
525 913 606 950 cap.
628 901 681 940 48
702 905 802 934 recte

148 958 252 995 dedit
298 954 523 1007 Ἀθηνέων,
578 968 802 1005 comparans

146 1016 245 1062 VIII,
267 1013 333 1062 45,
355 1015 421 1050 ubi
443 1009 521 1052 οἷπὸ
533 1013 743 1064 Κορίνθου
766 1018 802 1047 et

146 1072 246 1118 VIII,
273 1071 338 1119 46,
360 1072 425 1107 ubi
446 1065 511 1108 (ἐπ’
536 1065 801 1120 Ἐπιδαύρου.

146 1127 208 1165 Ad
225 1141 360 1165 vocem
383 1130 494 1165 Κεῖοι
515 1125 615 1162 conf.
637 1131 733 1164 nott.
755 1123 803 1160 ad

146 1185 247 1231 VIII,
280 1187 317 1223 1.
373 1185 544 1220 Ionicam
572 1182 694 1231 gentis
730 1181 796 1216 ori-

147 1242 290 1291 ginem,
314 1253 431 1292 quam
460 1246 607 1289 praeter
627 1236 803 1273 Herodo-

147 1305 232 1334 tum
263 1298 377 1334 etiam
405 1303 560 1332 testatur
594 1292 721 1332 Schol.
755 1292 802 1329 ad

148 1355 305 1404 Dionys.
334 1354 483 1402 Perieg.
519 1352 611 1397 526,
643 1362 686 1385 eo
703 1350 803 1385 refe-

147 1417 247 1456 runt,
259 1409 360 1461 quod
377 1410 531 1445 omnino
549 1405 802 1457 Cycladarum

147 1467 357 1502 insularum
395 1465 541 1500 incolae
581 1464 627 1499 ab
662 1464 800 1499 Ionicis

145 1523 278 1558 Atticis
298 1528 532 1572 repetuntur,
552 1526 645 1555 teste
665 1520 798 1569 Eurip-

145 1581 226 1615 Ion.
250 1578 351 1618 1581
375 1591 453 1628 seq.
477 1575 695 1627 Thucydid.
718 1577 798 1623 VII,

145 1636 212 1676 57.
269 1636 490 1671 Accuratius
532 1635 571 1668 in
608 1631 702 1668 haec
739 1634 800 1668 in-

147 1692 296 1742 quisivit
328 1689 576 1727 Broendsted.
611 1691 711 1726 Reis.
758 1692 798 1724 in

145 1746 296 1784 Griech.
317 1749 334 1783 I
363 1760 449 1797 pag.
471 1748 524 1788 55
557 1747 641 1784 coll.
663 1759 700 1796 p.
731 1748 800 1786 72.

146 1806 220 1850 Qui
241 1818 295 1852 ea,
319 1817 415 1855 quae
437 1803 484 1840 de
513 1804 638 1840 Ionica
662 1803 800 1853 Cycla-

145 1861 280 1897 darum
301 1862 445 1910 origine
466 1861 716 1910 institutisque
737 1861 801 1895 Ιο-

144 1918 237 1953 nicis
267 1917 399 1953 tradita
421 1924 589 1963 exstant,
625 1929 704 1952 non
752 1915 801 1952 ad

145 1975 252 2009 illam
318 1975 455 2009 Ionum
521 1975 801 2023 migrationem,

145 2043 245 2082 quae
274 2029 476 2066 undecimo
507 2037 595 2066 ante
634 2028 722 2066 Chr.
760 2043 798 2068 11,

146 2086 282 2123 accidit
315 2088 453 2133 seculo,
494 2086 560 2122 sed
598 2085 645 2122 ad
687 2086 800 2122 aliam

146 2143 340 2194 quandam
378 2144 664 2193 migrationem,
702 2156 799 2193 quae

146 2201 261 2236 serius
281 2199 438 2236 Athenis
462 2201 556 2236 facta
578 2201 641 2247 sit,
670 2200 800 2236 referri

146 2257 249 2302 vult3
270 2256 372 2292 unde
394 2257 672 2308 explicandum,
696 2256 798 2310 quod

146 2313 186 2348 in
215 2314 284 2349 illis
316 2314 456 2358 insulis,
488 2328 561 2366 qua
592 2328 660 2351 nos
691 2316 799 2351 novi-

147 2380 232 2406 mus
253 2377 384 2416 aetate,
403 2371 445 2406 ea
464 2373 602 2407 Ionum
622 2372 799 2408 obtinue-

147 2426 221 2460 rint
253 2427 440 2474 instituta,
471 2441 567 2478 quae
601 2429 646 2464 ab
667 2430 800 2465 Atticis

149 2481 263 2530 vulgo
300 2485 418 2533 repeti
444 2486 590 2531 solent,
637 2486 702 2521 etsi
723 2498 798 2536 quo

149 2542 319 2587 tempore
354 2541 481 2577 locum
511 2540 684 2577 habuerit
705 2540 799 2578 haec

140 2594 334 2642 *migratiQ
372 2597 411 2632 in
440 2599 608 2634 maxima
627 2599 799 2635 testimo-

147 2650 299 2686 niorum
330 2651 465 2703 -inopia
509 2654 665 2690 definire
694 2653 797 2691 haud

146 2705 244 2742 licet.
272 2712 276 2715 ’
302 2708 398 2744 Hinc
420 2704 583 2761 quoque¹
602 2712 798 2762 explican-

147 2760 193 2798 da
206 2775 395 2799 sacrorum
406 2766 467 2801 illa
484 2769 658 2816 cognatio
677 2781 796 2819 quae-

145 2817 246 2868 dam,
262 2820 308 2857 ab
320 2821 445 2858 Attica
466 2829 501 2859 et
520 2823 675 2875 quidem
686 2824 796 2863 valde

858 839 980 891 prisco
1009 842 1057 878 ab
1083 854 1176 878 aevo
1208 839 1429 891 repetenda,
1468 838 1516 876 de

861 910 934 948 qua
963 899 1112 935 monuit
1135 899 1341 935 Creuzerus
1371 898 1410 933 in
1431 897 1517 932 An-

858 954 948 991 nall.
965 956 1186 993 Viennenss.
1207 955 1310 991 LVII
1329 967 1367 1003 p.
1389 955 1451 993 18.

917 1008 1062 1059 Νάξιοι
1094 1010 1164 1060 δὲ]
1196 1013 1253 1047 De
1283 1008 1418 1047 Naxiz's
1437 1008 1516 1046 vid.

859 1068 1001 1105 Herod.
1022 1069 1067 1116 V,
1090 1071 1157 1109 31.
1190 1069 1252 1116 VI,
1285 1069 1350 1107 96.
1411 1068 1515 1112 Quae

858 1131 1079 1174 sequuntur,
1107 1125 1311 1162 insectatur
1342 1122 1516 1159 Pseudo-

858 1182 959 1219 Plut.
982 1183 1017 1217 II
1044 1196 1081 1232 p.
1103 1183 1183 1222 869
1203 1183 1251 1218 A.
1267 1181 1307 1218 C.
1329 1181 1515 1217 malitiose

860 1251 972 1287 agere
1000 1236 1234 1274 contendens
1262 1236 1515 1285 Herodotum,

858 1296 946 1330 talia
987 1293 1033 1330 de
1064 1295 1274 1330 Naxiorum
1306 1293 1517 1330 defectione

859 1351 1099 1397 referentem,
1122 1363 1242 1401 quum
1272 1351 1401 1396 Naxii,
1423 1358 1517 1388 teste

857 1407 1519 1457 Heraclito,sexnavibus,aut,Epho-

857 1477 899 1499 ro
914 1465 1196 1514 teste-,quinque
1208 1464 1367 1501 navibus
1380 1471 1516 1514 sponte

858 1521 1012 1557 Graecis
1033 1520 1175 1556 auxilio
1198 1522 1381 1559 venerint.
1405 1521 1516 1560 conf.

856 1575 1000 1627 Ephori
1020 1577 1198 1627 fragmm.
1219 1591 1256 1627 p.
1278 1580 1373 1618 222.
1392 1579 1517 1616 Marx.

856 1632 1088 1671 Dahlmann.
1127 1633 1269 1670 Herod.
1304 1647 1390 1685 pag.
1421 1637 1515 1676 132.

857 1715 907 1719 —-
930 1692 973 1726 In
994 1704 1099 1742 seqq.
1120 1693 1310 1739 νησιῶται
1337 1690 1516 1729 dicuntur

870 1747 1108 1798 Cycladarum
1137 1748 1334 1785 insularum
1361 1750 1515 1796 incolae,-

853 1813 896 1842 ut
917 1805 1051 1841 monui
1072 1803 1119 1840 ad
1140 1805 1184 1852 V,
1206 1807 1271 1844 30.

912 1861 1167 1911 Δημοκρίτου
1190 1859 1456 1910 σπεύσαντος]
1487 1864 1513 1900 ἰ.

859 1931 892 1953 e.
920 1921 1098 1965 instante,
1139 1922 1285 1966 urgente
1308 1918 1513 1968 Democrito,

857 1974 905 2010 acl
923 1974 1144 2024 defectionem
1158 1975 1379 2013 adhortante.
1401 1977 1512 2014 conf.

856 2033 885 2077 I,
928 2034 991 2071 74.
1025 2033 1119 2071 206.
1178 2033 1311 2068 Exstat
1339 2034 1377 2068 in
1409 2031 1513 2070 huno

829 2100 831 2102 ·
855 2089 1117 2124 Democritum
1141 2090 1373 2138 epigramma
1386 2090 1511 2126 Simo-

856 2144 953 2180 nidis
975 2143 1076 2194 apud
1104 2144 1295 2181 Plutarch.
1317 2147 1353 2180 II
1373 2160 1407 2196 p.
1431 2147 1512 2187 869

856 2203 884 2237 C
907 2202 991 2238 coll.
1021 2200 1190 2237 Brunck.
1219 2203 1407 2242 Analectt.
1435 2204 1452 2238 I
1473 2216 1511 2253 p.

858 2262 934 2298 133
970 2259 1043 2306 [nr.
1077 2261 1143 2298 32.
1166 2259 1215 2295 T.
1246 2260 1273 2296 I.
1293 2273 1331 2310 p.
1353 2258 1406 2299 65
1427 2261 1512 2295 An-

853 2314 999 2368 tholcg.
1036 2314 1094 2352 ed.
1134 2316 1298 2365 Iacobs.]
1343 2314 1404 2352 Ad
1424 2329 1512 2352 ver-

854 2374 949 2410 bum
995 2377 1241 2425 τριηραρχεῖν
1278 2374 1444 2420 (triremis
1478 2386 1510 2412 s·

853 2433 953 2467 navis
971 2431 1190 2480 praefectum
1214 2431 1300 2481 esse)
1331 2429 1406 2469 vid.
1429 2431 1510 2480 VII,

857 2489 930 2527 181
956 2488 1040 2525 coll.
1059 2488 1155 2534 VIII,
1178 2489 1243 2527 93.

913 2540 1058 2590 Νάξιοι
1097 2543 1139 2582 δέ
1175 2543 1250 2582 εἰσι
1279 2539 1411 2589 Ἴωνες
1445 2539 1510 2583 ἀπ’

850 2595 1063 2650 Ἀθηνέων
1102 2596 1320 2652 γεγονότες]
1365 2601 1510 2637 Referri

852 2655 927 2692 huc
956 2657 1152 2703 volumus,
1204 2670 1301 2708 quae
1324 2656 1440 2694 modo
1462 2657 1510 2694 de

855 2713 936 2748 Ceis
954 2726 972 2747 e
990 2713 1236 2752 Broendsted.
1251 2713 1508 2765 disputatione

851 2770 1056 2807 attulimus.
1115 2772 1223 2821 Cepit
1258 2774 1410 2808 Naxum
1441 2773 1509 2808 Pi-

851 2826 1028 2876 sistratus,
1055 2833 1148 2866 teste
1175 2828 1369 2866 Herodoto
1390 2830 1419 2877 I,
1442 2826 1508 2877 64,
