1839 3292
403 206 460 247 86

801 197 1265 238 HERODOTI

406 313 627 371 μοπύλῃσι
670 314 821 366 τρῶμα
865 307 1080 364 ἐγεγόνεε,
1128 305 1284 350 αὐτίκα
1327 309 1539 352 Θεσσαλοὶ
1567 307 1669 363 πέμ-

406 394 538 426 πουσι
582 378 751 433 κήρυκα
789 376 830 425 ἐς
869 377 1063 426 Φωκέας,
1107 374 1180 418 ἅτε
1219 387 1300 432 σφι
1341 377 1555 433 ἐνέχοντες
1589 377 1671 420 αιέὶ

380 449 571 505 Ωχόλον,
603 444 687 488 α’πὸ
729 444 773 486 δὲ
802 446 882 485 τοῦ
911 442 1104 486 ὑστάτου
1135 442 1358 498 τρώματος
1387 445 1459 488 καὶ
1489 444 1538 487 τὸ
1569 444 1671 499 κάρ-

405 534 470 560 τα.
523 511 799 568 Έσβαλόντες
830 510 915 566 γάρ
943 515 1212 567 πανστρατιῇ
1243 509 1370 554 αὐτοί
1397 527 1441 554 τε
1482 514 1525 555 οἰ
1562 516 1726 556 Θεσ-55

408 583 529 627 σαλοὶ
562 581 634 624 καὶ
665 580 709 622 οἱ
741 578 961 634 σύμμαχοι
992 577 1138 622 αὐτῶν
1182 579 1224 628 ἐς
1253 577 1359 629 τούς
1394 581 1574 631 Φωκέας
1614 579 1669 623 οὐ

406 654 606 696 πολλοῖσι
636 648 744 690 ἔτεσι
774 644 992 701 πρότερον
1020 645 1181 702 ταύτης
1210 651 1285 701 τῆς
1314 646 1512 700 βασιλέος
1542 659 1672 703 στρα-

407 719 620 775 τηλασίης,
650 713 908 770 ἑσσώθησαν
939 713 1025 758 ὑπὸ
1062 718 1151 757 τῶν
1192 714 1403 767 Φωκέων,
1443 716 1516 759 καὶ
1557 731 1673 769 περι-

379 794 400 826 3
419 788 617 841 ἔφθησαν
647 783 844 838 τρηχέως.
905 782 994 825 ἐπεί
1022 798 1065 825 τε
1083 781 1166 837 γὰρ
1195 783 1513 840 κατειλήθησαν
1527 783 1569 834 ἐς
1592 783 1670 826 τὸν
1728 781 1809 820 632

407 850 669 907 Παρνησσὸν
701 854 745 894 οἱ
780 851 962 902 Φωκέες,
993 849 1160 905 ἔχοντες
1188 850 1344 906 μάντιν
1388 853 1568 908 Τελλίην
1593 850 1726 895 τὸν60

404 919 585 972 Ἠλεῖον,
615 917 808 963 ἐνθαῦτα
837 916 860 962 ὁ
894 920 1069 975 Τελλίης
1097 913 1226 971 οὗτος
1248 921 1469 976 σοφίζεται
1499 919 1672 964 αὐτοῖσι

355 1110 600 1157 Hoogeveen.
642 1104 689 1142 ad
717 1106 844 1156 Viger.
871 1118 910 1156 p.
933 1106 1005 1144 111

356 1166 621 1215 interpretatur
655 1165 788 1199 interea
840 1163 1011 1211 temporis.

354 1220 454 1258 Add.
469 1221 569 1257 Plut.
582 1220 727 1256 Camill.
742 1221 777 1258 1.
796 1219 932 1255 Pericl.
949 1220 1014 1258 10.

355 1279 413 1314 De
444 1290 539 1314 voce
564 1279 697 1329 τρῶμα
724 1276 824 1313 conf.
853 1277 932 1312 citt.
965 1273 1013 1310 ad

355 1335 418 1382 Vl,
443 1335 536 1373 132.

413 1386 480 1429 ἅτε
491 1402 563 1439 σφι
573 1387 770 1440 ἔνέχοντες
784 1386 862 1427 αἰεὶ
874 1383 1011 1438 χόλον]

357 1447 383 1485 i.
406 1460 438 1484 e.
460 1450 582 1497 quippe
596 1447 649 1483 his
671 1458 797 1496 semper
808 1444 945 1494 infensi
951 1448 1013 1480 at-

359 1516 423 1552 que
443 1505 598 1550 inimici,
641 1504 792 1554 proprie
819 1503 915 1538 intus
947 1501 1014 1537 Ιια-

360 1561 470 1596 ὸειιίεε
489 1560 616 1606 odium,
643 1562 747 1597 iram.
789 1557 937 1595 Eadem
953 1558 1012 1594 lo-

359 1617 460 1652 cutio
491 1618 520 1663 I,
546 1619 637 1656 118.
671 1617 736 1661 vl,
760 1617 851 1655 119.
889 1615 1013 1660 Quare

361 1673 497 1708 retinui
512 1671 703 1722 ἐνέχοντες
720 1672 867 1708 duobus
882 1672 1015 1708 firma-

359 1736 444 1765 tum
465 1728 665 1766 codicibus.
706 1729 946 1766 Florentinus
965 1729 1015 1764 li-

361 1785 429 1821 ber
458 1799 544 1822 cnm
574 1786 725 1836 reliquis
747 1785 911 1834 ἔχοντες.
954 1784 1012 1823 Cf.

360 1848 455 1878 nott.
477 1841 524 1877 ad
551 1843 616 1890 111,
631 1844 694 1883 59.
750 1843 867 1879 Vetus
887 1848 1016 1878 autem

360 1897 632 1934 Thessalorum
652 1900 691 1934 in
702 1898 917 1935 Phocenses
930 1898 1016 1935 odi-

361 1967 428 1991 um
446 1955 523 1990 iam
537 1954 677 1991 iudicat
697 1969 826 1992 murus
836 1956 876 1991 in
885 1954 1015 1992 Ther-

360 2012 522 2062 mopylis
543 2019 762 2059 exstructus,
782 2019 874 2048 teste
894 2014 1017 2048 Hero-

363 2068 452 2105 doto
469 2069 549 2114 Vn,
575 2070 664 2115 176,
686 2068 906 2120 disertisque
925 2082 1014 2105 ver-

361 2125 417 2162 bis
439 2132 713 2161 commemorat
732 2123 936 2161 Aeschines
955 2126 1013 2161 De

359 2182 440 2218 fals.
465 2182 578 2231 legat.
601 2181 637 2225 §.
667 2183 718 2220 39
747 2194 833 2232 pag.
855 2180 907 2221 46
928 2182 1013 2219 coll.

358 2237 551 2275 Plutarch.
567 2237 603 2273 11
621 2250 657 2287 p.
679 2235 759 2277 244
779 2239 825 2274 Β.
850 2239 1013 2274 Pausan.

357 2295 409 2342 X,
441 2296 460 2333 1
493 2295 531 2339 §0
561 2295 599 2332 2.
643 2294 824 2344 Polyaen.
851 2294 915 2341 VI,
955 2295 1014 2334 18.

358 2353 415 2388 Ac
430 2357 591 2400 tangunt
603 2349 829 2398 Herodotea‚
850 2363 1016 2386 monen-

364 2414 401 2444 te
423 2407 503 2453 Cr.‚
533 2405 807 2457 VVyttenbach.
837 2407 885 2442 ad
912 2407 1015 2443 Plut.

360 2463 387 2499 l.
412 2464 437 2503 l,
460 2461 739 2501 Animadverss.
759 2464 806 2509 11,
827 2465 843 2501 1
863 2477 900 2513 p.
922 2461 957 2501 4.
975 2462 1015 2503 5.

363 2520 403 2555 C.
426 2520 470 2555 Ο.
489 2520 636 2557 muller.
670 2517 898 2556 Orchomen.
928 2531 1016 2568 pag.

365 2574 444 2612 414
464 2589 540 2626 seq.
574 2574 772 2614 Thiersch.
803 2573 949 2625 Epoch.
981 2574 1018 2611 d.

365 2629 456 2666 bild-
477 2633 606 2668 Kunst.
627 2646 712 2683 pag.
739 2634 812 2673 161
837 2631 895 2668 ed.
913 2632 1017 2668 alter.

421 2686 696 2736 περιέφθησαν
723 2687 913 2739 τρηχέως]
957 2688 1014 2725 Cf·

360 2742 438 2778 citt.
461 2742 508 2779 ad
529 2744 625 2790 vlu,
652 2747 699 2784 18
721 2752 757 2781 et
785 2744 834 2781 ad
854 2745 1013 2782 verbum

356 2796 650 2852 κατειλήθησαν
680 2807 774 2842 nott.
805 2800 853 2839 ad
879 2803 909 2852 1,
945 2803 1013 2844 80.

1064 1106 1132 1152 111,
1158 1107 1220 1144 12.
1240 1106 1309 1152 lx,
1325 1107 1392 1145 31.
1431 1105 1496 1142 Tu
1515 1110 1644 1141 mente
1657 1101 1726 1141 ad-

1069 1160 1134 1198 das
1176 1158 1255 1200 ’ὑπὸ
1292 1164 1370 1200 τῶν
1406 1163 1626 1209 Θεσσαλῶν,
1662 1162 1728 1213 qui

1068 1219 1250 1254 nimirum
1261 1218 1382 1255 subita
1391 1219 1604 1256 incursione
1620 1216 1728 1254 Pho-

1070 1288 1199 1312 censes
1221 1276 1262 1310 in
1282 1276 1512 1312 Parnassum
1531 1275 1728 1311 concluse-

1069 1339 1165 1369 rant.
1186 1353 1238 1358 ———
1278 1333 1354 1368 Pro
1378 1328 1618 1383 Παρνησσὸν
1637 1331 1729 1367 Flo-

1068 1390 1238 1425 rentinus
1259 1388 1354 1425 liber
1374 1389 1545 1425 eumalio
1561 1386 1646 1425 cod.
1656 1386 1728 1424 ha-

1068 1444 1134 1482 het
1157 1440 1404 1496 Παρνησόν.
1437 1443 1517 1483 Sed
1536 1445 1728 1497 antiquio-

1069 1515 1151 1539 rem
1166 1503 1390 1552 scripturam
1411 1515 1496 1538 eam
1517 1514 1607 1548 esse,
1630 1513 1728 1553 quae

1070 1558 1300 1610 duplicatam
1311 1557 1425 1596 habet
1437 1559 1639 1606 literulam,
1652 1571 1729 1594 nu—

1068 1629 1137 1667 per
1173 1614 1368 1653 contendit
1403 1617 1451 1654 G.
1481 1616 1658 1665 Pinzger.
1687 1615 1728 1651 in

1069 1671 1176 1709 Iahn.
1207 1679 1243 1708 et
1264 1671 1429 1710 Seebod.
1458 1672 1613 1709 Annall.
1633 1669 1727 1723 phil.

1073 1732 1194 1770 1833.
1222 1728 1322 1777 VIII,
1348 1732 1372 1770 3
1397 1741 1485 1780 pag.
1525 1731 1621 1769 290.
1662 1728 1728 1764 ci-

1071 1792 1125 1823 tat
1154 1785 1369 1823 Herodotea
1398 1783 1574 1823 Eustath.
1606 1783 1656 1821 ad
1681 1785 1727 1822 11.

1070 1843 1163 1879 XIII
1181 1856 1218 1893 p.
1241 1843 1334 1889 945,
1357 1842 1410 1882 50
1431 1855 1458 1882 ε.
1476 1840 1653 1888 921‚25.

1126 1897 1278 1949 ἔχοντες
1299 1894 1444 1949 μάντιν
1469 1898 1631 1947 Τελλίην
1658 1894 1728 1938 τόν

1065 1949 1234 2002 Ἠλεῖον]
1264 1957 1343 1993 Elis
1352 1956 1498 1992 vatibus
1510 1954 1728 1992 excelluisse

1068 2011 1230 2060 videtur,
1259 2013 1290 2049 si
1309 2011 1465 2064 quidem
1483 2018 1586 2048 vates
1612 2011 1728 2047 Eleus

1068 2075 1303 2105 memoratur
1337 2070 1402 2115 III,
1436 2071 1514 2108 132
1557 2068 1728 2119 itemque

1068 2126 1297 2161 Tisamenus
1337 2126 1407 2171 IX,
1448 2126 1515 2171 33,
1553 2123 1620 2159 ubi
1648 2122 1725 2161 vid.

1066 2188 1163 2218 nott.
1184 2188 1222 2218 et
1248 2182 1521 2231 Hegesistratus
1540 2181 1609 2228 IX,
1631 2181 1699 2221 37.

1126 2237 1345 2286 σοφίζεται]
1378 2240 1403 2274 i.
1425 2251 1458 2273 e.
1484 2236 1613 2274 callide
1632 2249 1726 2275 com-

1068 2295 1275 2341 mininam,
1305 2296 1496 2342 excogitat.
1529 2293 1585 2330 Cf,
1605 2294 1636 2341 1,
1657 2295 1724 2334 80.

1068 2352 1115 2397 ΙΙ,
1138 2353 1204 2390 66.
1261 2350 1346 2386 Alia
1368 2363 1524 2402 quaeras
1544 2351 1582 2386 in
1603 2350 1726 2400 Wyt-

1069 2404 1246 2444 tenbach.
1278 2407 1398 2444 Indic.
1432 2407 1594 2447 Graecit.
1621 2406 1725 2443 Plut.

1071 2464 1166 2513 opp.
1197 2464 1295 2510 vlu,
1326 2467 1351 2504 2
1370 2477 1405 2514 p.
1439 2462 1555 2503 1423.
1613 2461 1726 2508 Quod

1071 2520 1239 2569 sequitur
1263 2523 1435 2572 γυψοῦν,
1448 2520 1618 2570 intelligo
1630 2518 1728 2557 cretd

1071 2576 1235 2612 obducere
1274 2591 1303 2614 s.
1344 2577 1501 2625 illinere,
1531 2578 1631 2613 weiss
1659 2589 1726 2613 an·

1070 2632 1260 2680 streichen,
1298 2640 1339 2669 ut
1369 2633 1641 2680 λευκανθίζειν
1670 2631 1726 2668 al-

1070 2689 1110 2725 bo
1142 2689 1252 2726 colore
1287 2690 1486 2737 inductum,
1525 2689 1726 2726 dealbatum

1067 2758 1151 2782 esse.
1180 2741 1334 2785 αὕτοῖσι
1349 2746 1395 2783 ad
1416 2744 1724 2796 Phocensesspe-

1066 2809 1153 2841 ctat.
1200 2804 1258 2839 De
1277 2803 1362 2841 Abis
1382 2802 1460 2841 dlxi
1480 2801 1528 2840 ad
1546 2803 1576 2851 1,
1597 2800 1662 2843 46.
