1839 3292
70 758 250 798 illorumque
275 759 349 795 fuga

70 793 176 828 turpis.

277 694 342 739 38

402 234 459 275 5⁰

785 229 1268 270 HERODOTI

402 344 528 398 νηΐης
553 340 820 421 Ἀθηναίης,
847 336 1054 394 ἐντούτῳ
1087 337 1133 379 ἐκ
1162 337 1241 390 μὲν
1273 338 1354 379 τοῦ
1384 334 1582 388 οὐρανοῦ
1611 349 1674 377 κε-
1685 339 1730 374 90

404 411 564 465 ραυνοὶ
600 406 774 451 αὐτοῖσι
805 404 1056 455 ἐνέπιπτον,
1098 401 1182 446 ἀπὸ
1214 404 1259 446 δὲ
1288 406 1369 446 τοῦ
1401 404 1674 458 Παρνησσοῦ

403 477 724 532 ἀποῤῥαγεῖσαι
754 472 834 517 δύο
865 471 1063 528 κορυφαὶ
1084 469 1295 526 ἐφέροντο
1325 473 1472 527 πολλῷ
1493 469 1672 526 πατάγῳ

402 547 444 597 ἐς
475 544 648 594 αὐτοὺς,
678 541 750 585 καὶ
780 544 1021 597 κατέλαβον
1043 538 1232 595 συχνούς
1257 549 1416 593 σφεων,
1449 536 1495 580 ἐκ
1526 537 1572 580 δὲ
1589 540 1672 580 τοῦ

404 616 506 667 ἱροῦ
535 615 611 667 τῆς
644 613 870 665 Προνηίης
908 609 992 664 βοή
1021 624 1065 651 τε
1100 608 1173 650 καὶ
1208 603 1458 661 ἀλαλαγμὸς
1494 605 1673 660 ἐγίνετο.

402 680 721 737 Συμμιγέντων
751 678 796 721 δὲ
826 677 997 721 τούτων
1026 673 1216 727 πάντων,
1248 672 1391 729 φόβος
1419 677 1535 716 τοῖσι
1568 675 1729 728 βαρ-95

405 750 582 808 βάροισι
611 744 905 790 ἐνεπεπτωκεε.

965 744 1180 799 μαθόντες
1218 743 1264 785 δὲ
1294 743 1338 786 οἱ
1365 741 1534 798 Δελφοι
1567 739 1674 795 φεύ-

402 815 563 874 γοντάς
593 827 749 871 σφεας,
782 813 1129 869 ἐπικαταβάντες,
1165 808 1423 854 ἀπέκτειναν
1441 807 1609 865 πλῆθός
1631 824 1673 850 τι

374 884 577 929 Ξαύτῶν·
610 900 652 926 οι
676 883 721 928 δὲ
740 881 984 937 περιεόντες
1005 879 1081 924 ἰθὺ
1103 879 1345 923 Βοιωτῶν’
1332 879 1533 934 ἔφευγον.
1553 876 1673 919 ’Ἐλε-

404 970 487 1010 γον
518 953 564 997 δὲ
608 952 653 994 οἱ
699 949 1074 1007 ἀπονοστήσαντες
1116 942 1240 991 οὗτοι
1280 950 1371 990 τῶν
1410 943 1672 1002 βαρβάρων,

405 1021 464 1073 ὡς
484 1020 567 1077 ἐγώ
599 1018 893 1074 πυνθάνομαι,
926 1015 986 1069 ὥς
1010 1015 1123 1071 πρὸς
1152 1015 1345 1059 τούτοισι
1374 1013 1449 1058 καὶ
1479 1012 1589 1056 ἄλλα
1618 1010 1673 1055 03-

403 1104 496 1144 ρων
524 1091 651 1131 θεῖα·
682 1086 764 1132 δύο
799 1086 884 1144 γάρ
906 1084 1081 1136 ὁπλίτας
1100 1083 1280 1141 μέζονας
1308 1082 1337 1140 ἢ
1366 1080 1476 1127 κατὰ
1498 1077 1672 1136 ἀνθρώ-

403 1304 446 1347 {n
469 1303 540 1357 μὲν
557 1307 633 1346 τοῦ
663 1299 842 1355 ούρανοῦ
865 1317 1006 1355 κεραυ-

345 1361 412 1403 νοὶ
432 1359 588 1403 αὐτοῖσι
611 1360 821 1402 ἐνέπιπτον
842 1375 880 1399 κ.
903 1376 934 1399 τ.
948 1359 1004 1411 λ.]

344 1419 455 1457 Idem
486 1419 704 1471 prodigium
732 1424 879 1454 enarrat
912 1419 1008 1453 Dio-

349 1476 434 1514 dor.
455 1478 523 1524 XI,
548 1478 598 1515 14
623 1475 704 1527 (ubi
726 1475 827 1513 conl.
848 1475 1009 1511 WVesse-

346 1534 441 1583 ling.
446 1530 656 1586 )et1ustiu.
671 1534 718 1579 11,
735 1534 783 1572 12
832 1532 882 1568 Et
903 1530 1008 1582 quod

346 1591 491 1627 mirum
525 1588 679 1636 auditu,
713 1586 868 1635 eadem,
909 1601 1008 1640 quae

346 1647 495 1695 Persas,
517 1647 669 1683 Galatas
691 1657 845 1697 quoque
866 1646 1009 1681 irrum-

346 1711 482 1755 pentes
516 1703 685 1753 abegisse
714 1715 734 1738 a
755 1702 898 1753 templo
918 1714 1009 1752 spo-

343 1759 475 1797 liando
505 1766 631 1795 narrat
659 1759 886 1805 Pausanias,
921 1759 1009 1809 ipsis

346 1817 470 1853 ferme
500 1815 687 1852 Herodoti
715 1816 837 1852 verbis
868 1813 939 1852 hac
966 1816 1006 1851 iu

347 1886 390 1909 re
419 1866 630 1909 enarranda
660 1885 747 1908 usus
768 1873 796 1916 I,
817 1871 843 1912 4
866 1873 899 1917 ξ,
924 1870 949 1910 4
972 1879 1007 1908 et

346 1931 399 1977 X,
417 1932 469 1969 23
488 1931 524 1974 §.
547 1932 584 1976 3,
615 1929 682 1965 ubi
702 1930 800 1964 inter
820 1929 891 1964 alia
912 1926 1006 1965 haec

347 1987 465 2024 verba
493 1986 613 2022 teneri
641 1986 837 2022 volumus:
869 1983 1007 2036 πέτραι

346 2056 390 2081 τε
419 2037 768 2081 οἷπολισθτὶνουσαι
797 2043 870 2080 τοῦ
898 2043 1007 2079 Hoto-

347 2101 503 2138 νασσοῦ
536 2094 700 2150 μεγαλαι
734 2097 801 2137 καὶ
835 2097 1006 2148 κρημνοὶ

346 2153 714 2207 καταρᾆγνυμενοι
742 2151 893 2194 σκοπὸν
913 2151 982 2193 τοῦ
989 2171 1008 2202 ς

346 2208 579 2264 βαρβαρους
614 2215 741 2262 εἰχον;
791 2212 926 2263 quibus
954 2212 1007 2248 si-

346 2269 508 2306 millima
540 2269 719 2318 leguntur
754 2267 856 2318 apud
891 2269 1007 2304 Iusti-

346 2339 444 2362 num
474 2326 616 2373 XXIV,
648 2327 673 2365 8
710 2323 825 2361 haec:
857 2331 1005 2372 „terrae

347 2389 458 2419 motu
497 2383 621 2433 portio
660 2383 801 2418 montis
847 2382 1006 2432 abrupta

347 2440 548 2476 Gallorum
585 2440 714 2475 stravit
751 2440 1005 2477 exercitum.“

347 2497 404 2531 Ac
424 2502 567 2545 negant
586 2494 774 2532 Diodorus
806 2502 841 2531 et
861 2496 1007 2531 Pausa-

346 2552 426 2588 nias
459 2554 581 2603 ipsam
609 2553 796 2603 Apollinis
821 2550 955 2588 aedem
985 2564 1007 2588 a

346 2608 470 2645 Persis
492 2608 678 2659 direptam
708 2622 786 2646 esse
805 2607 1007 2645 incendio-

349 2677 424 2715 que
443 2672 639 2712 vastatam,
659 2665 899 2703 dissentiente
910 2666 1008 2702 Plu-

346 2718 478 2757 tarcho
499 2722 574 2758 Vit.
594 2724 709 2759 Num.
726 2724 750 2762 9
771 2735 859 2774 pag.
881 2724 932 2762 66
950 2723 1004 2770 C.,

346 2778 414 2828 qui
435 2775 505 2816 τόν
533 2775 640 2829 ἱερὸν
664 2775 810 2829 λύχνον
837 2780 916 2816 sive
937 2792 1004 2815 ae-

343 2840 497 2872 ternum
515 2835 624 2871 illum
634 2836 777 2886 ignem,
801 2849 890 2874 cum
902 2843 1004 2874 tem-

1063 1303 1173 1354 plum
1204 1314 1226 1338 a
1253 1298 1376 1337 Medis
1409 1299 1727 1345 inflammaretur,

1065 1361 1296 1396 exstinctum
1317 1371 1395 1394 esse
1426 1356 1553 1396 tradit.
1611 1354 1728 1407 Apud

1063 1415 1306 1453 Herodotum
1335 1415 1389 1450 nil
1419 1413 1632 1466 quidquam
1669 1413 1728 1450 le-

1064 1474 1167 1524 gitur
1186 1473 1260 1510 tale
1281 1473 1328 1518 Π,
1352 1472 1445 1511 180.
1467 1472 1511 1518 V,
1535 1473 1602 1511 62.
1637 1470 1728 1507 Cte-

1064 1532 1160 1567 siam
1187 1530 1217 1566 si
1257 1527 1456 1565 audiamus
1485 1529 1608 1564 Perss.
1649 1528 1728 1563 Ex-

1067 1594 1200 1638 cerptt.
1249 1587 1288 1631 ξ.
1317 1585 1394 1632 25,
1442 1583 1664 1621 Mardonius
1705 1597 1727 1621 a

1065 1645 1196 1680 Xerxe
1228 1643 1362 1678 missus
1384 1640 1431 1677 ad
1453 1642 1638 1692 Apollinis
1661 1653 1728 1677 ae·-

1066 1700 1155 1737 dem
1185 1698 1424 1751 spoliandam
1456 1699 1509 1734 ibi
1548 1698 1728 1735 occubuit

1065 1755 1233 1808 χαλάζης
1264 1751 1533 1805 ἕπιπεσούσης
1561 1755 1728 1805 παχείας

1065 1816 1090 1853 i.
1129 1828 1162 1851 e.
1192 1812 1379 1864 grandine
1399 1813 1602 1862 ingruente
1623 1824 1728 1848 cras-

1063 1884 1116 1910 sa.
1175 1872 1233 1907 Ac
1266 1883 1357 1907 sane
1386 1869 1435 1906 ita
1465 1870 1598 1906 Persas
1619 1875 1727 1905 retu-

1062 1928 1160 1975 lisse,
1183 1940 1281 1979 quae
1313 1939 1335 1962 a
1355 1927 1509 1962 Graecis
1539 1925 1626 1962 dein
1648 1926 1727 1961 mi-

1061 1998 1148 2021 rum
1169 1985 1208 2020 in
1228 1983 1389 2020 modum
1406 1983 1587 2033 ampliata
1607 1989 1644 2020 et
1655 1995 1726 2020 ex-

1062 2050 1195 2079 ornata
1214 2043 1300 2089 sint,
1325 2038 1455 2076 credas
1474 2041 1577 2078 licet.

1227 2131 1320 2182 cap.
1341 2131 1564 2168 xxxvm.

1121 2207 1411 2260 ἐνεπεπτώκεε]
1443 2212 1490 2246 In
1531 2209 1724 2247 Sancrofti

1062 2267 1158 2304 libro
1194 2263 1428 2314 ἐπεπτώκεε,
1467 2268 1508 2303 in
1531 2268 1604 2303 alio
1625 2267 1722 2303 libro

1061 2320 1344 2363 ἐπεπεπτώκεε.
1404 2324 1469 2361 Tu
1485 2324 1533 2361 ct.
1550 2323 1613 2368 IV,
1626 2326 1724 2364 203.

1061 2381 1143 2427 Vll,
1188 2380 1240 2421 43
1275 2388 1311 2418 et
1349 2379 1396 2417 de
1426 2381 1723 2433 plusquamper-

1062 2437 1150 2474 fecti
1171 2451 1241 2473 usu
1253 2435 1388 2475 Matth.
1405 2438 1472 2477 Gr.
1489 2439 1554 2475 Gr.
1573 2439 1609 2483 ξ.
1625 2436 1721 2478 505.

1061 2495 1113 2531 lv
1147 2507 1233 2544 pag.
1265 2496 1360 2535 960.
1418 2494 1480 2531 Ad
1500 2508 1612 2532 voces
1646 2491 1721 2533 ἰθύ

1061 2553 1249 2590 Βοιωτῶν
1292 2551 1393 2588 conf.
1430 2552 1475 2599 V,
1506 2550 1559 2592 64
1591 2553 1722 2604 ibique

1062 2609 1139 2644 citt.
1168 2609 1301 2646 Plures
1334 2606 1446 2646 codd.
1468 2606 1530 2645 hic
1552 2607 1720 2646 offruent

1061 2660 1182 2704 εὐθύ.

1118 2717 1323 2772 μέζονας
1304 2738 1330 2773 η
1361 2737 1459 2761 κατα
1483 2717 1719 2774 ἀνθρώπων

1059 2775 1186 2828 φύσιν
1205 2777 1391 2830 ἔχοντας]
1419 2779 1523 2816 Cum
1551 2779 1718 2816 crebrius

1059 2843 1232 2874 occurrat
1260 2837 1402 2874 locutio
1422 2831 1602 2889 μείζων
1582 2851 1608 2888 η
1633 2829 1718 2875 κατ’

1728 1105 1808 1144 637
