1839 3292
6 879 9 894 ’·
54 879 154 924 120
218 871 296 914 τὸν
323 871 456 913 παῖδα
490 867 638 911 αὐτοῦ.

215 953 333 992 γεται
363 935 450 980 ὑπό
484 936 847 993 Χερσονησιτέων,
877 939 1082 992 ταρίχους
1120 937 1317 992 ὀπτῶντι,
1348 936 1806 995 τέραςὸΟοειιιαοῑυε[7,33.]Ῐ

528 221 988 260 CALLIOPE.

221 344 302 376 σαν
331 328 590 389 Πλεισῑῶρῑρ
621 329 832 387 ἐπιχωρίῳ
861 333 962 388 θεῷ,
990 330 1133 389 τρόπῳ
1163 334 1224 389 τῷ
1255 333 1468 392 σφετέρῳ’
1525 341 1569 376 pti
1587 343 1801 374 trucidanturz

190 398 327 450 Ξτούς
374 399 420 442 δὲ
448 398 540 453 ’μετ’
573 398 752 448 ἐκείνου,
783 396 897 454 ἄλλῳ
927 397 1075 456 τρόπῳ
1103 397 1359 455 ἐφόνευσαν.

219 466 266 510 δὲ
296 464 408 522 α’μφὶ
445 467 522 509 τὸν
549 463 806 520 Ἀρταΰκτην
834 465 1010 519 ὕστεροι
1055 463 1318 522 ὁρμηθέντες
1361 467 1470 522 φεύ·
1525 475 1603 503 sium
1618 477 1763 507 incidunt·

1049 223 1067 259 Ι
1079 223 1132 261 Χ.
1383 229 1468 269 369

217 549 329 589 γειν,
367 535 440 578 καὶ
478 531 535 584 ὥς
575 531 951 587 κατελαμβάνοντο
993 531 1142 588 ὀλίγον
1186 533 1329 586 ἐόντες
1365 533 1473 591 ὑπὲρ

218 601 350 656 Αἰγὸς
393 604 614 656 Ποταμῶν
651 598 899 652 α’λεξόμενοι
928 599 1088 654 χρόνον
1118 601 1184 644 ἐπὶ
1217 602 1399 657 συχνὸν,
1432 605 1530 647 οἱ75

190 669 300 724 ὃμὲν
328 667 563 722 α’πέθανον,
596 669 639 710 οἷ
668 668 712 709 δὲ
745 670 897 719 ζῶντες
928 667 1228 723 ἐλάμφθησαν.
1266 670 1340 712 καὶ
1369 681 1475 713 σνν-

219 734 425 792 δήσαντές
445 747 580 790 σφεας
603 733 855 789 οἷ’Έλληνες
875 730 983 789 ἦγον
1012 734 1054 785 ἐς
1070 734 1266 792 Σηστόν·
1301 735 1476 792 μετάὐ-

218 806 308 846 τῶν
337 803 382 846 δὲ
420 803 492 845 καὶ
528 800 789 857 Ἀρταΰκτην
840 801 1093 856 δεδεμένον,
1147 802 1281 847 αὐτόν
1322 820 1366 848 τε
1402 806 1476 848 καὶ

696 870 786 911 Καί
812 884 892 925 τεῳ
930 873 1019 912 τῶν
1057 871 1373 926 φυλασσόντων
1410 874 1475 916 λέ·
1531 885 1805 926 Aytayctespbim-

1533 922 1673 952 pietatem
1692 928 1722 946 m
1739 928 1792 947 cru

216 1005 417 1061 γενέσθαι
445 1004 627 1047 τοιόνδε.
687 1006 731 1047 οἰ
765 1004 934 1060 τάριχοι
964 1005 1031 1048 ἐπὶ
1060 1010 1121 1062 τῷ
1151 1008 1255 1061 πυρὶ
1287 1010 1477 1064 κείμενοι

216 1072 451 1116 ἐπάλλοντό
482 1088 525 1115 τε
554 1072 626 1115 καὶ
655 1071 894 1127 ἤσπαιρον,
936 1072 1049 1124 ὅκως
1086 1090 1165 1129 περ
1197 1076 1344 1130 ἰχθύες
1383 1093 1476 1132 νεο-

188 1139 399 1183 Ξάλωτοι.
457 1141 529 1183 καὶ
560 1141 603 1182 οἵ
634 1139 710 1194 μὲν
740 1141 1040 1195 περιχυθέντες
1070 1140 1348 1197 ἐθωύμαζον·
1383 1145 1405 1188 ὁ
1430 1147 1476 1190 δὲ

214 1206 471 1262 Ἀρταΰκτης
498 1204 555 1256 ὠς
586 1205 670 1248 εἶδε
699 1208 747 1250 τό
777 1207 923 1260 τέρας,
955 1209 1137 1259 καλέσας
1169 1209 1247 1252 τόν
1277 1210 1476 1257 ὀπτῶντα

191 1276 329 1326 3τούς
364 1277 578 1332 ταρίχους,
614 1275 714 1330 ἔφη·
772 1276 922 1328 ’,Ξεῖνε
954 1274 1178 1333 Ἀθηναῖε,
1220 1281 1354 1335 μηδὲν
1394 1288 1532 1336 ‹po-85

162 1507 356 1546 Schaefer.
385 1520 405 1542 e
424 1504 569 1542 duobus
591 1503 702 1541 codd.
720 1501 815 1556 ἤγα-

159 1579 243 1617 γον,
265 1562 367 1615 quod
386 1561 475 1599 hinc
505 1574 657 1614 quoque
676 1562 817 1612 recepit

160 1619 372 1658 Bekkerus.

369 1710 460 1761 Cap.
485 1708 606 1746 CXX.

218 1790 258 1830 οἰ
276 1785 458 1840 τάριχοι]
485 1788 553 1825 Cr.
576 1787 740 1824 conferri
753 1787 814 1822 iu·-

160 1847 224 1883 bet
264 1848 415 1896 Fragm.
445 1846 577 1881 Lexici
614 1846 678 1881 Gr.
712 1842 813 1893 apud

160 1905 370 1943 Hermann.
400 1903 457 1938 De
487 1900 636 1937 emend.
661 1902 723 1937 Gr.
747 1901 814 1936 Gr.

159 1972 246 2010 pag.
274 1959 369 1999 325.
426 1959 498 2003 Qui
516 1958 619 1994 idem
639 1958 679 1992 in
701 1957 815 1992 Com-

158 2023 294 2052 memt.
315 2014 481 2053 Herodd.
500 2028 538 2064 p.
562 2016 611 2053 10
633 2012 679 2049 de
703 2011 814 2049 huius

158 2074 261 2110 vocis
270 2085 312 2109 ac
322 2072 501 2108 similium
514 2072 668 2106 notione
686 2068 815 2119 dispu-

158 2136 253 2176 tans,
276 2128 473 2179 dupliciter
493 2140 554 2163 eas
576 2127 666 2177 poni
687 2126 816 2162 obser-

159 2193 221 2222 vat
241 2193 318 2222 tam
344 2184 390 2221 de
412 2184 580 2236 quolibet
600 2182 815 2219 salsamenti

161 2255 299 2292 genere
320 2254 434 2293 quam
457 2240 502 2277 de
514 2238 733 2277 condiendis
750 2251 815 2275 ca-

164 2297 369 2345 daveribus,
396 2297 560 2349 indeque
582 2298 695 2332 etiam
716 2309 814 2346 pen-

166 2353 252 2390 dere
271 2356 348 2391 vim
378 2356 523 2399 ostenti,
552 2352 656 2405 quod
689 2354 813 2388 Hero-

166 2409 273 2447 dotus
304 2411 439 2447 referat
471 2410 509 2449 h,
529 2411 567 2457 l.‚
612 2410 677 2446 ubi
698 2410 813 2460 paulo

163 2473 247 2517 post
274 2467 433 2516 legimus
449 2462 623 2512 τεθνεώς
648 2465 716 2505 καὶ
744 2462 814 2504 τά-

165 2537 280 2573 ριχος.
339 2524 515 2560 Observat
535 2536 687 2575 quoque
707 2520 815 2558 Koh-

163 2579 229 2616 ler.
260 2578 485 2624 (Memoires
513 2579 559 2616 de
589 2578 734 2617 l’Aead.
768 2577 815 2615 de

163 2635 426 2685 Petersbourg.
436 2636 553 2672 Vleme
562 2649 631 2672 ser.
641 2637 814 2673 T.I.ann.

165 2693 272 2732 1832
292 2704 329 2741 p-
351 2692 430 2731 353
450 2692 546 2743 seq.)
566 2688 815 2743 τάριχοςΡΙε-

162 2761 325 2798 rumque
357 2746 431 2784 dici
473 2746 519 2784 de
552 2750 707 2799 piscibus
742 2748 816 2785 sale

162 2804 325 2842 conditis.

217 2863 438 2898 HERODOT.
456 2860 522 2898 IV.

930 1502 1147 1546 ἐπάλλοντό
1164 1522 1205 1547 τε
1222 1507 1289 1548 καὶ
1314 1507 1532 1563 ἤσπαιρον]

871 1562 894 1600 i.
919 1575 952 1598 e.
968 1566 1083 1612 pisces
1101 1564 1174 1601 sale
1197 1567 1341 1612 conditi,
1371 1570 1450 1616 igni
1464 1570 1531 1605 im-

869 1621 1213 1668 posz'tisubsz‘lz'ebant
1226 1623 1529 1674 palpitabantque.

872 1675 997 1712 citant
1028 1676 1199 1717 Eustath.
1225 1678 1273 1715 acl
1296 1679 1426 1731 Odyss.
1456 1682 1531 1717 XII

871 1744 908 1781 p.
931 1732 1024 1780 497,
1042 1736 1094 1773 30
1107 1747 1134 1773 S.
1155 1737 1272 1782 1728,
1291 1736 1343 1776 35
1362 1738 1442 1789 (qui
1457 1735 1530 1773 ha-

872 1788 933 1824 bet
966 1786 1176 1840 ἤσπαιρον,
1208 1792 1320 1841 plane
1355 1801 1396 1830 ut
1426 1795 1527 1841 VIII,

871 1846 914 1889 5)
947 1852 982 1881 et
1007 1845 1225 1884 Athenaeus
1245 1850 1299 1884 III
1319 1862 1356 1898 p,
1382 1852 1459 1890 119
1479 1852 1529 1887 D.

869 1901 915 1936 Ε.
947 1900 1009 1937 Ad
1039 1904 1198 1939 verbum
1220 1900 1441 1944 πάλλεσθαι
1471 1909 1531 1943 υί-

872 1958 982 2005 brare,
1021 1962 1162 1996 concuti
1190 1960 1409 2011 Schweigh.
1440 1964 1528 2000 citat

870 2014 950 2059 ΠΙ,
967 2013 1056 2054 140.
1071 2018 1226 2053 Homer.
1236 2018 1279 2053 Il.
1292 2019 1416 2065 XXII,
1431 2018 1528 2058 452.

869 2070 1062 2108 Plutarch.
1084 2073 1200 2111 Cicer.
1222 2072 1286 2113 35.
1338 2075 1395 2111 Ac
1415 2087 1529 2125 supra

869 2128 899 2174 I,
926 2126 999 2166 141
1031 2129 1245 2165 invenimus
1268 2129 1386 2179 ἰχθῦς
1406 2133 1527 2169 παλ-

870 2186 891 2221 λ
904 2197 924 2221 ο
939 2198 965 2232 μ
979 2182 1028 2220 έν
1041 2199 1060 2223 ο
1073 2200 1095 2222 v
1109 2200 1139 2231 ς.
1175 2187 1232 2221 De
1252 2187 1367 2223 verbo
1379 2181 1527 2226 ἆσπαί·

872 2253 954 2287 ρειν
984 2241 1213 2292 VVesseling.
1242 2243 1404 2279 conferri
1423 2244 1527 2280 iubet

870 2296 1093 2345 Apollodcr.
1122 2299 1186 2339 m,
1220 2301 1267 2338 13
1298 2300 1334 2344 ξ.
1367 2302 1404 2339 6.
1447 2301 1528 2336 Ae-

869 2351 988 2401 schyl.
1010 2355 1111 2391 Pers.
1135 2356 1226 2394 983.
1249 2356 1379 2406 Eurip.
1401 2354 1526 2406 Iphig.

869 2410 957 2445 Aul.
990 2411 1106 2450 1587.
1146 2406 1284 2460 ἰχθύες
1314 2409 1526 2451 νεοάλωτοι

869 2472 956 2502 sunt
971 2467 1084 2516 pisces
1112 2479 1224 2503 recens
1252 2470 1357 2517 capti.
1404 2470 1526 2505 Utitur

871 2535 966 2558 voce
986 2519 1209 2570 νεοάλωτος
1229 2523 1270 2560 (le
1301 2537 1417 2561 recens
1440 2526 1525 2561 sub-

871 2580 963 2614 actis
1027 2580 1201 2628 gentihus
1269 2581 1354 2617 Dio.
1423 2582 1522 2619 Cass.

870 2635 1011 2680 XLIX,
1032 2638 1084 2675 38
1115 2649 1152 2685 p.
1172 2635 1252 2674 473
1282 2637 1328 2673 Ε.
1350 2659 1404 2664 --
1462 2637 1524 2675 Ad

869 2691 1029 2728 verbum
1057 2689 1333 2742 περιχυθέντες
1363 2693 1523 2740 (circum-

865 2747 957 2797 fusi,
989 2748 1267 2796 circumstantes)
1298 2751 1397 2788 conf.
1427 2758 1522 2789 nott.

870 2803 918 2841 ad
939 2801 1129 2841 Plutarch.
1150 2804 1310 2842 Flamin.
1331 2820 1368 2857 p.
1406 2810 1495 2847 108.

1191 2860 1246 2901 24

1525 377 1637 403 caeteri
1655 386 1719 405 cum
1736 380 1802 413 ipso

1418 403 1473 444 Οἱ
1528 410 1671 443 Artaycta
1693 412 1722 438 in
1741 421 1803 441 ma-

1528 450 1583 468 nus
1610 443 1770 472 Athenien-
