1839 3292
51 809 118 855 89

540 234 883 272 URANIA.
941 235 1073 272 VIII.
1353 241 1432 279 121

190 346 339 397 ρεῖσαν
367 339 593 397 ἠπιστέατο
625 340 736 385 εἶναι
764 342 989 399 πολεμίην.
1050 343 1104 386 τοί
1133 359 1178 387 τε
1206 343 1289 399 γαρ
1316 343 1435 396 ἄλλα,
1494 354 1572 393 660

187 409 245 460 ὣς
273 411 456 464 εἴρηται,
487 409 597 466 αὐτῇ
637 410 861 465 συνήνεικε
899 412 941 462 ἐς
971 409 1170 468 εὐτυχίην
1206 411 1464 467 γενόμενα,1

183 477 254 521 καὶ
284 477 334 520 τὸ
363 480 451 520 τῶν
481 477 527 520 ἐκ
556 482 630 533 τῆς
645 480 921 534 Καλυνδικῆς
948 479 1053 534 νηός
1083 481 1246 536 μηδένα
1266 478 1436 523 ἀποσω-

153 543 314 588 Ξθέντα
343 544 583 599 κατήγορον
612 545 825 599 γενέσθαι.

182 629 253 656 ται
282 612 389 666 πρὸς
417 610 469 654 τοὶ
500 611 772 666 φραζόμενα·

886 546 1050 601 Ξέρξην
1085 547 1131 590 δὲ
1174 546 1289 591 εἶπαι
1319 550 1465 602 λέγε-5

815 615 901 663 „Oi
929 613 1008 667 μὲν
1038 612 1195 668 ἄνδρες
1233 616 1438 671 γεγόνασί

182 697 283 734 ,,μοι
310 684 525 734 γυναῖκες·
558 681 602 722 αἱ
635 680 680 723 δὲ
708 685 922 735 γυναῖκες,
954 680 1151 737 ἄνδρες.“
1191 688 1329 727 ταῦτα
1359 686 1437 740 μὲν

185 748 351 802 Ξέρξην
380 747 487 801 φασὶ,
514 744 642 790 εἶπαι.

291 814 360 857 Ἐν
390 814 435 857 δὲ
464 818 523 871 τῷ
552 815 672 873 πόνῳ
689 813 829 869 τούτῳ
860 814 944 860 οἷπὸ
978 819 1056 872 μὲν
1085 818 1214 861 ἔθανε
1243 816 1266 860 ὁ
1297 828 1433 871 στρα-
1490 831 1649 859 Persarum
1667 833 1698 858 et

1494 865 1577 892 multi
1590 870 1619 892 et
1636 865 1768 891 illustres

184 883 310 940 τηγὸς
334 881 606 939 Ἀριαβίγνης
635 881 658 926 ὁ
688 885 892 939 Δαρείου,
923 885 1089 939 Ξέρξεω
1108 884 1191 928 ἐών
1210 883 1437 941 ἀδελφεὸς,
1494 899 1543 925 vel
1561 898 1702 925 trucidati
1721 897 1769 924 vel

131 1079 240 1119 detur
259 1079 466 1121 Ruhnken.
498 1080 622 1131 (Diss.
654 1081 700 1119 de
720 1088 784 1118 tu-

130 1138 193 1175 tel.
207 1145 243 1175 et
261 1139 426 1188 insignn.
447 1152 559 1176 navv.
581 1152 667 1189 pag.
690 1142 784 1179 261.

128 1195 242 1243 299),
266 1193 358 1231 haec
378 1196 504 1245 signa,
528 1209 624 1246 quae
646 1199 786 1244 σημεῖα

130 1258 240 1288 vocat
259 1252 485 1302 Polyaenus,
508 1251 652 1289 diversa
672 1252 784 1288 fuisse

133 1319 155 1343 a
175 1309 406 1344 Graecorum
416 1304 665 1359 παρασήμοις
687 1321 783 1359 quae

132 1364 248 1414 vulgo
282 1371 480 1411 vocantur,
515 1366 553 1400 in
574 1366 692 1414 proris
709 1378 781 1401 na-

130 1420 236 1458 vium
256 1422 429 1457 constitui
449 1422 567 1468 solita,
585 1420 645 1457 dei
669 1420 785 1457 deae*

128 1489 177 1513 ve
195 1477 272 1513 sive
292 1475 414 1514 herois
445 1477 585 1514 aliusve
611 1476 704 1514 adeo
729 1478 785 1514 rei

128 1532 340 1583 insignioris
383 1531 599 1570 exhibentia
646 1535 785 1584 imagi-

128 1602 240 1637 nem,
270 1590 373 1626 cuius
394 1591 532 1626 tutelae
560 1591 784 1642 plerumque

131 1645 211 1695 ipsa
231 1647 529 1683 committeretur
547 1649 664 1685 navis.
704 1649 784 1685 Nec

131 1702 377 1739 barbarorum
406 1716 521 1740 naves
549 1705 685 1741 talibus
721 1706 786 1740 in-

132 1759 298 1808 signibus
317 1772 465 1809 prorsus
478 1762 636 1797 caruisse
658 1775 678 1796 e
691 1762 786 1797 Plu-

133 1814 252 1852 tarchi
272 1817 484 1853 narratione
497 1819 718 1868 perspicitur
738 1817 785 1854 de

133 1871 364 1922 Lycomede,
405 1875 470 1924 qui
509 1881 639 1924 captae
679 1876 785 1911 navis

134 1941 326 1978 parasema
339 1929 495 1966 abscissa
507 1931 675 1980 Apollini
696 1944 787 1967 con-

135 1986 302 2032 secravit,
332 1984 520 2023 Themisr.
552 1987 601 2026 15
631 2001 669 2036 p.
709 1987 787 2028 115

135 2042 179 2080 F.
230 2043 288 2077 De
321 2039 537 2079 huiusmodi
580 2044 788 2093 insignibus

136 2097 350 2134 conferatur
378 2111 530 2150 quoque
561 2100 700 2138 Herod.
723 2101 788 2147 III,

135 2154 201 2194 59·
222 2157 288 2194 38.
308 2176 365 2182 -—-
392 2155 452 2191 Ad
473 2152 680 2205 ἠπιστέατο
703 2155 789 2208 (pu—

135 2210 274 2258 tabant)
296 2211 396 2247 conf.
416 2211 548 2250 Matth.
579 2214 644 2250 Gr.
667 2214 731 2254 Gr.
750 2215 787 2259 ξ.

140 2268 217 2306 160
237 2280 323 2317 pag.
344 2270 438 2308 292.

193 2322 234 2360 οἷ
253 2321 323 2373 μὲν
347 2321 489 2375 ἄνδρες
509 2321 695 2376 γεγόνασί
722 2340 788 2376 μοι

138 2383 340 2427 γυναῖκες·
372 2380 417 2418 αἶ
436 2379 477 2420 δὲ
497 2385 692 2433 γυναῖκες,
717 2379 790 2420 ἅν-

140 2433 256 2484 δρες]
298 2436 433 2487 Attigit
465 2436 637 2474 Eustath.
669 2437 716 2474 ad
742 2440 788 2476 Il.

139 2502 176 2538 p-
203 2492 296 2537 211,
316 2495 366 2532 23
397 2507 426 2530 s,
450 2497 540 2541 160,
568 2497 613 2534 11
639 2501 674 2531 et
694 2497 787 2543 668,

140 2542 193 2584 43
221 2559 249 2583 s.
272 2547 364 2594 557,
390 2548 455 2591 48.
521 2550 630 2587 Idem
650 2552 788 2589 Xerxis

141 2599 284 2637 dictum
304 2605 414 2651 paulo
431 2607 536 2643 aliter
558 2608 697 2658 profert
711 2609 789 2644 Po-

139 2657 264 2707 lyaen.
289 2659 386 2707 VIII,
418 2661 469 2702 53
499 2664 534 2708 §.
555 2663 593 2711 4,
624 2677 792 2715 quocum

141 2715 242 2750 conf.
264 2714 370 2751 Suid.
390 2729 418 2752 s.
439 2730 475 2754 v.
494 2715 648 2770 Ἀρτεμ.
664 2722 682 2756 Ι
702 2733 790 2770 pag.

141 2772 222 2810 338
254 2777 290 2806 et
323 2771 494 2809 Eustath.
524 2776 548 2811 l.
578 2777 604 2811 l.
625 2777 790 2814 Ptolem.

141 2825 242 2877 apud
262 2825 376 2865 Phot.
397 2828 485 2866 bibl.
506 2833 582 2872 190
595 2831 791 2883 pag.,477.

1494 932 1631 959 fluctibus
1657 932 1770 966 hausti,

1497 966 1598 999 paucis
1619 966 1752 992 Graeco-

1493 1007 1560 1026 rum
1588 998 1770 1027 cadentibus.

838 1081 939 1118 Dicti
990 1079 1273 1119 vehementiam
1327 1081 1494 1132 infregit,

840 1144 994 1174 notante
1004 1137 1150 1186 Vale-k„
1172 1139 1335 1188 Trogus,
1361 1138 1497 1175 Theo-

840 1207 1026 1245 pompum
1055 1195 1209 1231 fortasse
1237 1202 1409 1243 secutus,
1429 1197 1496 1231 Iu·-

840 1252 926 1288 stin.
968 1252 1016 1297 ΙΙ,
1052 1254 1102 1290 12
1136 1252 1219 1298 (ubi
1245 1258 1387 1287 exstat:
1420 1254 1497 1299 „in

839 1308 997 1343 muliere
1017 1307 1164 1343 virilem
1193 1306 1392 1344 audaciam
1413 1321 1498 1344 cer-

839 1377 948 1400 neres
960 1363 1015 1410 ⁶⁴),
1038 1376 1152 1413 quem
1163 1365 1332 1415 sequitur
1345 1365 1496 1401 Orosius

843 1421 908 1468 [II⁷
941 1419 1009 1466 10]
1037 1432 1124 1468 pag.
1149 1422 1240 1459 113.
1274 1421 1330 1456 Ac
1359 1422 1499 1457 similes

841 1474 943 1526 apud
963 1475 1201 1511 Herodotum
1230 1476 1355 1525 ipsum
1387 1490 1500 1527 repe-

841 1534 989 1569 riuntur
1017 1533 1225 1568 sententiae
1255 1533 1284 1579 I,
1324 1531 1416 1573 155,
1451 1534 1499 1581 11,

846 1591 935 1629 102.
967 1589 1035 1636 IX,
1066 1591 1134 1628 20.
1164 1591 1264 1635 1063
1297 1589 1388 1640 quin
1419 1590 1500 1640 ipsa

843 1645 1044 1681 Artemisia
1063 1645 1185 1681 simile
1208 1644 1299 1696 quid
1321 1644 1431 1681 effata
1445 1653 1500 1683 est

842 1702 940 1749 VIII,
963 1704 1039 1742 68:
1062 1714 1230 1752 quocum
1251 1702 1411 1739 conferri
1428 1716 1500 1739 vo-

841 1759 925 1795 lunt
945 1758 1080 1795 similia
1101 1758 1211 1804 dicta,
1234 1771 1330 1810 quae
1352 1766 1501 1796 exstant

842 1814 944 1865 apud
984 1816 1144 1865 Diogen,
1185 1817 1309 1852 Laert.
1346 1816 1419 1864 IV,
1462 1819 1499 1855 1.

841 1872 939 1908 Plat.
960 1873 1081 1921 Legg.
1111 1873 1128 1907 I
1148 1885 1186 1921 p.
1208 1873 1288 1912 639
1309 1874 1354 1908 B.
1378 1873 1500 1909 Cicer.

843 1942 912 1978 pro
948 1929 1079 1964 Milon.
1112 1931 1177 1967 21.
1216 1930 1299 1966 Liv.
1338 1930 1407 1973 IX,
1434 1931 1501 1969 19.

846 1985 942 2021 Gell.
958 1987 1002 2022 N.
1028 1986 1107 2021 Art.
1142 1985 1261 2031 XVII,
1284 1988 1351 2024 21.
1399 1985 1501 2029 Quin

843 2043 924 2091 ipsa
944 2042 1059 2076 Ennii
1078 2042 1214 2077 verba:
1237 2042 1337 2088 „Vos
1360 2043 1502 2078 etenim

843 2099 998 2134 iuvenes
1027 2099 1198 2133 animum
1218 2099 1342 2148 geritis
1362 2099 1503 2134 mulie-

844 2155 974 2202 brem,
1003 2155 1072 2190 Illa
1098 2155 1227 2203 virago
1263 2155 1367 2191 viri“
1412 2152 1503 2191 hinc

846 2211 990 2247 derivat
1030 2212 1256 2256 Gronovius,
1299 2209 1503 2247 accedente

845 2268 1100 2316 VVesselingio
1123 2274 1159 2303 et
1187 2267 1429 2312 Gottleber03
1461 2274 1503 2304 tu

844 2323 922 2362 vid,
955 2325 997 2361 C.
1018 2325 1141 2360 Beier.
1164 2322 1212 2359 ad
1241 2323 1358 2362 Cicer.
1393 2324 1503 2360 Offic.

844 2382 874 2428 I,
900 2382 949 2420 18
990 2381 1084 2428 (ubi
1117 2381 1182 2416 illa
1211 2381 1327 2416 Ennii
1356 2387 1504 2417 exstant

845 2438 960 2475 verba
981 2450 1029 2473 ex
1049 2437 1257 2473 Annalium
1273 2438 1366 2472 libro
1389 2450 1505 2487 quar-

844 2500 883 2530 to
906 2493 1146 2544 deprompta)
1169 2507 1205 2543 p.
1227 2492 1304 2532 142
1328 2493 1503 2543 etSpan-

845 2551 1027 2600 genberg.
1052 2549 1109 2586 ed.
1129 2550 1245 2585 Ennii
1273 2549 1503 2601 fragmm.p.

847 2608 900 2647 64
926 2606 984 2645 ed.
1014 2607 1116 2656 Lips-

1008 2696 1100 2745 Cap.
1119 2695 1340 2733 LXXXIX.

902 2770 967 2812 Ἐν
994 2771 1037 2811 δὲ
1055 2776 1110 2826 τῷ
1130 2770 1241 2825 πόνῳ
1254 2772 1399 2827 τούτῳ]
1425 2775 1450 2810 i.
1472 2788 1506 2811 e.

846 2834 884 2870 in
913 2831 978 2869 leae
996 2843 1135 2882 pugna.
1196 2831 1261 2869 Sic
1287 2828 1412 2878 πόνος
1443 2831 1507 2878 VI,
