1839 3292
263 447 330 493 90

55 513 183 541 Transit
199 512 335 541 Herodo-

55 550 104 574 tus
140 548 176 574 ad
205 555 335 582 pugnam

55 581 272 615 luy-calensem,
283 589 317 607 eo

56 614 121 641 dem
139 623 205 648 mun
224 614 335 641 Grac-ci

56 648 94 675 ad
124 649 262 675 Plataeas
287 647 331 674 vi-

55 687 161 708 cerunt
181 681 228 708 die
246 690 299 716 pu-

54 721 186 750 gnatam.
220 716 316 754 Grae-

56 757 158 775 corum
196 757 300 782 copiae

54 785 179 809 navales
200 783 264 809 Deli
285 789 331 808 se—

55 815 125 842 dent
148 817 195 850 [1-1,
211 816 308 848 1132.],

52 849 147 882 legati
166 850 333 877 Samiorum

54 881 166 910 adeunt
199 884 300 917 ducos,

56 925 180 950 eosque,
205 923 233 943 ut
255 916 316 943 loni

54 958 102 977 am
130 951 166 977 da
193 950 336 977 desectio-

54 992 121 1010 nem
140 990 276 1018 paratam
295 984 316 1010 li

53 1017 170 1054 herent,
180 1019 331 1046 obtestan-

54 1053 116 1087 tur,

391 199 476 240 334

787 196 1249 236 HERODOTI

390 308 538 368 μάτῳ·
568 307 615 350 ἐκ
646 307 890 359 Βυζαντίου
919 306 966 349 δὲ
1000 306 1120 362 διέβη
1150 307 1349 351 πλοίοισι.
1391 301 1547 358 Οὗτος
1574 306 1654 363 μὲν

391 376 506 422 οὕτω
533 373 794 430 ἀπενόστησε
825 374 867 425 ἐς
897 373 976 427 τὴν
1005 372 1161 428 Ἀσίην.

387 666 437 693 το
482 650 525 692 οἱ
554 647 778 702 Ἓλληνες,

507 447 595 498 Τῆς
637 441 682 484 δὲ
731 440 866 497 αὐτῆς
901 441 1063 497 ἡμέρης
1098 444 1174 498 τῆς
1212 455 1293 494 περ
1323 440 1370 484 ἓν
1407 445 1654 499 Πλαταιῇσι

393 515 441 557 τὸ
471 515 619 566 τρῶμα
649 509 830 564 ἐγένετο.
863 508 1130 565 συνεκύρησε
1147 507 1351 564 γενέσθαι
1381 509 1453 551 καὶ
1482 508 1529 552 ἐν
1551 514 1652 552 Μυ-

363 580 505 637 wamy
534 582 610 634 τῆς
637 577 810 633 Ἰωνίης.
845 575 961 621 Ἐπεὶ
989 577 1071 633 γὰρ
1103 577 1156 634 δὴ
1187 577 1234 620 ἐν
1262 580 1316 633 τῇ
1344 575 1475 632 Δήλῳ
1505 577 1652 620 κατέα-
1667 587 1710 620 10

852 648 895 689 οἱ
923 646 970 689 ἐν
999 650 1096 702 τῇσι
1125 645 1254 700 νηυσὶ
1292 644 1380 699 ἅμα
1408 647 1653 703 Λευτυχίδῃ

389 721 450 776 τῷ
489 715 820 771 Λακεδαιμονίῳ
860 712 1140 768 ἀπικόμενοι,
1180 709 1322 769 ἦλθόν
1361 723 1441 768 σφι
1480 714 1652 769 ἄγγελοι

390 785 474 830 οἷπὸ
506 784 690 840 Σάμου,
733 781 928 837 Λάμπων
968 797 1011 824 τε
1048 781 1326 834 Θρασυκλέος
1364 782 1437 824 καὶ
1471 778 1651 838 Ἀθηνα-

332 1212 425 1251 170.
458 1206 714 1257 „Persimiles‚
731 1205 783 1242 ait
803 1203 873 1242 We
885 1205 990 1242 ssel.

327 1267 470 1304 Persici
482 1265 668 1301 exercitus
685 1263 989 1310 aerumnaeVllL

330 1323 434 1371 1153
465 1322 608 1374 quales,
630 1320 806 1370 neglecto
828 1332 990 1371 appara-

327 1387 382 1428 tu,
404 1381 510 1416 nulla
535 1385 714 1428 congesta
731 1390 895 1425 annona,
912 1377 991 1413 fre-

328 1437 637 1489 quentissimae.“
697 1433 759 1470 Ad
780 1447 861 1485 seq.
909 1431 990 1472 διέ-

329 1495 381 1545 βη
410 1494 514 1530 idem
542 1492 681 1528 excitat
699 1492 728 1536 Ι,
755 1492 844 1530 186.
874 1491 990 1527 Auct.

326 1552 402 1588 Vit.
422 1552 578 1587 Homer.
603 1550 668 1589 19.
705 1549 917 1585 Burmann.
941 1545 990 1584 ad

328 1608 485 1654 Quintil.
507 1606 616 1646 Decl.
646 1605 712 1652 VI,
732 1606 797 1643 21.

559 1696 650 1746 Cap.
672 1694 757 1732 XC.

384 1772 428 1815 τὸ
452 1773 617 1827 τρῶμα]
660 1773 718 1811 Cf.
740 1771 786 1820 V,
811 1774 902 1813 121.
922 1773 986 1821 VI,

332 1834 411 1873 132
430 1834 559 1884 ibique
580 1833 656 1868 citt.
696 1831 870 1881 Sequens
892 1840 989 1868 συν-

329 1889 497 1941 εκύρησε
531 1885 719 1937 (accidit)
758 1886 988 1923 infinitivum

328 1953 413 1997 post
456 1960 495 1983 se
526 1945 640 1982 habet
679 1942 816 1980 eodem
856 1942 987 1991 modo,

329 2015 405 2055 quo
434 2009 519 2054 post
548 2000 789 2052 συμφέρειν,
821 2000 988 2051 συμβαί-

322 2074 420 2107 νειν,
444 2061 516 2096 alia
536 2058 576 2095 id
591 2071 725 2109 genus,
755 2055 987 2094 infinitivum

324 2117 418 2167 poni
450 2123 610 2154 constat.
667 2117 798 2166 Ipsum
826 2115 987 2151 verbum

325 2178 535 2225 συγκυρεῖν
575 2173 791 2209 invenimus
828 2172 857 2219 Ι,
893 2173 984 2211 119,

323 2232 423 2278 Vm,
456 2233 522 2271 87.
563 2228 754 2279 Dchale
785 2229 915 2265 Ioniae
949 2234 986 2265 et

326 2288 414 2323 urbs
453 2294 489 2323 et
527 2286 833 2337 promontorium
868 2285 986 2322 Samo

327 2343 450 2393 (unde
481 2350 627 2394 septem
659 2341 869 2380 stadiorum
906 2348 987 2378 tra-

326 2402 457 2445 iectus,
469 2407 562 2437 teste
575 2400 736 2452 Scylace
746 2400 867 2444 §.112
881 2412 917 2448 p.
932 2400 985 2438 56

328 2457 450 2495 Huds.
473 2458 558 2496 coll.
582 2458 619 2502 ξ.
642 2459 694 2498 97
715 2470 752 2507 p.
768 2457 820 2496 37
843 2454 984 2505 Huds.)

329 2516 554 2553 obversum:
596 2513 643 2551 de
672 2525 748 2565 quo
773 2511 850 2550 vid.
867 2514 987 2549 Hero-

327 2570 405 2609 dot.
432 2573 462 2619 Ι,
495 2571 572 2612 148
605 2571 691 2607 coll.
721 2570 784 2614 Vl,
809 2571 871 2609 16.
903 2570 984 2617 Vll,

327 2630 394 2668 80.
423 2630 588 2665 Pausan.
609 2628 654 2674 V,
685 2630 711 2668 7
734 2628 770 2672 ξ.
796 2627 837 2667 3.
860 2627 941 2674 VII,
959 2625 984 2665 4

326 2685 363 2729 ξ.
392 2687 424 2723 1.
457 2686 580 2723 strab.
610 2685 700 2721 XIV
730 2684 851 2720 initio.
916 2685 985 2720 Est

388 853 522 910 γόρης
550 852 898 905 Ἀρχεστρατίδεω
942 849 1016 892 καὶ
1052 847 1388 906 “Ηγησίστρατος
1413 847 1652 904 Ἀρισταγό-

394 937 500 975 ρεω,
541 918 812 974 πεμφθέντες
840 918 927 961 ὑπὸ
959 918 1142 972 Σαμίων
1171 916 1313 972 λάθρη
1343 920 1430 959 τῶν
1459 933 1502 959 τε
1535 921 1652 970 Περ-

389 990 499 1032 σέων
528 987 601 1031 καὶ
629 989 709 1030 τοῦ
739 984 963 1041 τυράννου
979 986 1280 1041 Θεομήστορος
1311 989 1390 1028 τοῦ
1418 983 1652 1041 Ἀνδροδά-
1664 991 1706 1026 15

1047 1204 1282 1242 continuatio
1331 1203 1472 1241 montis
1526 1204 1708 1254 Messogis

1048 1261 1132 1314 (qui
1156 1259 1355 1297 Maeandri
1386 1273 1539 1297 cursum
1567 1273 1588 1297 a
1610 1260 1706 1298 dex-

1046 1326 1103 1356 tra
1121 1319 1309 1370 sequitur)
1342 1330 1363 1354 a
1391 1319 1586 1367 Magnesia
1617 1317 1706 1355 inde

1046 1375 1094 1413 ad
1115 1389 1219 1412 mare
1248 1388 1368 1427 usque
1395 1374 1556 1411 deducta
1588 1376 1708 1411 meri-

1047 1433 1150 1470 diem
1169 1446 1297 1470 versus
1319 1439 1432 1484 atque
1454 1430 1706 1469 occidentem.

1103 1487 1186 1529 ἐπεὶ
1206 1486 1278 1541 γαρ
1299 1485 1367 1539 δή]
1387 1491 1442 1526 Ita
1452 1502 1555 1525 nunc
1575 1502 1595 1525 e
1615 1489 1706 1526 Flo-

1045 1548 1194 1583 rentino
1214 1548 1422 1596 repositum
1443 1558 1511 1596 pro
1533 1546 1638 1596 vulg.
1666 1545 1706 1586 ἒ-

1044 1600 1162 1654 πειδή
1186 1600 1273 1655 γαρ,
1296 1602 1400 1654 quod
1419 1603 1541 1639 tenuit
1563 1601 1706 1640 Schae-

1043 1660 1158 1708 serus,
1192 1662 1374 1712 cuiusque
1403 1660 1487 1696 loco
1507 1658 1641 1696 Matth.
1663 1672 1706 1696 e-

1045 1716 1140 1754 didit
1170 1715 1254 1756 ἒπεὶ
1287 1714 1360 1769 γάρ
1390 1718 1528 1753 omissa
1567 1717 1704 1753 vocula

1045 1770 1110 1824 δή.
1168 1775 1349 1811 Formam
1370 1772 1532 1812 κατέατο
1553 1773 1705 1810 inveni-

1044 1844 1128 1867 mus
1157 1832 1222 1879 ΙΙΙ,
1248 1827 1339 1870 14‘4.
1396 1829 1458 1866 Ad
1487 1831 1560 1866 loci
1589 1843 1705 1880 argu-

1044 1894 1219 1924 mentum
1253 1888 1398 1924 saciunt
1425 1887 1523 1934 VIII,
1561 1889 1702 1927 130—

1047 1947 1204 1985 132-
1232 1946 1326 1980 Mox
1347 1943 1434 1980 dedi
1455 1942 1705 1995 Θρασυκλέος

1043 2014 1113 2052 pro
1145 2002 1250 2051 vulg.
1273 2002 1545 2052 Θρασυκλῆος,
1576 2007 1618 2037 ut
1632 2002 1702 2048 IX,

1045 2060 1097 2099 98
1145 2056 1430 2108 Θεμιστοκλέος
1468 2064 1504 2094 et
1540 2058 1610 2104 IX,
1649 2060 1702 2098 97

1044 2114 1286 2161 Πασικλέος-τ
1334 2113 1381 2151 de
1420 2127 1496 2165 quo
1537 2113 1616 2150 dixi
1653 2112 1702 2150 ad

1041 2171 1123 2219 vll,
1153 2173 1246 2211 189.
1275 2191 1330 2199 -
1368 2172 1425 2207 De
1453 2170 1702 2218 Hegesistrato

1045 2227 1117 2265 Cr.
1140 2229 1254 2264 etiam
1280 2227 1442 2263 conferri
1474 2227 1554 2263 vult
1581 2228 1703 2278 Wyt-

1043 2283 1222 2322 tenbach.
1254 2282 1302 2320 ad
1331 2281 1524 2320 Plutarch.
1555 2284 1703 2320 Morail.

1042 2340 1325 2381 Animadverss,
1345 2342 1392 2386 II,
1413 2343 1428 2379 1
1455 2354 1492 2390 p.
1523 2342 1589 2381 89.

1102 2393 1395 2449 Θεομήστορος]
1425 2396 1512 2434 Vid.
1538 2396 1702 2445 V1H‚85

1044 2463 1081 2492 et
1101 2454 1149 2491 ad
1169 2468 1328 2506 sequens
1345 2453 1585 2504 κατέστησαν
1605 2460 1703 2491 nott.

1043 2512 1091 2549 ad
1112 2513 1192 2559 vll,
1218 2511 1309 2551 105.
1330 2532 1383 2539 --
1441 2512 1535 2547 Mox
1564 2524 1584 2547 e
1614 2523 1700 2547 me-

1041 2570 1196 2607 lioribus
1211 2567 1415 2606 codd.dedi
1430 2566 1580 2617 ἑτοῖμοι
1596 2561 1701 2618 ἦσαν

1041 2626 1085 2666 ἐν
1109 2628 1198 2681 τῇσι
1218 2624 1348 2675 νηυσὶ,
1378 2626 1443 2662 ubi
1470 2625 1608 2675 vulgo,
1639 2624 1701 2660 in-

1040 2697 1148 2721 verso
1188 2682 1343 2720 ordine:
1387 2681 1429 2722 ἐν
1458 2683 1549 2734 τῇσι
1581 2677 1700 2730 νηυσὶ

326 2741 479 2790 Iislycale
508 2754 630 2789 mons,
670 2748 713 2778 ut
742 2741 847 2792 ponit
866 2741 980 2777 Man-
1037 2740 1186 2791 ἑτοῖμοι
1229 2734 1354 2791 ἦσαν,
1401 2738 1505 2790 quod
1547 2736 1699 2775 retinuit

323 2803 418 2835 uert.
439 2798 501 2847 VI,
524 2801 547 2839 3
567 2812 606 2850 p.
619 2800 697 2839 291
715 2811 809 2851 seq„
835 2798 892 2836 nil
909 2798 981 2837 nisi

1039 2797 1237 2838 Schaefer.
1258 2803 1294 2834 et
1313 2794 1508 2834 Matthiae.
