1839 3292
431 219 515 260 156

401 334 424 369 3
436 327 537 382 „velot
577 324 687 370 εἶναι
724 328 939 383 χρήματα·
953 332 981 352 “

823 221 1286 259 HERODOTI

1044 327 1332 382 ὑπεκρίναντο
1380 330 1491 385 πρός
1531 332 1684 384 ταῦτα,

431 395 628 451 λέγοντες
658 393 717 446 ὥς
755 395 894 446 ,θεατὰ
923 393 1055 450 λόγον
1081 390 1193 450 ἦσαν
1223 396 1306 449 ἄρα
1333 399 1377 439 αἱ
1402 397 1584 454 Ἀθῆναι
1613 415 1687 454 με-

429 463 586 518 ,,γοὶλαι
615 479 657 505 τε
686 463 758 504 καὶ
782 461 1046 517 εὐδαίμονες,
1076 463 1148 505 καὶ
1175 467 1293 506 θεῶν
1309 470 1505 520 χρηστῶν
1536 466 1686 522 ἥκοιεν

430 527 529 584 ,,εὗ·
559 530 648 573 ἐπεὶ
677 528 895 582 Ἀνδρίους
923 547 970 586 γε
999 529 1110 573 εἶναι
1138 532 1388 585 γεωπείνας,
1421 533 1463 582 ἐς
1490 531 1541 575 τοὶ
1572 534 1685 588 μέγι-

431 608 540 649 ,,στα
570 595 826 653 ἀνήκοντας,
853 599 926 642 καὶ
954 597 1088 649 θεούς
1118 598 1200 643 δύο
1231 598 1470 655 ἀχρήστους
1508 597 1592 644 οὐκ
1620 601 1685 646 ἐκ·

373 785 500 822 larunt
519 781 592 835 τήν
613 779 903 835 Πειθανάγκην
930 783 1026 833 (vid.

373 839 532 878 Eustath
564 842 603 876 in
629 841 783 876 Homer.
808 842 847 877 ll.
868 842 919 876 111
940 854 1026 892 pag.

375 900 477 944 309,
521 895 583 936 14.
605 896 740 948 Synes.
771 898 828 933 De
851 910 956 947 regn.
989 911 1028 948 p.

371 956 425 993 26
446 954 492 989 A.
514 965 544 989 s·
565 966 624 1003 cp.
657 956 709 993 23
730 953 818 1004 ibiq.
863 954 1029 989 Krabin-

370 1022 451 1059 ger.
493 1022 579 1060 pag.
619 1011 699 1049 317
738 1010 811 1045 coll
846 1009 1029 1051 Abresch,

371 1067 411 1102 in
433 1067 588 1103 Miscell.
601 1066 779 1102 Observv.
794 1065 877 1102 Vol.
895 1067 927 1102 V
940 1079 1026 1116 pag.

371 1123 469 1162 236.
502 1124 602 1167 237,
635 1133 750 1171 quem
777 1120 905 1157 laudat
941 1121 1027 1170 Cr.)

371 1184 569 1228 opponunt
587 1176 721 1212 Andrii
744 1177 898 1226 Heviqv
910 1191 948 1214 τε
962 1176 1028 1215 καὶ

370 1228 618 1284 Ἀμηχανίην
662 1233 686 1268 i.
717 1245 750 1269 e.
784 1237 1027 1282 paupertatem

372 1296 409 1326 et
454 1292 608 1339 inopiam
655 1290 733 1325 sive
754 1296 758 1299 “
781 1291 1026 1339 impotentiam,

369 1359 534 1397 quewum
568 1345 752 1396 praesidio
787 1347 899 1382 etiam
928 1347 1028 1383 firmi

367 1416 412 1439 ac
432 1404 503 1440 tuti
525 1403 825 1439 Themistoclem
847 1404 1027 1440 Graecos-

369 1473 445 1512 que
466 1473 505 1495 re
525 1459 662 1495 infecta
685 1458 875 1496 discedere
888 1473 1025 1510 coege-

367 1523 478 1564 runt,
518 1522 560 1552 ut
600 1516 762 1565 legimus
800 1517 906 1564 VIII,
948 1519 1022 1557 121

368 1573 456 1610 coll.
478 1571 672 1609 Plutarch.
695 1571 883 1609 Themist.
913 1575 962 1613 21
987 1586 1023 1623 p.

370 1632 451 1669 122
473 1629 529 1677 C.,
551 1630 617 1680 qui
639 1629 773 1666 eadem
793 1631 941 1666 brevius
955 1642 1026 1665 ex-

366 1698 513 1737 ponens
533 1693 642 1722 vocat
655 1687 754 1725 Βίαν
775 1694 888 1738 atque
905 1682 1026 1725 'Arco-

366 1743 458 1793 ρίαν
517 1741 605 1779 deas
646 1742 893 1780 Andriorum.
968 1743 1026 1779 Ao

365 1811 456 1836 sane
503 1798 637 1834 fanum
674 1795 876 1851 Ἀνάγκης
911 1806 1025 1851 atque

366 1856 465 1901 Βίας
486 1854 657 1892 Corinthi
680 1857 792 1893 fuisse
820 1864 951 1893 auctor
972 1863 1025 1893 est

365 1912 572 1949 Pausanias
598 1914 631 1948 ΙΙ
647 1942 656 1959 ,
688 1911 714 1952 4
736 1914 771 1957 ξ.
794 1916 833 1953 7.
891 1914 1025 1964 Neque

364 1966 442 2005 huc
475 1981 553 2005 non
584 1969 673 2005 facit
710 1970 840 2006 Alcaei
879 1969 1025 2007 dictum

365 2024 468 2075 apud
481 2026 691 2062 Stobaeum
712 2027 833 2063 XCIV
861 2024 953 2075 (96)
984 2040 1022 2076 p-

365 2082 447 2122 518
469 2095 497 2118 S.
519 2083 570 2118 T.
590 2084 642 2118 III
666 2095 751 2132 pag.
781 2083 862 2124 258
892 2083 1020 2130 Gaisf.,

364 2139 431 2174 ubi
458 2134 705 2188 Ἀμηχανίαν
739 2139 832 2175 dixit
852 2151 1020 2175 sororem

365 2195 536 2240 Πενίαςτ
575 2195 621 2231 de
653 2208 728 2247 quo
761 2195 861 2233 conf.
887 2196 1021 2231 Blom-

363 2250 466 2287 field.
496 2253 534 2287 in
572 2253 733 2291 Glossar.
765 2252 813 2288 ad
842 2251 1019 2302 Aescliyl.

365 2307 408 2344 S.
442 2321 475 2346 c.
504 2306 580 2347 Th.
609 2307 702 2348 343.
760 2310 816 2344 Ac
856 2308 1020 2359 denique

361 2364 566 2401 muliebres
579 2363 666 2400 deas
683 2360 876 2417 μεγάλους
899 2362 1023 2410 θεούς

362 2428 465 2457 recte
495 2420 593 2467 dici,
631 2429 856 2458 monstrasse
885 2419 1022 2457 dicitur

362 2478 509 2514 Elsner.
532 2476 673 2515 Sched.
701 2479 791 2516 Crit.
816 2490 902 2528 pag.
926 2480 977 2517 39
999 2489 1020 2513 a

361 2533 617 2585 Wesselingio
648 2536 843 2571 excitatus.
907 2533 1020 2570 Hand

361 2590 469 2626 aliter
504 2592 601 2627 infra
643 2590 779 2628 Andrii
821 2591 1019 2641 protulisse

363 2644 540 2683 dicuntur
568 2645 692 2695 θεούς
728 2643 948 2698 ἀχρήστους
991 2648 1017 2685 ἰ.

362 2714 396 2738 e.
433 2704 657 2751 malevolos,
700 2703 803 2740 haud
832 2704 1016 2753 benignos

359 2764 475 2810 atque
496 2761 601 2796 utiles
623 2761 722 2810 ipsis,
741 2774 786 2798 eo
807 2759 912 2813 quod
930 2761 1017 2797 nul-

359 2814 397 2852 la
416 2815 503 2867 ipsis
521 2817 703 2866 praebent
731 2815 948 2855 commoda.

1140 782 1195 830 ὥς
1230 781 1328 822 κατα
1365 779 1484 835 λόγον
1528 777 1636 834 ἦσαν
1666 781 1743 836 ὄίρα

1085 839 1128 878 αἶ
1144 836 1321 891 Ἀθῆναι
1345 836 1507 891 μεγάλαι
1526 854 1565 879 τε
1588 839 1655 880 καὶ
1675 838 1743 880 ευ’-

1085 895 1308 948 ὃαίμονες]
1372 893 1470 935 κατά
1514 894 1635 950 λόγον
1675 910 1743 935 cur

1085 952 1304 1003 Scliweigli.
1326 954 1365 989 in
1387 955 1480 989 Lex.
1495 953 1633 990 Herod.
1651 953 1741 991 red-

1086 1008 1149 1046 dat
1189 1013 1328 1056 merito,
1395 1009 1496 1046 haud
1547 1018 1742 1061 exputem.

1086 1067 1194 1102 Cous.
1218 1068 1260 1111 V,
1282 1069 1318 1106 8.
1343 1067 1613 1117 Imperfectum
1638 1061 1742 1116 ἦσαν

1084 1123 1248 1172 positum
1270 1121 1438 1170 videtur,
1478 1124 1543 1158 ubi
1565 1136 1740 1173 praesens

1084 1190 1174 1213 sane
1202 1185 1351 1228 tempus
1393 1187 1664 1228 exspectasses:
1694 1179 1742 1216 de

1085 1247 1160 1284 quo
1200 1247 1270 1271 usu
1308 1235 1407 1270 conf.
1450 1234 1646 1271 Heindorf.
1693 1235 1743 1272 ad

1082 1291 1233 1331 Platon,
1256 1289 1400 1327 Pliaed.
1423 1292 1469 1336 ἦ.
1497 1291 1549 1332 35
1579 1291 1740 1342 pagr54

1084 1354 1119 1383 et
1141 1360 1238 1398 quae
1259 1349 1329 1383 alia
1350 1346 1397 1384 de
1417 1346 1553 1384 eodem
1582 1361 1651 1385 usu
1680 1355 1739 1384 at·-

1081 1404 1165 1440 tulit
1205 1405 1417 1441 Stallbanm
1475 1403 1523 1440 ad
1572 1403 1739 1441 eundem

1081 1461 1248 1497 Platonis
1285 1462 1414 1497 lorum
1442 1473 1529 1511 pag.
1564 1463 1630 1502 60.
1671 1463 1737 1500 61.

1080 1518 1138 1553 De
1154 1518 1288 1554 vocula
1310 1514 1386 1564 ἄρα
1414 1518 1619 1568 postposita
1636 1516 1739 1556 conf.

1082 1575 1192 1610 allata
1234 1573 1282 1611 ad
1312 1575 1420 1621 VIII,
1462 1576 1499 1614 8.
1557 1575 1615 1609 De
1643 1587 1738 1610 voce

1084 1626 1315 1682 εὐδαίμονες
1355 1630 1456 1668 conf,
1485 1636 1581 1667 nott.
1614 1629 1663 1668 ad
1691 1631 1736 1680 V,

1081 1690 1147 1727 23.

1137 1758 1205 1782 και
1239 1744 1349 1782 θεῶν
1379 1745 1558 1795 χρηστῶν
1599 1739 1738 1794 {quom-tv

1083 1793 1152 1852 ευ]
1175 1798 1235 1836 Ad
1255 1800 1487 1836 locutionem
1508 1799 1608 1837 conf.
1632 1801 1661 1844 1,
1684 1802 1738 1840 30

1081 1857 1170 1904 V‚11
1207 1857 1284 1896 157
1316 1864 1352 1893 et
1382 1855 1428 1893 de
1457 1857 1593 1893 vocula
1622 1858 1664 1894 εὐ
1696 1857 1738 1892 in

1080 1913 1156 1949 fine
1186 1914 1362 1950 orationis
1397 1912 1541 1963 posita,
1571 1912 1648 1950 vid.
1679 1913 1738 1949 al-

1079 1970 1155 2006 lata
1178 1969 1226 2006 ad
1259 1970 1311 2017 V
1351 1972 1417 2010 27.
1475 1971 1532 2006 De
1559 1969 1739 2006 indicati-

1079 2014 1281 2076 vo(716av)
1304 2033 1339 2063 et
1356 2027 1522 2076 optativo
1561 2022 1735 2078 (ἤκοιει)

1075 2096 1114 2119 se
1136 2085 1300 2119 invicem
1334 2083 1606 2132 excipientibus
1635 2082 1736 2120 conf.

1076 2140 1186 2185 ῩΙΙΙ,
1240 2142 1329 2179 100.
1406 2140 1625 2186 Caeterum,
1686 2140 1736 2175 ait

1077 2194 1445 2244 Schweighaeuser„
1467 2194 1637 2231 mordaci
1656 2195 1736 2232 iro-

1074 2253 1137 2288 nia
1161 2250 1253 2287 haec
1285 2250 1382 2287 diota
1416 2251 1614 2288 videntur:
1655 2263 1736 2288 ma-

1078 2321 1171 2357 gnae
1187 2312 1219 2344 et
1246 2308 1368 2344 beatae
1387 2308 1544 2344 Athenae
1571 2305 1732 2344 scilicet!

1079 2378 1218 2415 nempe
1247 2365 1334 2400 urbs
1380 2377 1507 2401 eversa
1546 2371 1735 2401 cremata-

1080 2434 1154 2473 que
1194 2428 1230 2457 et
1268 2428 1367 2457 terra
1406 2422 1529 2457 omnis
1567 2427 1731 2458 vastata:

1075 2479 1241 2528 propitiis
1273 2479 1310 2514 in
1334 2479 1458 2527 primis
1488 2481 1636 2514 utuntur
1662 2477 1733 2514 eliis

1077 2536 1239 2581 scilicet,
1269 2535 1335 2585 qui
1365 2547 1436 2570 nec
1466 2534 1624 2582 urbem,
1659 2546 1733 2571 neo

1075 2592 1217 2641 templa
1237 2591 1346 2626 tutati
1365 2593 1483 2630 sunt!
1487 2592 1497 2610 ‘

1130 2646 1215 2686 ἐπεὶ
1231 2642 1306 2685 Α’ν
1298 2647 1445 2697 ὃρίους
1463 2660 1506 2698 γε
1524 2641 1731 2696 sinuaretu-

1073 2705 1212 2749 πείνας
1233 2702 1271 2750 ἐς
1293 2719 1340 2742 τα
1368 2702 1528 2755 μέγιστα
1555 2697 1732 2750 οἷνήκον·

1072 2761 1155 2810 τας]
1187 2761 1313 2797 Oratio
1345 2774 1365 2796 e
1385 2759 1527 2798 directa
1545 2758 1699 2796 subito'
1688 2770 1729 2794 m

1070 2815 1296 2855 indirectam
1315 2816 1515 2856 accusativi
1535 2821 1573 2853 et
1599 2814 1730 2851 infmi-
