1839 3292
308 168 395 210 521

308 279 426 313 Luxus
449 277 648 323 Persarum,
677 281 739 323 lx,
762 281 911 316 80-82.

307 325 462 404 Ilyfagus
493 325 625 370 Iupiter
644 338 699 371 ap.
725 328 932 371 Cyrenaeus,
964 327 1022 370 lv,

356 372 399 405 20
440 375 510 406 not.
648 406 650 408 .

307 419 509 463 Izycaretus,
545 417 740 452 Maeandri!
773 419 892 462 frater,
926 418 1025 453 Sami

353 475 501 507 regnum
527 465 667 507 appetit,
696 464 759 507 ΙΙΙ,
783 464 860 499 1-13.
893 466 1024 499 Lemno

353 522 375 545 a
398 510 514 543 Persis
534 510 746 553 praeficitur,
772 512 811 552 V,
835 511 892 546 27.

306 557 418 602 Lycia
441 556 527 588 olim
551 556 683 601 Milyas
706 557 1022 600 nominata‚1I‚l73.

352 600 463 645 Lycii,
497 601 525 642 Ι,
549 601 606 636 28.
655 614 697 636 ex
728 604 831 637 Creta
875 604 1023 646 oriundi,

351 649 437 680 olim
462 647 643 682 Termilae
665 650 852 693 appellati,
878 662 897 683 a
913 651 1021 694 Lyco,

350 693 539 728 Pandionis
561 695 608 727 lil.
634 707 757 729 nomen
785 696 969 739 accipiunt,
995 698 1023 739 l,

352 739 433 774 173.
463 740 540 781 vn,
564 741 610 774 92
634 745 704 777 not.
740 754 776 775 se
807 753 828 775 a
851 744 1023 776 matribus

350 786 544 830 nominant,
568 798 635 820 non
658 798 680 820 a
702 788 869 830 patribus,
894 789 922 829 Ι,
957 789 1023 822 173

349 837 421 866 not.
448 834 483 876 ⁸)
507 854 553 859 --
578 833 675 877 Lycii
699 840 835 867 strenue
868 841 1024 879 pugnant

349 880 428 913 adv.
464 880 682 923 Harpagum,
722 880 752 920 Ι,
796 879 873 914 176.
918 882 1024 914 Dario

350 925 519 959 tributum
546 926 710 968 pendunt,
734 926 799 967 ΙΙΙ,
821 926 876 960 90.
902 939 1022 960 eorum

348 971 385 1005 in
418 970 543 1004 xerxis
578 973 687 1004 classe
725 979 918 1015 armatura,
946 974 1022 1014 VII,

349 1017 405 1050 92.
431 1016 529 1060 Lycii
551 1028 652 1051 arcus
676 1023 921 1061 memorantur,
945 1020 1022 1062 vn,

350 1063 408 1096 77.
433 1065 480 1096 cf.
506 1075 535 1095 c.
558 1063 614 1097 92.

306 1109 472 1154 Lycidas,
497 1115 636 1143 senator
659 1111 775 1143 Athen
790 1137 801 1152 ‚
824 1122 902 1144 cum
935 1122 1023 1144 uxo-

347 1167 385 1188 re
417 1160 450 1188 et
480 1156 598 1191 liberis
630 1157 805 1200 lapidibus
851 1157 1023 1200 obruitur,

347 1202 410 1241 lx,
437 1201 470 1235 5.

301 1247 519 1292 Lycomedes,
549 1249 746 1282 Aeschreae
768 1250 833 1291 fit,
857 1249 913 1283 vir
935 1254 1023 1283 stre-

346 1306 448 1335 nuus,
484 1294 615 1337 primus
639 1307 762 1328 navem
789 1296 941 1329 hostium
963 1308 1024 1330 ca-

347 1340 398 1383 pit
422 1341 465 1374 ad
492 1341 726 1379 Artemisium,
761 1343 857 1382 VIII,
881 1344 923 1375 11
949 1347 1020 1376 not.

302 1385 459 1431 Lycopas
484 1388 688 1422 Lacedaem.
720 1391 857 1422 strenue
890 1390 934 1422 ad
956 1389 1021 1423 Sa-

347 1445 444 1465 mum
469 1439 611 1478 pugnat,
636 1434 698 1476 ΙΙΙ,
724 1434 778 1467 55.

299 1479 515 1523 Lycophrvn,
555 1480 735 1513 Periandri
761 1481 824 1522 fil„
857 1480 959 1513 domo
983 1493 1023 1514 e-

345 1526 465 1569 iectus,
492 1531 526 1559 et
549 1526 583 1559 in
610 1527 801 1570 Corcyram
827 1528 1020 1572 ablegatus,

346 1572 504 1604 Corinthi
529 1573 747 1616 tyrannidem
780 1574 958 1616 repudiatz
1000 1585 1021 1607 a

346 1618 551 1662 Corcyraeis
588 1619 807 1662 interficitur,
841 1619 902 1662 III,
927 1620 1019 1653 50—-

347 1662 405 1696 53.

299 1709 492 1754 Itycurgus,
517 1708 573 1742 vir
595 1709 654 1743 int.
679 1710 868 1752 Spartanos
892 1711 1019 1753 proba-

345 1762 412 1796 tus,
436 1756 611 1789 Leobotae
634 1757 728 1800 regis
752 1762 855 1797 tutor,
881 1759 925 1790 ab
939 1769 1020 1790 ora-

344 1803 423 1834 culo
447 1803 598 1835 monitus
617 1802 710 1843 leges
736 1804 804 1836 sert
837 1803 1018 1845 Spartanis

345 1852 380 1880 et
403 1848 553 1890 ephoros
578 1848 736 1889 instituit,
762 1850 789 1891 Ι,
813 1848 859 1882 65
883 1855 952 1883 not.
986 1849 1018 1882 ei

345 1895 516 1937 templum
549 1894 766 1937 dedicatum,
807 1908 838 1930 c.
870 1895 915 1928 66
947 1900 1018 1929 not.

344 1939 419 1973 eius
447 1945 593 1982 tempus,
629 1941 657 1981 Ι,
682 1940 728 1974 65
752 1945 824 1976 not.
861 1942 1018 1987 Lycurgi

344 1997 451 2022 mors.
476 1987 503 2027 Ι,
531 1986 577 2020 65
601 1991 672 2020 not.

298 2032 494 2078 Lycurgus,
534 2033 765 2068 Aristolaidae
796 2033 861 2078 fil„
907 2034 1018 2068 Athe-

839 173 868 213 1.
898 173 1060 210 INDEX
1089 174 1282 214 RERUM.

1127 283 1266 325 niensis,
1304 284 1464 318 factionis
1487 285 1651 331 princeps
1682 290 1805 324 eontra

1128 329 1360 370 Pisistratum,
1387 332 1411 369 Ι,
1437 330 1494 365 59.

1081 375 1276 454 Isylc‘ggus,
1294 376 1447 412 Amiauti
1472 378 1718 422 pater,Areas,
1742 379 1805 425 vl,

1081 467 1206 511 Lycus,
1231 467 1265 500 fl.
1288 467 1482 511 Phrygiae,
1505 470 1659 506 Colossis
1670 470 1706 506 in
1717 471 1805 506 urbe

1128 513 1312 556 evanescit,
1339 514 1411 555 vil,
1434 514 1480 547 30
1503 520 1581 550 not.

1082 559 1206 603 Lycus,
1251 560 1289 594 fl.
1336 559 1515 605 Scythiae,
1564 561 1600 595 in
1647 562 1805 597 Maeotin

1127 606 1292 649 paludem
1339 617 1376 640 se
1413 611 1585 649 exonerat,
1630 608 1691 650 lv,
1735 607 1805 643 123

1129 656 1198 684 not.

1081 697 1205 740 Lycus,
1231 697 1476 731 Anacharsidis
1499 709 1597 741 avus,
1621 698 1682 738 lv,
1709 699 1768 735 76.

1081 744 1205 787 Lycus,
1230 744 1417 778 Pandionis
1441 744 1546 787 filius,
1572 756 1594 779 a
1612 746 1722 780 fratre
1733 747 1804 781 Ae-

1127 801 1194 834 geo
1237 790 1380 823 Athenis
1413 792 1595 835 expulsus,
1634 791 1669 825 in
1712 792 1804 827 Ter-

1127 836 1231 869 milas
1274 836 1389 877 venit3
1437 838 1481 871 ab
1521 849 1563 870 eo
1597 837 1696 882 Lycii
1739 850 1803 872 no-

1127 893 1206 915 meu
1236 881 1426 925 inveniunt,
1477 883 1508 925 Ι,
1540 882 1619 918 173.
1645 883 1723 928 vn,
1756 884 1804 919 92

1126 932 1198 964 not.

1080 973 1208 1018 Izytlia,
1241 972 1376 1019 argenti
1410 974 1519 1016 ferax,
1551 975 1597 1013 V,
1620 974 1679 1010 49.
1724 975 1803 1010 auri

1125 1024 1283 1054 ramenta
1318 1031 1338 1052 e
1373 1019 1503 1053 Tmolo
1538 1021 1657 1062 habet,
1691 1021 1720 1062 Ι,
1743 1021 1803 1061 93.

1125 1067 1168 1098 cf.
1205 1066 1245 1106 V,
1280 1065 1358 1099 101.
1387 1066 1488 1108 Lydi,
1512 1065 1575 1107 ΙΙΙ,
1600 1066 1647 1100 90
1670 1072 1742 1101 net.
1767 1068 1798 1108 1,

1125 1112 1172 1146 28
1188 1113 1254 1153 §.T
1281 1112 1364 1145 olim
1388 1112 1554 1145 Maeones
1577 1113 1705 1154 vocati,
1723 1112 1803 1155 VII,

1125 1158 1181 1191 74.
1208 1169 1230 1192 a
1254 1158 1361 1202 Lydo,
1387 1158 1487 1202 Atyis
1509 1158 1571 1199 fil„
1606 1170 1746 1202 nomen,
1769 1159 1802 1202 1,

1126 1203 1228 1238 7not.
1255 1210 1392 1238 strenua
1415 1215 1512 1248 gens,
1536 1216 1576 1237 ex
1588 1206 1685 1247 equis
1699 1216 1801 1249 prae-

1126 1251 1230 1294 cipue
1264 1255 1433 1294 pugnant,
1467 1262 1498 1284 c.
1525 1250 1582 1284 79.
1616 1250 1675 1287 80.
1707 1262 1803 1297 mer-

1125 1297 1218 1330 cium
1254 1297 1449 1334 institores,
1487 1297 1592 1340 primi
1624 1302 1800 1332 monetam

1124 1343 1334 1387 procudunt,
1358 1343 1386 1384 Ι,
1412 1341 1468 1376 94.
1492 1343 1652 1377 ludorum
1675 1343 1799 1377 inven-

1125 1395 1229 1430 tores,
1254 1389 1336 1422 ibid.
1361 1400 1481 1422 eorum
1519 1389 1615 1422 filiae
1640 1390 1803 1424 meretri-

1125 1441 1250 1469 cantur
1274 1447 1404 1475 omnes,
1428 1447 1456 1467 c.
1483 1434 1539 1468 93.
1565 1436 1661 1480 leges
1689 1437 1801 1470 Grae-

1125 1482 1174 1515 cis
1198 1481 1341 1522 similes,
1376 1493 1406 1513 c.
1437 1479 1493 1514 94.
1532 1482 1654 1516 eodem
1681 1483 1799 1523 modo,

1125 1534 1229 1571 atque
1268 1527 1414 1567 Graeci,
1447 1527 1598 1570 expiant,
1621 1529 1649 1571 I,
1674 1528 1731 1563 35.
1763 1531 1800 1562 et

1123 1575 1245 1607 foedus
1280 1577 1448 1617 pangunt,
1483 1585 1514 1606 c.
1546 1573 1603 1607 74.
1639 1593 1682 1601 —-
1726 1574 1800 1617 pri-

1124 1631 1220 1652 scum
1258 1619 1350 1652 Iovis
1376 1618 1470 1652 Carii
1508 1620 1677 1662 templum
1717 1631 1798 1654 cum

1123 1665 1236 1709 Mysis
1270 1670 1304 1698 et
1339 1665 1486 1698 Caribus
1516 1676 1701 1698 commune
1732 1666 1798 1700 ha-

1122 1712 1215 1753 bent,
1250 1711 1277 1751 Ι,
1311 1711 1388 1744 171.
1426 1711 1461 1743 ἱη
1495 1711 1678 1745 Umbriam
1702 1712 1798 1746 colo-

1122 1758 1217 1790 niam
1248 1757 1390 1797 ducunt,
1428 1757 1454 1797 Ι,
1479 1755 1527 1790 94
1551 1762 1621 1790 not.
1660 1762 1694 1791 et
1730 1758 1798 1791 Ex-

1122 1816 1210 1836 curs.
1235 1815 1268 1846 p.
1292 1802 1361 1836 893
1385 1814 1454 1844 seq.
1479 1802 1541 1845 **)
1567 1814 1627 1845 per
1646 1803 1798 1847 quinque

1121 1861 1229 1882 annos
1253 1860 1332 1881 cum
1359 1848 1469 1881 Medis
1493 1849 1624 1882 bellum
1657 1854 1797 1894 gerunt,

1120 1896 1150 1936 Ι,
1173 1894 1230 1930 74.
1257 1894 1336 1928 103.
1363 1895 1435 1927 vid.
1460 1895 1626 1938 Alyattes.
1651 1915 1697 1921 —
1721 1895 1796 1939 pri-

1118 1953 1196 1976 mas
1220 1941 1254 1974 in
1280 1941 1421 1974 oraou!o
1451 1941 1659 1975 consulendo
1683 1946 1796 1984 partes

1120 1999 1143 2022 a
1175 1987 1426 2030 Delphensibus
1459 1987 1645 2030 accipiunt,
1678 1988 1706 2028 l,
1735 1986 1796 2022 5-1.

1119 2045 1201 2068 cum
1210 2034 1325 2068 Persis
1346 2036 1503 2078 pugnant
1511 2033 1655 2078 ancipiti
1666 2034 1794 2077 Marte,

389 2261 420 2303 *)
446 2263 544 2296 conf.
567 2264 624 2295 Fr.
642 2261 685 2294 de
705 2263 870 2295 Raumer:
896 2263 1015 2295 Ueber
1034 2260 1109 2294 Ehe
1130 2261 1200 2294 und
1216 2261 1359 2294 Familie
1379 2261 1413 2293 in
1440 2260 1570 2295 Histor.
1595 2260 1792 2297 Taschenb.

299 2308 388 2342 1833
405 2320 438 2349 p.
466 2308 542 2343 337.
570 2309 775 2343 Grotefend.
799 2309 833 2340 in
865 2309 1014 2341 Seebod.
1037 2307 1174 2342 Archiv.
1202 2308 1290 2342 1829
1310 2319 1361 2340 nr.
1378 2309 1422 2341 28
1442 2320 1477 2352 p.
1506 2307 1570 2340 109
1590 2306 1670 2343 coll.
1688 2306 1791 2340 Peri-

297 2366 374 2387 zou.
396 2354 580 2388 Dissertat.
600 2354 703 2387 Trias
722 2355 882 2395 (Devent.
902 2355 989 2388 1679
1008 2365 1044 2397 p.
1063 2353 1161 2397 275.)

389 2423 434 2465 '⁸)
468 2422 550 2456 Vid.
577 2434 667 2455 nunc
695 2423 813 2455 Micali
836 2422 951 2455 Storia
965 2421 1059 2465 degli
1088 2421 1217 2455 antichi
1234 2421 1356 2465 popol.
1378 2421 1453 2457 Ital.
1477 2423 1530 2457 ,T.
1548 2423 1564 2454 Ι
1582 2434 1619 2466 p.
1636 2422 1682 2456 97
1704 2433 1791 2465 seq.‚

298 2468 357 2512 qui
376 2469 547 2501 Herodoti
569 2469 800 2502 narrationem
821 2480 961 2512 prorsus
989 2468 1152 2500 reiectam
1169 2468 1241 2500 vult
1261 2468 1390 2512 quippe
1411 2468 1545 2508 fictam,
1578 2479 1652 2500 cum
1681 2468 1789 2499 Etru—

297 2526 432 2547 scorum
448 2526 530 2558 gens
549 2515 595 2547 sit
613 2527 712 2558 quam
724 2514 870 2547 maxime
884 2514 1056 2557 indigena,
1078 2526 1097 2546 a
1116 2513 1257 2546 Graecis
1278 2525 1386 2557 aeque
1405 2520 1508 2557 atque
1528 2513 1634 2557 Lydis
1646 2524 1788 2556 prorsus

295 2567 442 2594 remota.
490 2567 535 2594 At
559 2562 690 2594 cautius
713 2562 777 2594 hac
798 2561 833 2593 in
860 2573 897 2593 re
922 2560 1211 2605 pronuntiandum
1241 2559 1414 2592 existimat
1431 2559 1735 2592 Raoul-Rochette
1752 2558 1788 2591 in

296 2607 436 2639 Journal
455 2607 488 2640 d.
509 2610 635 2640 Savans
655 2606 743 2641 1834
762 2620 795 2650 p.
829 2607 905 2650 145,
937 2607 1026 2639 bene
1044 2607 1237 2646 advertens,
1261 2617 1362 2650 quam
1385 2605 1492 2638 multa
1512 2605 1548 2637 in
1567 2606 1786 2637 Etruscorum

296 2651 400 2683 rebus
432 2653 582 2695 prodant
610 2653 778 2695 originem
808 2652 1009 2685 orientalem
1039 2651 1279 2693 Herodotique
1306 2651 1538 2684 narrationem
1565 2651 1609 2683 de
1625 2651 1731 2694 Lydis
1750 2649 1786 2681 in

296 2698 434 2730 Etruria
456 2700 714 2732 considentibus
732 2700 959 2743 comprobare
979 2698 1167 2732 videantur.
1216 2699 1260 2729 Et
1288 2699 1376 2731 adde
1396 2704 1572 2731 auctorem
1602 2695 1785 2739 epistolae,

297 2754 399 2786 quem
432 2755 533 2788 supra
561 2746 624 2788 (ad
654 2757 728 2778 voc.
756 2746 920 2789 Hercul.)
950 2744 1160 2778 laudavimus
1190 2744 1220 2788 §.
1253 2743 1307 2779 15.
1348 2744 1447 2780 Conf.
1475 2743 1577 2777 etiam
1603 2741 1785 2777 Thiersch.

296 2788 428 2834 Epoch.
448 2801 484 2834 p.
504 2791 568 2825 166
590 2791 646 2825 ed.
662 2803 730 2825 see.
