1839 3292
286 255 371 298 500

331 364 464 399 frustra
486 373 566 397 enm
589 373 651 406 per
673 361 815 396 Cnidios
841 362 1007 396 reducere

333 411 526 444 Tarentum
549 413 711 450 conatur,
733 408 794 452 llI,
819 408 899 442 138.

288 457 478 496 Gindanes,
506 466 587 498 pop.
612 454 775 492 Africae:
815 455 1008 488 mulierum

332 502 462 536 fasciae
487 513 527 534 ex
560 500 722 543 pellibus,
755 500 816 541 IV,
844 500 912 534 176
937 507 1006 534 not.

287 549 408 582 Glacic
441 546 644 580 constrictus
681 547 889 581 Cimmerius
921 548 1006 581 Bos-

333 605 450 638 porus,
473 593 533 633 IV,
557 591 604 625 28
628 596 699 626 not.

288 641 456 679 Glaucon,
482 638 611 682 Leagri
634 643 748 680 pater,
772 638 833 679 lx,
855 637 913 673 75.

288 687 443 719 Glaucus
459 685 566 718 Chius
591 684 909 719 ferruminationem
921 684 1005 719 ferri

331 730 474 773 invenit,
496 730 522 770 I,
547 730 594 764 25
618 738 689 766 not.
714 731 750 774 *)

287 778 451 816 Glaucus,
498 777 661 821 Epicydis
693 777 739 810 fil.
756 802 765 817 ,
812 776 1005 820 depositum

330 823 474 866 suscipit
496 824 541 856 ab
566 823 703 866 hospite
726 823 876 861 Milesio,
913 823 1003 866 quod

331 874 451 913 postea
481 868 671 911 suscepisse
706 875 821 913 negat,
855 868 914 909 VI,
946 868 1003 904 86.

329 915 497 959 Pythiam
529 915 677 949 consulit
704 926 748 948 an
781 915 1003 949 iureiurando

328 962 511 1005 pecuniam
536 961 750 1002 intervertat,
774 962 830 1000 VI,
850 960 910 995 86.
929 960 1003 994 eius

329 1019 438 1051 genus
461 1007 614 1040 funditus
638 1006 765 1048 interit,
790 1007 875 1041 ibid.

286 1054 453 1095 Glaucus,
475 1053 687 1095 Hippolochi
710 1054 772 1094 fil,
796 1052 906 1090 1.,1-’17
929 1055 1001 1086 not.

284 1100 475 1133 Glisantem
498 1104 531 1133 et
556 1098 761 1143 Tanagrum
779 1099 1004 1134 Thermodon

327 1145 506 1187 interfluit,
531 1145 590 1183 lx,
615 1145 661 1178 43
685 1149 758 1180 not.

281 1190 468 1225 Gnomom‘s
498 1191 693 1226 inventores
730 1190 930 1236 Babylonii,
953 1191 1000 1233 ΙΙ,

326 1237 404 1271 109.
429 1238 474 1270 cf.
499 1242 571 1271 not.

280 1283 430 1323 Gaurus,
454 1283 543 1328 Lyci
565 1283 627 1325 fil„
661 1282 910 1317 Anacharsidis
933 1294 998 1327 pa-

324 1335 388 1372 ter,
412 1330 474 1372 IV,
498 1329 556 1363 76.

278 1376 446 1420 Gobryas‚
479 1387 498 1409 e
536 1375 633 1420 magi
664 1374 888 1413 occisoribus.
933 1375 996 1416 III,

321 1423 378 1456 70.
410 1421 468 1455 73.
516 1423 575 1465 vl,
616 1420 662 1455 43
704 1426 772 1455 not.
822 1422 995 1454 collucta-

319 1472 376 1502 tus
416 1479 495 1501 cum
530 1469 652 1513 Mago,
688 1480 717 1500 c.
743 1467 789 1501 78
813 1472 883 1500 not.
921 1468 995 1500 Go-

321 1515 433 1559 bryae
456 1515 590 1548 factum
623 1513 740 1547 multis
772 1514 995 1555 celebratum,

318 1560 388 1603 ΙΙΙ,
407 1559 453 1594 78
476 1564 547 1594 not.
576 1559 750 1593 Mardonii
773 1564 890 1604 pater,
916 1559 994 1601 Vll,

316 1605 375 1639 82.
401 1607 473 1639 eius
506 1606 688 1639 consilium
713 1608 755 1638 de
791 1606 949 1639 abeundo
973 1617 993 1639 e

318 1652 469 1695 Scythia
504 1652 614 1685 Dario
650 1652 781 1692 datum,
827 1651 885 1693 IV,
914 1651 990 1684 132.

316 1698 398 1732 134.
423 1697 497 1732 eius
521 1709 619 1738 uxor,
644 1697 745 1731 Darii
769 1709 878 1737 soror,
913 1697 990 1739 VII,

316 1743 351 1778 5.
380 1744 467 1784 filia,
491 1755 577 1777 uxor
602 1743 713 1783 Darii,
740 1755 770 1777 c.
796 1743 829 1777 2.
857 1743 896 1762 *²¹*

271 1789 423 1831 Gonnus,
456 1791 541 1823 urbs
562 1790 779 1830 Thessaliae,
810 1788 889 1831 VII,
921 1788 990 1823 128

313 1841 386 1870 not.
410 1835 488 1869 173.
513 1854 558 1861 —
583 1836 623 1877 V,
648 1835 694 1869 63
717 1838 788 1868 not.

269 1882 433 1924 Gordius,
473 1881 593 1915 Midae
630 1886 741 1925 pater,
776 1881 805 1921 Ι,
839 1879 897 1915 14.
929 1879 988 1914 35.

313 1929 406 1969 VIII,
443 1927 522 1964 138.
560 1939 647 1961 avus
683 1926 836 1968 Adrasti,
870 1927 899 1969 Ι,
929 1926 987 1961 35.

312 1972 369 2008 55.
394 1974 437 2006 T.
454 1974 471 2006 I
495 1986 527 2018 p.
554 1974 634 2007 926.
670 1973 819 2007 Gordias
843 1973 987 2008 Perian-

313 2020 367 2054 dri
390 2020 495 2061 filius,
516 2020 577 2062 111,
602 2020 648 2054 53
672 2024 742 2053 not.

267 2065 401 2111 Gorgo,
439 2066 635 2100 Cleomenis
657 2065 744 2108 filia,
780 2065 822 2106 V,
845 2064 891 2098 48
914 2068 984 2100 not.

308 2112 556 2192 pgtixmtscite
580 2116 709 2191 mongtl
720 2115 760 2145 ut
782 2111 849 2190 sgbi
863 2115 985 2191 cageat

308 2169 332 2192 a
412 2170 458 2192 ris
475 2169 495 2192 a
524 2169 584 2193 ora
624 2171 653 2191 c.
713 2183 720 2191 .
747 2168 789 2191 ea
815 2169 870 2190 em
923 2169 984 2190 eo-

306 2204 410 2238 nidae
447 2170 557 2246 uxffr,
587 2184 596 2202 ’
620 2203 802 2238 Demarati
837 2204 984 2238 tabellas

308 2250 439 2293 aperiri
462 2253 590 2291 monet,
614 2251 692 2292 VII,
716 2249 786 2283 239
809 2255 881 2285 not.

261 2295 439 2341 Gorgonis
485 2300 591 2340 caput
623 2307 665 2329 ex
706 2295 829 2331 Africa
868 2295 984 2330 adfert

305 2343 466 2383 Perseus,
490 2343 535 2383 ΙΙ,
559 2342 615 2375 91.
641 2341 718 2384 ***)

261 2387 413 2432 Gorgus,
437 2387 629 2422 Salaminis
653 2387 806 2433 Cypriae
828 2397 913 2427 rex,
938 2386 980 2427 V,

304 2434 385 2469 104.
413 2434 506 2479 VIII,
532 2434 567 2470 2.
600 2433 656 2469 11.
698 2434 786 2469 urbe
814 2431 982 2477 spoliatus

807 255 838 295 ι,
868 229 1029 290 minax
1057 254 1250 292 RERUM.

1109 372 1132 396 a
1155 362 1276 404 fratre,
1300 362 1343 404 V,
1366 362 1446 398 104.
1475 363 1663 399 Persarum
1686 364 1785 399 anxi-

1110 409 1160 441 lio
1184 419 1262 442 eam
1286 410 1425 452 recipit,
1449 422 1481 444 c.
1508 409 1586 444 115.

1065 455 1220 499 Gorgos,
1245 455 1383 489 Chersis
1407 456 1470 498 fil„
1512 457 1583 491 dux
1613 456 1650 490 in
1673 456 1786 492 classe

1112 501 1247 541 Xerxis,
1273 500 1351 542 VII,
1373 500 1431 534 98.

1066 547 1282 590 Goswpium,
1306 546 1368 588 ΙΙΙ,
1395 545 1464 580 106
1486 549 1557 581 not.
1588 547 1670 581 coll.
1703 547 1783 591 VII,

1107 592 1164 626 65.

1064 638 1225 680 Graecia,
1250 638 1664 683 coelitempcriemlonge
1683 650 1783 684 prae-

1107 685 1354 719 stantissimam
1373 685 1577 726 sortita‚IlI,
1590 686 1669 719 106.
1695 697 1782 729 pau-

1106 731 1251 774 pertatis
1279 732 1433 773 alumna,
1466 732 1590 774 hospes
1628 731 1781 773 virtutis,

1107 777 1184 819 vll,
1219 777 1296 810 102.
1321 778 1366 810 cf.
1391 782 1461 811 not.
1503 788 1570 811 non
1594 777 1780 821 imperato-

1107 834 1186 857 rum
1221 824 1342 867 indiga
1377 824 1411 857 in
1448 824 1540 857 bello
1579 824 1674 858 Pers.
1720 824 1780 857 sed

1106 868 1287 911 exercitus,
1313 869 1390 911 VH,
1414 869 1492 904 161.
1518 868 1596 903 162.
1628 869 1664 903 in
1699 880 1780 904 eam

1107 915 1211 957 primi
1236 926 1257 948 a
1281 916 1390 949 Dario
1415 917 1651 959 exploratores
1669 915 1778 957 missi,

1106 961 1170 1001 III,
1196 960 1388 996 135—133.
1414 961 1576 1004 Graecia,
1612 964 1779 1006 regnante

1105 1006 1226 1048 Dario,
1259 1008 1373 1040 xerxe
1406 1012 1440 1041 et
1474 1009 1673 1049 Artaxerxe,
1716 1019 1778 1051 per

1104 1057 1173 1087 tres
1196 1053 1442 1097 generationes,
1467 1054 1543 1097 plus
1561 1054 1646 1087 mali
1665 1064 1777 1096 passa,

1104 1110 1209 1141 quam
1244 1110 1306 1142 per
1336 1099 1463 1143 viginti
1496 1103 1609 1141 antea,
1634 1100 1695 1142 VI,
1717 1099 1776 1134 98.

1105 1145 1272 1179 Graeciae
1293 1145 1389 1187 fines,
1414 1145 1504 1187 VIII,
1527 1143 1573 1179 47
1595 1149 1667 1179 not.

1059 1191 1196 1231 Graeci,
1246 1192 1374 1235 partim
1415 1192 1533 1232 Iones,
1574 1190 1777 1233 Pelasgicae

1101 1236 1254 1271 maxime
1299 1237 1439 1280 stirpis,
1479 1237 1610 1281 partim
1655 1238 1775 1278 Dares,

1100 1283 1305 1317 Hellenicae
1336 1283 1465 1326 stirpis,
1499 1283 1526 1326 1,
1562 1282 1607 1317 56
1631 1290 1699 1317 not.
1727 1302 1774 1308 -

1101 1328 1159 1365 59.
1182 1330 1227 1363 cf.
1252 1330 1297 1370 ΙΙ,
1321 1328 1377 1363 51.
1401 1329 1472 1362 iam
1496 1340 1517 1363 a
1540 1329 1662 1372 priscis
1683 1333 1774 1363 tem-

1099 1375 1245 1419 poribus
1279 1385 1300 1409 a
1335 1375 1494 1409 barbaris
1516 1375 1680 1417 distincti,
1717 1380 1774 1409 ut·

1100 1427 1181 1463 pote
1213 1422 1434 1463 dexteriores,
1470 1421 1498 1463 I,
1531 1421 1587 1455 60.
1628 1422 1675 1455 cf.
1707 1421 1772 1462 lx,

1098 1466 1155 1501 59.
1187 1467 1243 1501 79.
1288 1468 1476 1501 Phoenices
1516 1468 1649 1501 Cadmo
1685 1467 1772 1501 duce

1099 1514 1166 1557 (cf.
1192 1513 1330 1557 1v‚147
1354 1519 1388 1547 et
1411 1513 1545 1558 11‚49‚)
1571 1513 1613 1547 iis
1637 1517 1670 1547 et
1682 1513 1772 1548 alias

1097 1571 1153 1593 res
1188 1561 1231 1593 ad
1279 1561 1469 1594 doctrinam
1506 1564 1700 1603 spectantes
1736 1565 1771 1594 et

1094 1605 1214 1639 literas
1238 1607 1409 1646 adserunt,
1429 1607 1468 1646 V,
1478 1604 1523 1640 58
1539 1617 1632 1650 seqq.
1657 1606 1771 1639 Grae-

1092 1651 1124 1685 ci
1156 1662 1178 1684 a
1209 1651 1346 1685 sinistra
1381 1663 1486 1685 manu
1523 1653 1567 1685 ad
1611 1653 1769 1685 dextram

1092 1697 1261 1740 scribunt,
1284 1698 1328 1738 II,
1352 1697 1408 1731 36.
1434 1708 1456 1731 a
1479 1697 1685 1742 Babyloniis
1709 1708 1768 1740 po—

1092 1744 1166 1777 lum
1184 1769 1195 1785 ‚
1249 1755 1459 1788 gnomonem
1504 1747 1539 1777 et
1584 1743 1768 1777 duodecim

1091 1789 1161 1822 diei
1205 1795 1318 1832 partes
1350 1793 1565 1830 acceperunt,
1598 1789 1643 1830 II,
1686 1789 1766 1823 109.

1090 1836 1287 1880 geomctria
1315 1848 1393 1869 vero
1426 1836 1600 1869 Herodoto
1628 1847 1668 1869 ez·
1697 1836 1769 1870 Ae-

1092 1886 1202 1924 gypto
1228 1882 1275 1915 ad
1312 1893 1366 1915 eos
1400 1882 1579 1915 transiisse
1614 1881 1766 1923 videtur,

1088 1927 1134 1965 ΙΙ,
1159 1927 1237 1961 109.
1263 1928 1347 1961 item
1370 1934 1506 1962 scutum
1531 1929 1688 1971 etgalea,
1700 1927 1764 1970 lv,

1087 1973 1166 2008 180.
1191 1974 1244 2007 Ab
1268 1974 1454 2019 Aegyptiis
1477 1973 1659 2007 duodecim
1682 1973 1766 2007 deo-

1088 2031 1166 2054 rum
1191 2020 1345 2062 nomina,
1371 2021 1436 2064 (cf.
1463 2020 1505 2058 II,
1538 2019 1573 2061 4,
1605 2020 1666 2053 ubi
1694 2020 1763 2054 Ae-

1084 2067 1207 2111 gyptii
1242 2066 1465 2109 sacerdotes)
1497 2065 1629 2099 Bacchi
1671 2070 1764 2098 certo

1086 2114 1213 2153 cultus,
1238 2113 1284 2146 ad
1308 2124 1366 2146 eos
1390 2115 1630 2156 pervenerunt,
1654 2111 1760 2149 11.49

1085 2169 1156 2201 seq.
1182 2159 1226 2192 οἳ.
1252 2171 1282 2192 c.
1308 2158 1364 2192 43.
1394 2162 1429 2192 ct
1458 2169 1606 2201 pompae
1628 2157 1761 2190 solem-

1085 2215 1146 2238 nes
1171 2208 1204 2238 et
1227 2204 1507 2248 supplicationes,
1531 2203 1577 2244 ΙΙ,
1600 2202 1655 2236 58.
1695 2203 1759 2237 Ca-

1084 2249 1244 2283 birorum
1268 2261 1351 2283 vero
1375 2248 1541 2292 mysteria
1565 2249 1682 2293 (quae
1706 2253 1760 2282 et-

1083 2295 1154 2328 iam
1178 2296 1343 2340 Aegyptii
1376 2295 1559 2334 celebrant,
1588 2295 1651 2335 III,
1684 2293 1758 2338 37)

1082 2341 1224 2386 Pelasgi
1259 2353 1278 2374 e
1331 2340 1579 2375 Samothracia
1621 2340 1760 2375 adtule-

1082 2394 1174 2428 runt,
1199 2387 1245 2430 ΙΙ,
1269 2386 1327 2422 51.
1366 2388 1582 2422 Graecorum
1611 2387 1757 2421 deorum

1083 2437 1181 2469 aetas
1202 2445 1282 2470 cum
1315 2433 1577 2480 Aegyptiorum
1615 2433 1756 2477 collata,

349 2617 379 2658 ’)
425 2617 526 2651 Haud
558 2618 643 2651 satis
661 2622 758 2650 recte
785 2615 911 2660 opinor
932 2627 952 2649 a
970 2615 1120 2649 Mtfflero
1136 2617 1180 2650 V.
1198 2616 1250 2651 Cl.
1266 2616 1300 2649 in
1319 2617 1550 2661 Archaeolog.
1562 2615 1753 2659 Compend.

255 2674 291 2707 p.
310 2661 366 2696 39.
406 2664 570 2697 Glaucus
585 2663 644 2697 hic
667 2663 807 2707 ponitur
826 2665 862 2695 in
883 2662 1018 2707 Olymp.
1036 2662 1115 2704 XL,
1138 2662 1161 2696 4
1180 2682 1225 2688 —
1248 2664 1323 2706 LV,
1343 2666 1361 2698 1
1385 2664 1456 2696 sive
1474 2664 1542 2698 617
1559 2661 1590 2696 a.
1612 2663 1693 2697 Chr.
1714 2674 1751 2697 n.

344 2719 391 2762 **)
416 2720 468 2752 De
482 2720 650 2765 Gobryae
665 2720 803 2754 nomine
821 2719 960 2753 disserit
980 2720 1070 2753 Pott.
1104 2720 1304 2765 Etymolog.
1322 2721 1465 2754 Forsch.
1478 2732 1514 2763 p.
1531 2706 1679 2754 XXXV
1697 2719 1750 2752 si-

254 2763 352 2798 miles
376 2766 538 2808 quasdam
554 2767 703 2800 afferens
723 2778 848 2809 voces,
875 2766 912 2800 in
928 2766 1049 2811 quibus
1062 2767 1324 2811 pulcritudinis
1340 2767 1429 2812 inest
1455 2765 1675 2810 significatio.

342 2820 414 2864 ***)
455 2823 508 2857 De
542 2824 742 2870 Gorgonum
768 2823 894 2859 fabulis
923 2824 967 2861 cf.
990 2823 1216 2860 V61cker.in
1252 2824 1496 2869 Schulzeitung
1536 2823 1625 2859 1832
1663 2833 1746 2869 pag.

252 2866 339 2903 1051
359 2878 456 2913 seqq.
