<?xml version="1.0" encoding="UTF-8"?>
<!DOCTYPE html PUBLIC "-//W3C//DTD XHTML 1.0 Transitional//EN"
    "http://www.w3.org/TR/xhtml1/DTD/xhtml1-transitional.dtd">
<html xmlns="http://www.w3.org/1999/xhtml" xml:lang="en" lang="en">
 <head>
  <title>
</title>
<meta http-equiv="Content-Type" content="text/html;charset=utf-8" />
  <meta name='ocr-system' content='tesseract 3.04.00' />
  <meta name='ocr-capabilities' content='ocr_page ocr_carea ocr_par ocr_line ocrx_word'/>
</head>
<body>
  <div class='ocr_page' id='page_1' title='image "./musaeher04hero/musaeher04hero_0409.png"; bbox 0 0 1839 3292; ppageno 0'>
   <div class='ocr_carea' id='block_1_1' title="bbox 395 232 1589 282">
    <p class='ocr_par' dir='ltr' id='par_1_1' title="bbox 395 232 1589 282">
     <span class='ocr_line' id='line_1_1' title="bbox 395 232 1589 282; baseline 0.002 -11"><span class='ocrx_word' id='word_1_1' title='bbox 395 235 463 272; x_wconf 88' lang='lat' dir='ltr'><strong>DE</strong></span> <span class='ocrx_word' id='word_1_2' title='bbox 492 234 616 272; x_wconf 91' lang='lat' dir='ltr'><strong>VITA</strong></span> <span class='ocrx_word' id='word_1_3' title='bbox 645 233 719 270; x_wconf 83' lang='lat' dir='ltr'><strong>ET</strong></span> <span class='ocrx_word' id='word_1_4' title='bbox 748 232 983 270; x_wconf 81' lang='lat' dir='ltr'>SCRIPTIS</span> <span class='ocrx_word' id='word_1_5' title='bbox 1012 234 1291 272; x_wconf 85' lang='lat' dir='ltr'><strong>HERODOTI.</strong></span> <span class='ocrx_word' id='word_1_6' title='bbox 1506 241 1589 282; x_wconf 78' lang='lat'><strong>401</strong></span> 
     </span>
    </p>
   </div>
   <div class='ocr_carea' id='block_1_2' title="bbox 101 345 1596 1568">
    <p class='ocr_par' dir='ltr' id='par_1_2' title="bbox 101 345 1596 1568">
     <span class='ocr_line' id='line_1_2' title="bbox 105 345 1591 399; baseline -0.001 -12"><span class='ocrx_word' id='word_1_7' title='bbox 105 348 264 399; x_wconf 83' lang='lat' dir='ltr'><strong>scriptos</strong></span> <span class='ocrx_word' id='word_1_8' title='bbox 294 347 416 385; x_wconf 88' lang='lat' dir='ltr'><strong>fontes</strong></span> <span class='ocrx_word' id='word_1_9' title='bbox 446 358 652 396; x_wconf 79' lang='lat' dir='ltr'><strong>agnoscere</strong></span> <span class='ocrx_word' id='word_1_10' title='bbox 673 348 836 396; x_wconf 84' lang='lat' dir='ltr'><strong>&#39;possum</strong></span> <span class='ocrx_word' id='word_1_11' title='bbox 863 345 911 393; x_wconf 86' lang='grc' dir='ltr'><strong>ΙΙ,</strong></span> <span class='ocrx_word' id='word_1_12' title='bbox 941 346 1009 393; x_wconf 84' lang='grc'><strong>99,</strong></span> <span class='ocrx_word' id='word_1_13' title='bbox 1037 345 1104 382; x_wconf 90' lang='lat' dir='ltr'><strong>ubi</strong></span> <span class='ocrx_word' id='word_1_14' title='bbox 1137 345 1185 383; x_wconf 83' lang='lat' dir='ltr'><strong>cf,</strong></span> <span class='ocrx_word' id='word_1_15' title='bbox 1206 352 1302 384; x_wconf 80' lang='lat' dir='ltr'><strong>nott.</strong></span> <span class='ocrx_word' id='word_1_16' title='bbox 1330 347 1414 384; x_wconf 90' lang='grc' dir='ltr'><strong>Τ.Ῑ</strong></span> <span class='ocrx_word' id='word_1_17' title='bbox 1434 360 1472 398; x_wconf 87' lang='lat' dir='ltr'><strong>p.</strong></span> <span class='ocrx_word' id='word_1_18' title='bbox 1494 353 1591 392; x_wconf 88' lang='lat'>701.</span> 
     </span>
     <span class='ocr_line' id='line_1_3' title="bbox 105 401 1594 455; baseline -0.004 -12"><span class='ocrx_word' id='word_1_19' title='bbox 105 405 255 443; x_wconf 85' lang='lat' dir='ltr'><strong>Eodem</strong></span> <span class='ocrx_word' id='word_1_20' title='bbox 273 402 389 440; x_wconf 88' lang='lat' dir='ltr'><strong>modo</strong></span> <span class='ocrx_word' id='word_1_21' title='bbox 406 416 482 455; x_wconf 86' lang='lat' dir='ltr'><strong>quo</strong></span> <span class='ocrx_word' id='word_1_22' title='bbox 501 404 530 452; x_wconf 94' lang='lat' dir='ltr'><strong>I,</strong></span> <span class='ocrx_word' id='word_1_23' title='bbox 552 405 586 450; x_wconf 89' lang='lat'><strong>1,</strong></span> <span class='ocrx_word' id='word_1_24' title='bbox 615 404 746 439; x_wconf 79' lang='lat' dir='ltr'><strong>Persas</strong></span> <span class='ocrx_word' id='word_1_25' title='bbox 761 409 871 439; x_wconf 85' lang='lat' dir='ltr'><strong>testes</strong></span> <span class='ocrx_word' id='word_1_26' title='bbox 892 402 980 438; x_wconf 84' lang='lat' dir='ltr'><strong>citat</strong></span> <span class='ocrx_word' id='word_1_27' title='bbox 998 403 1027 449; x_wconf 95' lang='lat' dir='ltr'><strong>I,</strong></span> <span class='ocrx_word' id='word_1_28' title='bbox 1049 401 1122 449; x_wconf 79' lang='lat'><strong>953</strong></span> <span class='ocrx_word' id='word_1_29' title='bbox 1163 415 1234 439; x_wconf 88' lang='lat' dir='ltr'><strong>nec</strong></span> <span class='ocrx_word' id='word_1_30' title='bbox 1263 409 1392 439; x_wconf 87' lang='lat' dir='ltr'><strong>tamen</strong></span> <span class='ocrx_word' id='word_1_31' title='bbox 1420 405 1510 442; x_wconf 90' lang='lat' dir='ltr'><strong>inde</strong></span> <span class='ocrx_word' id='word_1_32' title='bbox 1530 419 1594 442; x_wconf 81' lang='lat' dir='ltr'><strong>se..</strong></span> 
     </span>
     <span class='ocr_line' id='line_1_4' title="bbox 107 458 1593 514; baseline 0.001 -16"><span class='ocrx_word' id='word_1_33' title='bbox 107 463 255 514; x_wconf 88' lang='lat' dir='ltr'><strong>quitur,</strong></span> <span class='ocrx_word' id='word_1_34' title='bbox 290 461 425 511; x_wconf 87' lang='lat' dir='ltr'><strong>scripta</strong></span> <span class='ocrx_word' id='word_1_35' title='bbox 445 461 648 496; x_wconf 85' lang='lat' dir='ltr'><strong>Persarum</strong></span> <span class='ocrx_word' id='word_1_36' title='bbox 678 458 725 495; x_wconf 90' lang='lat' dir='ltr'><strong>de</strong></span> <span class='ocrx_word' id='word_1_37' title='bbox 755 459 830 495; x_wconf 86' lang='lat' dir='ltr'><strong>suis</strong></span> <span class='ocrx_word' id='word_1_38' title='bbox 851 459 962 495; x_wconf 90' lang='lat' dir='ltr'><strong>rebus</strong></span> <span class='ocrx_word' id='word_1_39' title='bbox 983 458 1177 495; x_wconf 86' lang='lat' dir='ltr'><strong>volumina</strong></span> <span class='ocrx_word' id='word_1_40' title='bbox 1201 461 1380 496; x_wconf 89' lang='lat' dir='ltr'><strong>Nostrum</strong></span> <span class='ocrx_word' id='word_1_41' title='bbox 1401 460 1534 499; x_wconf 82' lang='lat' dir='ltr'><strong>adiisse</strong></span> <span class='ocrx_word' id='word_1_42' title='bbox 1556 470 1593 500; x_wconf 88' lang='lat' dir='ltr'><strong>et</strong></span> 
     </span>
     <span class='ocr_line' id='line_1_5' title="bbox 106 514 1594 568; baseline 0 -14"><span class='ocrx_word' id='word_1_43' title='bbox 106 517 345 567; x_wconf 84' lang='lat' dir='ltr'><strong>excerpsisse.</strong></span> <span class='ocrx_word' id='word_1_44' title='bbox 404 515 482 553; x_wconf 89' lang='lat' dir='ltr'><strong>Sed</strong></span> <span class='ocrx_word' id='word_1_45' title='bbox 512 528 610 568; x_wconf 88' lang='lat' dir='ltr'><strong>quae</strong></span> <span class='ocrx_word' id='word_1_46' title='bbox 637 517 702 562; x_wconf 91' lang='lat' dir='ltr'>III,</span> <span class='ocrx_word' id='word_1_47' title='bbox 724 516 776 555; x_wconf 84' lang='lat'><strong>89</strong></span> <span class='ocrx_word' id='word_1_48' title='bbox 809 514 855 551; x_wconf 89' lang='lat' dir='ltr'><strong>de</strong></span> <span class='ocrx_word' id='word_1_49' title='bbox 885 515 1145 565; x_wconf 86' lang='lat' dir='ltr'><strong>Satrapiarum</strong></span> <span class='ocrx_word' id='word_1_50' title='bbox 1174 514 1424 567; x_wconf 82' lang='lat' dir='ltr'><strong>descriptione</strong></span> <span class='ocrx_word' id='word_1_51' title='bbox 1455 526 1491 556; x_wconf 90' lang='lat' dir='ltr'><strong>et</strong></span> <span class='ocrx_word' id='word_1_52' title='bbox 1510 520 1594 568; x_wconf 81' lang='lat' dir='ltr'>VII,</span> 
     </span>
     <span class='ocr_line' id='line_1_6' title="bbox 105 571 1594 626; baseline 0.001 -17"><span class='ocrx_word' id='word_1_53' title='bbox 105 576 159 614; x_wconf 89' lang='lat'><strong>60</strong></span> <span class='ocrx_word' id='word_1_54' title='bbox 174 586 279 625; x_wconf 83' lang='lat' dir='ltr'><strong>seqq.</strong></span> <span class='ocrx_word' id='word_1_55' title='bbox 301 572 349 609; x_wconf 80' lang='lat' dir='ltr'><strong>tle</strong></span> <span class='ocrx_word' id='word_1_56' title='bbox 369 573 505 609; x_wconf 75' lang='lat' dir='ltr'><strong>Xerxis</strong></span> <span class='ocrx_word' id='word_1_57' title='bbox 527 573 694 608; x_wconf 87' lang='lat' dir='ltr'><strong>exercitu</strong></span> <span class='ocrx_word' id='word_1_58' title='bbox 712 571 928 620; x_wconf 78' lang='lat' dir='ltr'><strong>perscribit,</strong></span> <span class='ocrx_word' id='word_1_59' title='bbox 959 583 1003 607; x_wconf 89' lang='lat' dir='ltr'><strong>ea</strong></span> <span class='ocrx_word' id='word_1_60' title='bbox 1022 571 1052 607; x_wconf 88' lang='lat' dir='ltr'><strong>si</strong></span> <span class='ocrx_word' id='word_1_61' title='bbox 1072 584 1152 607; x_wconf 91' lang='lat' dir='ltr'><strong>non</strong></span> <span class='ocrx_word' id='word_1_62' title='bbox 1173 573 1321 621; x_wconf 86' lang='lat' dir='ltr'><strong>omnia,</strong></span> <span class='ocrx_word' id='word_1_63' title='bbox 1353 580 1390 611; x_wconf 89' lang='lat' dir='ltr'><strong>at</strong></span> <span class='ocrx_word' id='word_1_64' title='bbox 1408 588 1594 626; x_wconf 85' lang='lat' dir='ltr'><strong>magnam</strong></span> 
     </span>
     <span class='ocr_line' id='line_1_7' title="bbox 101 626 1594 681; baseline 0 -15"><span class='ocrx_word' id='word_1_65' title='bbox 101 635 207 666; x_wconf 82' lang='lat' dir='ltr'><strong>certe</strong></span> <span class='ocrx_word' id='word_1_66' title='bbox 236 637 383 680; x_wconf 88' lang='lat' dir='ltr'><strong>partem</strong></span> <span class='ocrx_word' id='word_1_67' title='bbox 419 642 439 664; x_wconf 90' lang='lat' dir='ltr'><strong>e</strong></span> <span class='ocrx_word' id='word_1_68' title='bbox 461 630 570 678; x_wconf 81' lang='lat' dir='ltr'><strong>regiis</strong></span> <span class='ocrx_word' id='word_1_69' title='bbox 591 630 792 664; x_wconf 83' lang='lat' dir='ltr'><strong>Persarum</strong></span> <span class='ocrx_word' id='word_1_70' title='bbox 823 627 1040 674; x_wconf 77' lang='lat' dir='ltr'><strong>annalibus,</strong></span> <span class='ocrx_word' id='word_1_71' title='bbox 1080 626 1128 663; x_wconf 89' lang='lat' dir='ltr'><strong>ad</strong></span> <span class='ocrx_word' id='word_1_72' title='bbox 1159 640 1252 679; x_wconf 89' lang='lat' dir='ltr'><strong>quos</strong></span> <span class='ocrx_word' id='word_1_73' title='bbox 1271 630 1443 681; x_wconf 81' lang='lat' dir='ltr'><strong>scriptori</strong></span> <span class='ocrx_word' id='word_1_74' title='bbox 1462 634 1594 670; x_wconf 84' lang='lat' dir='ltr'><strong>Asiam</strong></span> 
     </span>
     <span class='ocr_line' id='line_1_8' title="bbox 103 681 1595 740; baseline 0.001 -18"><span class='ocrx_word' id='word_1_75' title='bbox 103 686 344 738; x_wconf 79' lang='lat' dir='ltr'><strong>perlustranti</strong></span> <span class='ocrx_word' id='word_1_76' title='bbox 363 684 482 721; x_wconf 88' lang='lat' dir='ltr'><strong>aditus</strong></span> <span class='ocrx_word' id='word_1_77' title='bbox 511 684 692 734; x_wconf 86' lang='lat' dir='ltr'><strong>patuerit,</strong></span> <span class='ocrx_word' id='word_1_78' title='bbox 723 681 857 719; x_wconf 79' lang='lat' dir='ltr'><strong>hausta</strong></span> <span class='ocrx_word' id='word_1_79' title='bbox 894 696 972 719; x_wconf 91' lang='lat' dir='ltr'><strong>esse</strong></span> <span class='ocrx_word' id='word_1_80' title='bbox 996 682 1186 720; x_wconf 86' lang='lat' dir='ltr'><strong>videntur.</strong></span> <span class='ocrx_word' id='word_1_81' title='bbox 1247 686 1344 730; x_wconf 77' lang='lat' dir='ltr'><strong>Quin</strong></span> <span class='ocrx_word' id='word_1_82' title='bbox 1368 701 1389 723; x_wconf 86' lang='lat' dir='ltr'><strong>e</strong></span> <span class='ocrx_word' id='word_1_83' title='bbox 1419 689 1595 740; x_wconf 73' lang='lat' dir='ltr'><strong>sophista..</strong></span> 
     </span>
     <span class='ocr_line' id='line_1_9' title="bbox 104 738 1596 798; baseline 0.003 -19"><span class='ocrx_word' id='word_1_84' title='bbox 104 754 181 779; x_wconf 73' lang='lat' dir='ltr'><strong>rum</strong></span> <span class='ocrx_word' id='word_1_85' title='bbox 200 741 334 779; x_wconf 87' lang='lat' dir='ltr'><strong>scholis</strong></span> <span class='ocrx_word' id='word_1_86' title='bbox 357 740 543 793; x_wconf 84' lang='lat' dir='ltr'><strong>quaedam</strong></span> <span class='ocrx_word' id='word_1_87' title='bbox 564 739 612 776; x_wconf 92' lang='lat' dir='ltr'><strong>ad</strong></span> <span class='ocrx_word' id='word_1_88' title='bbox 631 738 815 775; x_wconf 83' lang='lat' dir='ltr'><strong>Herodoti</strong></span> <span class='ocrx_word' id='word_1_89' title='bbox 833 740 946 776; x_wconf 87' lang='lat' dir='ltr'><strong>libros</strong></span> <span class='ocrx_word' id='word_1_90' title='bbox 966 740 1152 776; x_wconf 82' lang='lat' dir='ltr'><strong>transiisse</strong></span> <span class='ocrx_word' id='word_1_91' title='bbox 1172 743 1391 790; x_wconf 82' lang='lat' dir='ltr'><strong>praesertim</strong></span> <span class='ocrx_word' id='word_1_92' title='bbox 1411 746 1450 780; x_wconf 89' lang='lat' dir='ltr'><strong>in</strong></span> <span class='ocrx_word' id='word_1_93' title='bbox 1478 760 1596 798; x_wconf 85' lang='lat' dir='ltr'><strong>quae-</strong></span> 
     </span>
     <span class='ocr_line' id='line_1_10' title="bbox 104 795 1594 852; baseline 0.003 -16"><span class='ocrx_word' id='word_1_94' title='bbox 104 799 286 836; x_wconf 82' lang='lat' dir='ltr'><strong>stionibus</strong></span> <span class='ocrx_word' id='word_1_95' title='bbox 317 797 364 835; x_wconf 89' lang='lat' dir='ltr'><strong>de</strong></span> <span class='ocrx_word' id='word_1_96' title='bbox 396 810 437 833; x_wconf 89' lang='lat' dir='ltr'><strong>re</strong></span> <span class='ocrx_word' id='word_1_97' title='bbox 469 797 619 847; x_wconf 91' lang='lat' dir='ltr'><strong>publica</strong></span> <span class='ocrx_word' id='word_1_98' title='bbox 649 795 930 842; x_wconf 76' lang='lat' dir='ltr'><strong>constituenda,</strong></span> <span class='ocrx_word' id='word_1_99' title='bbox 958 797 1023 832; x_wconf 90' lang='lat' dir='ltr'><strong>illo</strong></span> <span class='ocrx_word' id='word_1_100' title='bbox 1044 803 1216 847; x_wconf 85' lang='lat' dir='ltr'><strong>tempore</strong></span> <span class='ocrx_word' id='word_1_101' title='bbox 1238 799 1407 836; x_wconf 84' lang='lat' dir='ltr'><strong>maxime</strong></span> <span class='ocrx_word' id='word_1_102' title='bbox 1433 804 1594 852; x_wconf 81' lang='lat' dir='ltr'><strong>agitatis,</strong></span> 
     </span>
     <span class='ocr_line' id='line_1_11' title="bbox 104 851 1595 908; baseline 0.001 -17"><span class='ocrx_word' id='word_1_103' title='bbox 104 853 208 891; x_wconf 88' lang='lat' dir='ltr'><strong>haud</strong></span> <span class='ocrx_word' id='word_1_104' title='bbox 228 857 324 892; x_wconf 82' lang='lat' dir='ltr'><strong>vana</strong></span> <span class='ocrx_word' id='word_1_105' title='bbox 352 853 394 889; x_wconf 88' lang='lat' dir='ltr'><strong>fit</strong></span> <span class='ocrx_word' id='word_1_106' title='bbox 413 854 595 903; x_wconf 82' lang='lat' dir='ltr'><strong>suspici03</strong></span> <span class='ocrx_word' id='word_1_107' title='bbox 625 851 701 889; x_wconf 88' lang='lat' dir='ltr'><strong>vid.</strong></span> <span class='ocrx_word' id='word_1_108' title='bbox 718 852 818 899; x_wconf 84' lang='lat' dir='ltr'>VIII,</span> <span class='ocrx_word' id='word_1_109' title='bbox 846 851 922 892; x_wconf 77' lang='lat'><strong>140</strong></span> <span class='ocrx_word' id='word_1_110' title='bbox 945 853 981 898; x_wconf 58' lang='grc' dir='ltr'><strong>ὅ.</strong></span> <span class='ocrx_word' id='word_1_111' title='bbox 1010 855 1027 891; x_wconf 89' lang='grc'><strong>1</strong></span> <span class='ocrx_word' id='word_1_112' title='bbox 1050 853 1140 905; x_wconf 88' lang='lat' dir='ltr'><strong>ibiq.</strong></span> <span class='ocrx_word' id='word_1_113' title='bbox 1162 861 1258 892; x_wconf 89' lang='lat' dir='ltr'><strong>nott.</strong></span> <span class='ocrx_word' id='word_1_114' title='bbox 1280 855 1329 892; x_wconf 92' lang='lat' dir='ltr'><strong>T.</strong></span> <span class='ocrx_word' id='word_1_115' title='bbox 1358 857 1410 893; x_wconf 95' lang='lat' dir='ltr'><strong>IV</strong></span> <span class='ocrx_word' id='word_1_116' title='bbox 1436 871 1474 908; x_wconf 83' lang='lat' dir='ltr'><strong>p,</strong></span> <span class='ocrx_word' id='word_1_117' title='bbox 1501 860 1595 901; x_wconf 81' lang='lat'><strong>195,</strong></span> 
     </span>
     <span class='ocr_line' id='line_1_12' title="bbox 103 907 1595 962; baseline 0.001 -12"><span class='ocrx_word' id='word_1_118' title='bbox 103 912 173 959; x_wconf 75' lang='lat' dir='ltr'><strong>IX,</strong></span> <span class='ocrx_word' id='word_1_119' title='bbox 203 909 270 950; x_wconf 82' lang='lat'><strong>48.</strong></span> <span class='ocrx_word' id='word_1_120' title='bbox 290 911 340 947; x_wconf 92' lang='lat' dir='ltr'><strong>T.</strong></span> <span class='ocrx_word' id='word_1_121' title='bbox 363 910 415 946; x_wconf 90' lang='lat' dir='ltr'><strong>IV</strong></span> <span class='ocrx_word' id='word_1_122' title='bbox 442 923 479 959; x_wconf 89' lang='lat' dir='ltr'><strong>p.</strong></span> <span class='ocrx_word' id='word_1_123' title='bbox 501 911 596 949; x_wconf 78' lang='lat'><strong>280.</strong></span> <span class='ocrx_word' id='word_1_124' title='bbox 620 910 687 953; x_wconf 87' lang='grc' dir='ltr'>ΙΙΙ,</span> <span class='ocrx_word' id='word_1_125' title='bbox 708 910 759 948; x_wconf 85' lang='grc'><strong>80</strong></span> <span class='ocrx_word' id='word_1_126' title='bbox 779 922 816 959; x_wconf 89' lang='lat' dir='ltr'><strong>p.</strong></span> <span class='ocrx_word' id='word_1_127' title='bbox 842 907 921 948; x_wconf 79' lang='grc'><strong>142</strong></span> <span class='ocrx_word' id='word_1_128' title='bbox 963 909 1013 946; x_wconf 93' lang='grc' dir='ltr'><strong>Τ.</strong></span> <span class='ocrx_word' id='word_1_129' title='bbox 1039 910 1089 946; x_wconf 90' lang='grc' dir='ltr'><strong>ΙΙ.</strong></span> <span class='ocrx_word' id='word_1_130' title='bbox 1145 911 1224 948; x_wconf 92' lang='lat' dir='ltr'><strong>Nec</strong></span> <span class='ocrx_word' id='word_1_131' title='bbox 1243 911 1334 948; x_wconf 90' lang='lat' dir='ltr'><strong>inde</strong></span> <span class='ocrx_word' id='word_1_132' title='bbox 1360 914 1595 962; x_wconf 83' lang='lat' dir='ltr'><strong>mirabimur,</strong></span> 
     </span>
     <span class='ocr_line' id='line_1_13' title="bbox 104 963 1596 1020; baseline 0.002 -17"><span class='ocrx_word' id='word_1_133' title='bbox 104 967 250 1013; x_wconf 90' lang='lat' dir='ltr'><strong>Persis,</strong></span> <span class='ocrx_word' id='word_1_134' title='bbox 281 967 359 1002; x_wconf 90' lang='lat' dir='ltr'><strong>aliis</strong></span> <span class='ocrx_word' id='word_1_135' title='bbox 383 966 561 1013; x_wconf 89' lang='lat' dir='ltr'><strong>barbaris,</strong></span> <span class='ocrx_word' id='word_1_136' title='bbox 591 963 751 1002; x_wconf 86' lang='lat' dir='ltr'><strong>subinde</strong></span> <span class='ocrx_word' id='word_1_137' title='bbox 773 978 816 1001; x_wconf 86' lang='lat' dir='ltr'><strong>ea</strong></span> <span class='ocrx_word' id='word_1_138' title='bbox 835 965 960 1012; x_wconf 88' lang='lat' dir='ltr'><strong>tribui,</strong></span> <span class='ocrx_word' id='word_1_139' title='bbox 992 966 1145 1017; x_wconf 85' lang='lat' dir='ltr'><strong>quaein</strong></span> <span class='ocrx_word' id='word_1_140' title='bbox 1168 968 1358 1005; x_wconf 84' lang='lat' dir='ltr'><strong>Graecum</strong></span> <span class='ocrx_word' id='word_1_141' title='bbox 1377 973 1501 1020; x_wconf 88' lang='lat' dir='ltr'><strong>potius</strong></span> <span class='ocrx_word' id='word_1_142' title='bbox 1521 970 1596 1010; x_wconf 85' lang='lat' dir='ltr'><strong>ho-</strong></span> 
     </span>
     <span class='ocr_line' id='line_1_14' title="bbox 102 1020 1596 1073; baseline -0.001 -14"><span class='ocrx_word' id='word_1_143' title='bbox 102 1025 260 1069; x_wconf 83' lang='lat' dir='ltr'><strong>minem,</strong></span> <span class='ocrx_word' id='word_1_144' title='bbox 278 1020 532 1073; x_wconf 80' lang='lat' dir='ltr'><strong>sophistarum</strong></span> <span class='ocrx_word' id='word_1_145' title='bbox 573 1029 610 1058; x_wconf 84' lang='lat' dir='ltr'><strong>et</strong></span> <span class='ocrx_word' id='word_1_146' title='bbox 639 1021 835 1058; x_wconf 88' lang='lat' dir='ltr'><strong>rhetorum</strong></span> <span class='ocrx_word' id='word_1_147' title='bbox 865 1022 905 1057; x_wconf 90' lang='lat' dir='ltr'><strong>in</strong></span> <span class='ocrx_word' id='word_1_148' title='bbox 938 1020 1074 1059; x_wconf 90' lang='lat' dir='ltr'><strong>scholis</strong></span> <span class='ocrx_word' id='word_1_149' title='bbox 1103 1025 1287 1061; x_wconf 87' lang='lat' dir='ltr'><strong>nutritum</strong></span> <span class='ocrx_word' id='word_1_150' title='bbox 1327 1033 1363 1062; x_wconf 85' lang='lat' dir='ltr'><strong>et</strong></span> <span class='ocrx_word' id='word_1_151' title='bbox 1389 1027 1596 1066; x_wconf 75' lang='lat' dir='ltr'><strong>educatum</strong></span> 
     </span>
     <span class='ocr_line' id='line_1_15' title="bbox 103 1077 1594 1135; baseline -0.006 -18"><span class='ocrx_word' id='word_1_152' title='bbox 103 1080 346 1117; x_wconf 87' lang='lat' dir='ltr'><strong>conveniant.</strong></span> <span class='ocrx_word' id='word_1_153' title='bbox 404 1078 488 1116; x_wconf 87' lang='lat' dir='ltr'><strong>Vid.</strong></span> <span class='ocrx_word' id='word_1_154' title='bbox 508 1079 576 1126; x_wconf 86' lang='grc' dir='ltr'><strong>ΙΙΙ,</strong></span> <span class='ocrx_word' id='word_1_155' title='bbox 607 1081 674 1118; x_wconf 83' lang='lat'><strong>71.</strong></span> <span class='ocrx_word' id='word_1_156' title='bbox 696 1081 763 1118; x_wconf 85' lang='grc'><strong>72.</strong></span> <span class='ocrx_word' id='word_1_157' title='bbox 794 1079 857 1117; x_wconf 87' lang='grc'><strong>80.</strong></span> <span class='ocrx_word' id='word_1_158' title='bbox 879 1078 924 1125; x_wconf 86' lang='lat' dir='ltr'><strong>V,</strong></span> <span class='ocrx_word' id='word_1_159' title='bbox 944 1077 984 1118; x_wconf 81' lang='grc'><strong>4.</strong></span> <span class='ocrx_word' id='word_1_160' title='bbox 1005 1079 1074 1129; x_wconf 93' lang='lat' dir='ltr'><strong>(T.</strong></span> <span class='ocrx_word' id='word_1_161' title='bbox 1090 1081 1144 1115; x_wconf 89' lang='lat' dir='ltr'><strong>HI</strong></span> <span class='ocrx_word' id='word_1_162' title='bbox 1169 1094 1206 1130; x_wconf 86' lang='lat' dir='ltr'><strong>p.</strong></span> <span class='ocrx_word' id='word_1_163' title='bbox 1228 1082 1328 1131; x_wconf 78' lang='lat'>811)</span> <span class='ocrx_word' id='word_1_164' title='bbox 1350 1083 1393 1131; x_wconf 71' lang='lat' dir='ltr'><strong>V⁷</strong></span> <span class='ocrx_word' id='word_1_165' title='bbox 1425 1085 1492 1125; x_wconf 53' lang='lat'><strong>24·</strong></span> <span class='ocrx_word' id='word_1_166' title='bbox 1513 1087 1594 1135; x_wconf 61' lang='lat' dir='ltr'><strong>VH,</strong></span> 
     </span>
     <span class='ocr_line' id='line_1_16' title="bbox 107 1133 1596 1182; baseline 0.005 -10"><span class='ocrx_word' id='word_1_167' title='bbox 107 1138 158 1175; x_wconf 72' lang='lat'><strong>⁴0</strong></span> <span class='ocrx_word' id='word_1_168' title='bbox 185 1137 222 1180; x_wconf 66' lang='grc' dir='ltr'><strong>ξ.</strong></span> <span class='ocrx_word' id='word_1_169' title='bbox 238 1133 264 1174; x_wconf 81' lang='grc'>4</span> <span class='ocrx_word' id='word_1_170' title='bbox 281 1137 366 1172; x_wconf 90' lang='lat' dir='ltr'><strong>coll.</strong></span> <span class='ocrx_word' id='word_1_171' title='bbox 388 1136 469 1182; x_wconf 89' lang='lat' dir='ltr'>VII,</span> <span class='ocrx_word' id='word_1_172' title='bbox 495 1137 587 1175; x_wconf 81' lang='lat'><strong>102.</strong></span> <span class='ocrx_word' id='word_1_173' title='bbox 609 1135 686 1174; x_wconf 74' lang='lat'><strong>152</strong></span> <span class='ocrx_word' id='word_1_174' title='bbox 709 1141 744 1170; x_wconf 82' lang='lat' dir='ltr'><strong>et</strong></span> <span class='ocrx_word' id='word_1_175' title='bbox 760 1134 860 1170; x_wconf 89' lang='lat' dir='ltr'><strong>conf.</strong></span> <span class='ocrx_word' id='word_1_176' title='bbox 882 1136 1166 1172; x_wconf 83' lang='lat' dir='ltr'><strong>annotationem</strong></span> <span class='ocrx_word' id='word_1_177' title='bbox 1187 1135 1234 1173; x_wconf 90' lang='lat' dir='ltr'><strong>ad</strong></span> <span class='ocrx_word' id='word_1_178' title='bbox 1251 1135 1319 1175; x_wconf 87' lang='lat' dir='ltr'><strong>hos</strong></span> <span class='ocrx_word' id='word_1_179' title='bbox 1338 1139 1453 1177; x_wconf 92' lang='lat' dir='ltr'><strong>locos.</strong></span> <span class='ocrx_word' id='word_1_180' title='bbox 1490 1141 1596 1180; x_wconf 88' lang='lat' dir='ltr'><strong>Add.</strong></span> 
     </span>
     <span class='ocr_line' id='line_1_17' title="bbox 102 1190 1596 1247; baseline 0 -20"><span class='ocrx_word' id='word_1_181' title='bbox 102 1204 202 1244; x_wconf 85' lang='lat' dir='ltr'><strong>quae</strong></span> <span class='ocrx_word' id='word_1_182' title='bbox 221 1193 250 1238; x_wconf 91' lang='lat' dir='ltr'><strong>I,</strong></span> <span class='ocrx_word' id='word_1_183' title='bbox 267 1194 347 1231; x_wconf 88' lang='grc'><strong>207</strong></span> <span class='ocrx_word' id='word_1_184' title='bbox 369 1192 550 1228; x_wconf 87' lang='lat' dir='ltr'><strong>Croesum</strong></span> <span class='ocrx_word' id='word_1_185' title='bbox 571 1190 761 1227; x_wconf 87' lang='lat' dir='ltr'><strong>dicentem</strong></span> <span class='ocrx_word' id='word_1_186' title='bbox 780 1190 890 1237; x_wconf 85' lang='lat' dir='ltr'><strong>facit,</strong></span> <span class='ocrx_word' id='word_1_187' title='bbox 926 1191 997 1227; x_wconf 91' lang='lat' dir='ltr'><strong>alia</strong></span> <span class='ocrx_word' id='word_1_188' title='bbox 1014 1191 1182 1229; x_wconf 85' lang='lat' dir='ltr'><strong>eiusdem</strong></span> <span class='ocrx_word' id='word_1_189' title='bbox 1201 1196 1363 1243; x_wconf 78' lang='lat' dir='ltr'><strong>generis.</strong></span> <span class='ocrx_word' id='word_1_190' title='bbox 1387 1193 1431 1247; x_wconf 36' lang='grc' dir='ltr'><strong>ᾖ)</strong></span> <span class='ocrx_word' id='word_1_191' title='bbox 1489 1199 1596 1236; x_wconf 69' lang='lat' dir='ltr'><strong>Ana..</strong></span> 
     </span>
     <span class='ocr_line' id='line_1_18' title="bbox 103 1246 1595 1300; baseline 0.001 -15"><span class='ocrx_word' id='word_1_192' title='bbox 103 1261 260 1296; x_wconf 61' lang='lat' dir='ltr'><strong>:regmae</strong></span> <span class='ocrx_word' id='word_1_193' title='bbox 287 1247 566 1298; x_wconf 86' lang='lat' dir='ltr'><strong>philosophiam</strong></span> <span class='ocrx_word' id='word_1_194' title='bbox 594 1246 786 1283; x_wconf 89' lang='lat' dir='ltr'><strong>Herodoto</strong></span> <span class='ocrx_word' id='word_1_195' title='bbox 808 1247 1001 1296; x_wconf 82' lang='lat' dir='ltr'><strong>cognitam</strong></span> <span class='ocrx_word' id='word_1_196' title='bbox 1029 1249 1142 1285; x_wconf 83' lang='lat' dir='ltr'><strong>fuisse</strong></span> <span class='ocrx_word' id='word_1_197' title='bbox 1173 1263 1193 1285; x_wconf 89' lang='lat' dir='ltr'><strong>e</strong></span> <span class='ocrx_word' id='word_1_198' title='bbox 1217 1251 1302 1287; x_wconf 89' lang='lat' dir='ltr'><strong>loco</strong></span> <span class='ocrx_word' id='word_1_199' title='bbox 1332 1254 1398 1300; x_wconf 90' lang='lat' dir='ltr'>III,</span> <span class='ocrx_word' id='word_1_200' title='bbox 1431 1256 1497 1299; x_wconf 82' lang='lat'><strong>80,</strong></span> <span class='ocrx_word' id='word_1_201' title='bbox 1527 1256 1595 1292; x_wconf 86' lang='lat' dir='ltr'><strong>ubi</strong></span> 
     </span>
     <span class='ocr_line' id='line_1_19' title="bbox 104 1302 1593 1362; baseline 0.003 -21"><span class='ocrx_word' id='word_1_202' title='bbox 104 1305 331 1342; x_wconf 80' lang='lat' dir='ltr'><strong>sententiam</strong></span> <span class='ocrx_word' id='word_1_203' title='bbox 363 1306 616 1353; x_wconf 66' lang='lat' dir='ltr'><strong>Anaxagorae</strong></span> <span class='ocrx_word' id='word_1_204' title='bbox 648 1302 804 1339; x_wconf 74' lang='lat' dir='ltr'><strong>decretis</strong></span> <span class='ocrx_word' id='word_1_205' title='bbox 825 1304 987 1339; x_wconf 85' lang='lat' dir='ltr'><strong>similem</strong></span> <span class='ocrx_word' id='word_1_206' title='bbox 1009 1306 1191 1354; x_wconf 73' lang='lat' dir='ltr'><strong>enuntiat,</strong></span> <span class='ocrx_word' id='word_1_207' title='bbox 1212 1307 1296 1358; x_wconf 91' lang='lat' dir='ltr'><strong>quis</strong></span> <span class='ocrx_word' id='word_1_208' title='bbox 1322 1310 1495 1359; x_wconf 82' lang='lat' dir='ltr'><strong>colligat3</strong></span> <span class='ocrx_word' id='word_1_209' title='bbox 1518 1308 1593 1362; x_wconf 48' lang='lat' dir='ltr'><strong>*iij</strong></span> 
     </span>
     <span class='ocr_line' id='line_1_20' title="bbox 103 1358 1594 1415; baseline 0.001 -19"><span class='ocrx_word' id='word_1_210' title='bbox 103 1362 324 1412; x_wconf 87' lang='lat' dir='ltr'><strong>praesertim</strong></span> <span class='ocrx_word' id='word_1_211' title='bbox 344 1374 433 1397; x_wconf 89' lang='lat' dir='ltr'><strong>cum</strong></span> <span class='ocrx_word' id='word_1_212' title='bbox 461 1362 533 1397; x_wconf 90' lang='lat' dir='ltr'><strong>alio</strong></span> <span class='ocrx_word' id='word_1_213' title='bbox 553 1361 636 1396; x_wconf 92' lang='lat' dir='ltr'><strong>Ioco</strong></span> <span class='ocrx_word' id='word_1_214' title='bbox 657 1361 703 1407; x_wconf 87' lang='grc' dir='ltr'><strong>ΙΙ,</strong></span> <span class='ocrx_word' id='word_1_215' title='bbox 725 1362 779 1399; x_wconf 78' lang='lat'><strong>22</strong></span> <span class='ocrx_word' id='word_1_216' title='bbox 799 1358 883 1407; x_wconf 87' lang='lat' dir='ltr'><strong>(ubi</strong></span> <span class='ocrx_word' id='word_1_217' title='bbox 899 1360 998 1397; x_wconf 81' lang='lat' dir='ltr'><strong>conf.</strong></span> <span class='ocrx_word' id='word_1_218' title='bbox 1020 1368 1115 1400; x_wconf 90' lang='lat' dir='ltr'><strong>nott.</strong></span> <span class='ocrx_word' id='word_1_219' title='bbox 1137 1363 1188 1400; x_wconf 89' lang='lat' dir='ltr'><strong>T.</strong></span> <span class='ocrx_word' id='word_1_220' title='bbox 1214 1365 1232 1398; x_wconf 93' lang='grc' dir='ltr'><strong>Ι</strong></span> <span class='ocrx_word' id='word_1_221' title='bbox 1257 1377 1296 1414; x_wconf 85' lang='lat' dir='ltr'><strong>p.</strong></span> <span class='ocrx_word' id='word_1_222' title='bbox 1319 1365 1429 1415; x_wconf 81' lang='lat'>523)</span> <span class='ocrx_word' id='word_1_223' title='bbox 1460 1375 1594 1405; x_wconf 67' lang='lat' dir='ltr'><strong>contra</strong></span> 
     </span>
     <span class='ocr_line' id='line_1_21' title="bbox 104 1414 1594 1467; baseline 0.005 -15"><span class='ocrx_word' id='word_1_224' title='bbox 104 1418 355 1467; x_wconf 78' lang='lat' dir='ltr'><strong>Anaxagorae</strong></span> <span class='ocrx_word' id='word_1_225' title='bbox 385 1418 610 1454; x_wconf 87' lang='lat' dir='ltr'><strong>sententiam</strong></span> <span class='ocrx_word' id='word_1_226' title='bbox 641 1414 688 1453; x_wconf 92' lang='lat' dir='ltr'><strong>de</strong></span> <span class='ocrx_word' id='word_1_227' title='bbox 723 1416 798 1451; x_wconf 80' lang='lat' dir='ltr'><strong>Nili</strong></span> <span class='ocrx_word' id='word_1_228' title='bbox 818 1415 1038 1454; x_wconf 83' lang='lat' dir='ltr'><strong>inundantis</strong></span> <span class='ocrx_word' id='word_1_229' title='bbox 1071 1419 1189 1454; x_wconf 88' lang='lat' dir='ltr'><strong>causis</strong></span> <span class='ocrx_word' id='word_1_230' title='bbox 1215 1419 1392 1458; x_wconf 89' lang='lat' dir='ltr'><strong>edisserat</strong></span> <span class='ocrx_word' id='word_1_231' title='bbox 1414 1421 1594 1461; x_wconf 86' lang='lat' dir='ltr'><strong>historiae</strong></span> 
     </span>
     <span class='ocr_line' id='line_1_22' title="bbox 104 1471 1594 1527; baseline -0.001 -16"><span class='ocrx_word' id='word_1_232' title='bbox 104 1474 262 1523; x_wconf 87' lang='lat' dir='ltr'><strong>scriptor</strong></span> <span class='ocrx_word' id='word_1_233' title='bbox 298 1480 334 1512; x_wconf 86' lang='lat' dir='ltr'><strong>et</strong></span> <span class='ocrx_word' id='word_1_234' title='bbox 378 1475 458 1511; x_wconf 81' lang='lat' dir='ltr'><strong>aliIs</strong></span> <span class='ocrx_word' id='word_1_235' title='bbox 497 1485 649 1527; x_wconf 86' lang='lat' dir='ltr'><strong>quoque</strong></span> <span class='ocrx_word' id='word_1_236' title='bbox 688 1472 730 1509; x_wconf 86' lang='lat' dir='ltr'><strong>in</strong></span> <span class='ocrx_word' id='word_1_237' title='bbox 759 1472 870 1510; x_wconf 86' lang='lat' dir='ltr'><strong>rebus</strong></span> <span class='ocrx_word' id='word_1_238' title='bbox 892 1473 938 1510; x_wconf 84' lang='lat' dir='ltr'><strong>ab</strong></span> <span class='ocrx_word' id='word_1_239' title='bbox 982 1471 1057 1511; x_wconf 88' lang='lat' dir='ltr'><strong>hoc</strong></span> <span class='ocrx_word' id='word_1_240' title='bbox 1091 1473 1320 1527; x_wconf 88' lang='lat' dir='ltr'><strong>philosopho</strong></span> <span class='ocrx_word' id='word_1_241' title='bbox 1362 1478 1474 1517; x_wconf 79' lang='lat' dir='ltr'><strong>valde</strong></span> <span class='ocrx_word' id='word_1_242' title='bbox 1512 1480 1594 1520; x_wconf 65' lang='lat' dir='ltr'><strong>dis-</strong></span> 
     </span>
     <span class='ocr_line' id='line_1_23' title="bbox 103 1530 254 1568; baseline 0 0"><span class='ocrx_word' id='word_1_243' title='bbox 103 1530 254 1568; x_wconf 85' lang='lat' dir='ltr'><strong>sentiat.</strong></span> 
     </span>
    </p>
   </div>
   <div class='ocr_carea' id='block_1_3' title="bbox 787 1676 912 1723">
    <p class='ocr_par' dir='ltr' id='par_1_3' title="bbox 787 1676 912 1723">
     <span class='ocr_line' id='line_1_24' title="bbox 787 1676 912 1723; baseline 0.04 -10"><span class='ocrx_word' id='word_1_244' title='bbox 787 1676 823 1723; x_wconf 83' lang='lat'><strong>§.</strong></span> <span class='ocrx_word' id='word_1_245' title='bbox 848 1678 912 1718; x_wconf 89' lang='grc'><strong>10.</strong></span> 
     </span>
    </p>
   </div>
   <div class='ocr_carea' id='block_1_4' title="bbox 104 1785 1593 2405">
    <p class='ocr_par' dir='ltr' id='par_1_4' title="bbox 104 1785 1593 2405">
     <span class='ocr_line' id='line_1_25' title="bbox 216 1785 1590 1846; baseline 0.007 -22"><span class='ocrx_word' id='word_1_246' title='bbox 216 1785 294 1825; x_wconf 85' lang='lat' dir='ltr'><strong>Sed</strong></span> <span class='ocrx_word' id='word_1_247' title='bbox 313 1785 406 1825; x_wconf 89' lang='lat' dir='ltr'><strong>haec</strong></span> <span class='ocrx_word' id='word_1_248' title='bbox 435 1786 573 1838; x_wconf 84' lang='lat' dir='ltr'><strong>exigua</strong></span> <span class='ocrx_word' id='word_1_249' title='bbox 591 1785 708 1825; x_wconf 90' lang='lat' dir='ltr'><strong>modo</strong></span> <span class='ocrx_word' id='word_1_250' title='bbox 727 1788 892 1827; x_wconf 80' lang='lat' dir='ltr'><strong>fontium</strong></span> <span class='ocrx_word' id='word_1_251' title='bbox 910 1788 1050 1828; x_wconf 87' lang='lat' dir='ltr'><strong>indicia</strong></span> <span class='ocrx_word' id='word_1_252' title='bbox 1069 1798 1176 1841; x_wconf 85' lang='lat' dir='ltr'><strong>sunt,</strong></span> <span class='ocrx_word' id='word_1_253' title='bbox 1208 1806 1229 1829; x_wconf 94' lang='lat' dir='ltr'><strong>e</strong></span> <span class='ocrx_word' id='word_1_254' title='bbox 1256 1792 1392 1846; x_wconf 87' lang='lat' dir='ltr'><strong>quibus</strong></span> <span class='ocrx_word' id='word_1_255' title='bbox 1413 1795 1590 1835; x_wconf 75' lang='lat' dir='ltr'><strong>Herodo-</strong></span> 
     </span>
     <span class='ocr_line' id='line_1_26' title="bbox 104 1844 1591 1906; baseline 0.007 -26"><span class='ocrx_word' id='word_1_256' title='bbox 104 1850 212 1881; x_wconf 84' lang='lat' dir='ltr'><strong>teum</strong></span> <span class='ocrx_word' id='word_1_257' title='bbox 232 1857 324 1895; x_wconf 92' lang='lat' dir='ltr'><strong>opus</strong></span> <span class='ocrx_word' id='word_1_258' title='bbox 344 1845 494 1882; x_wconf 81' lang='lat' dir='ltr'><strong>fluxisse</strong></span> <span class='ocrx_word' id='word_1_259' title='bbox 510 1844 789 1883; x_wconf 80' lang='lat' dir='ltr'><strong>existimemus!</strong></span> <span class='ocrx_word' id='word_1_260' title='bbox 847 1848 969 1884; x_wconf 86' lang='lat' dir='ltr'><strong>Multo</strong></span> <span class='ocrx_word' id='word_1_261' title='bbox 984 1849 1114 1899; x_wconf 89' lang='lat' dir='ltr'><strong>plura,</strong></span> <span class='ocrx_word' id='word_1_262' title='bbox 1136 1850 1256 1887; x_wconf 89' lang='lat' dir='ltr'><strong>immo</strong></span> <span class='ocrx_word' id='word_1_263' title='bbox 1277 1852 1461 1901; x_wconf 87' lang='lat' dir='ltr'><strong>plurima,</strong></span> <span class='ocrx_word' id='word_1_264' title='bbox 1491 1867 1591 1906; x_wconf 90' lang='lat' dir='ltr'><strong>quae</strong></span> 
     </span>
     <span class='ocr_line' id='line_1_27' title="bbox 106 1902 1593 1961; baseline 0.005 -25"><span class='ocrx_word' id='word_1_265' title='bbox 106 1913 152 1937; x_wconf 87' lang='lat' dir='ltr'><strong>eo</strong></span> <span class='ocrx_word' id='word_1_266' title='bbox 180 1902 444 1948; x_wconf 85' lang='lat' dir='ltr'><strong>continentur,</strong></span> <span class='ocrx_word' id='word_1_267' title='bbox 472 1902 552 1951; x_wconf 87' lang='lat' dir='ltr'><strong>ipse</strong></span> <span class='ocrx_word' id='word_1_268' title='bbox 577 1902 617 1938; x_wconf 91' lang='lat' dir='ltr'><strong>in</strong></span> <span class='ocrx_word' id='word_1_269' title='bbox 645 1903 840 1940; x_wconf 88' lang='lat' dir='ltr'><strong>itineribus</strong></span> <span class='ocrx_word' id='word_1_270' title='bbox 878 1906 1080 1954; x_wconf 89' lang='lat' dir='ltr'><strong>comperit,</strong></span> <span class='ocrx_word' id='word_1_271' title='bbox 1121 1907 1200 1956; x_wconf 89' lang='lat' dir='ltr'><strong>ipse</strong></span> <span class='ocrx_word' id='word_1_272' title='bbox 1219 1906 1333 1956; x_wconf 79' lang='lat' dir='ltr'><strong>vidit3</strong></span> <span class='ocrx_word' id='word_1_273' title='bbox 1372 1922 1494 1961; x_wconf 88' lang='lat' dir='ltr'><strong>eoque</strong></span> <span class='ocrx_word' id='word_1_274' title='bbox 1523 1924 1593 1961; x_wconf 87' lang='lat' dir='ltr'><strong>po-</strong></span> 
     </span>
     <span class='ocr_line' id='line_1_28' title="bbox 105 1957 1590 2017; baseline 0.007 -25"><span class='ocrx_word' id='word_1_275' title='bbox 105 1957 292 1993; x_wconf 78' lang='lat' dir='ltr'><strong>tissimum</strong></span> <span class='ocrx_word' id='word_1_276' title='bbox 312 1965 460 2008; x_wconf 87' lang='lat' dir='ltr'><strong>praeter</strong></span> <span class='ocrx_word' id='word_1_277' title='bbox 479 1958 651 1994; x_wconf 84' lang='lat' dir='ltr'><strong>locorum</strong></span> <span class='ocrx_word' id='word_1_278' title='bbox 673 1965 708 1995; x_wconf 88' lang='lat' dir='ltr'><strong>et</strong></span> <span class='ocrx_word' id='word_1_279' title='bbox 727 1960 949 2009; x_wconf 86' lang='lat' dir='ltr'><strong>regionum,</strong></span> <span class='ocrx_word' id='word_1_280' title='bbox 981 1973 1073 2012; x_wconf 89' lang='lat' dir='ltr'><strong>quas</strong></span> <span class='ocrx_word' id='word_1_281' title='bbox 1094 1962 1173 2012; x_wconf 90' lang='lat' dir='ltr'><strong>ipse</strong></span> <span class='ocrx_word' id='word_1_282' title='bbox 1194 1964 1296 2011; x_wconf 65' lang='lat' dir='ltr'><strong>visit,</strong></span> <span class='ocrx_word' id='word_1_283' title='bbox 1323 1965 1590 2017; x_wconf 87' lang='lat' dir='ltr'><strong>descriptiones</strong></span> 
     </span>
     <span class='ocr_line' id='line_1_29' title="bbox 105 2013 1590 2073; baseline 0.007 -24"><span class='ocrx_word' id='word_1_284' title='bbox 105 2014 299 2050; x_wconf 86' lang='lat' dir='ltr'><strong>retulerim</strong></span> <span class='ocrx_word' id='word_1_285' title='bbox 319 2027 415 2065; x_wconf 88' lang='lat' dir='ltr'><strong>quae</strong></span> <span class='ocrx_word' id='word_1_286' title='bbox 432 2013 477 2050; x_wconf 90' lang='lat' dir='ltr'><strong>de</strong></span> <span class='ocrx_word' id='word_1_287' title='bbox 502 2015 672 2064; x_wconf 88' lang='lat' dir='ltr'><strong>templis,</strong></span> <span class='ocrx_word' id='word_1_288' title='bbox 702 2016 882 2065; x_wconf 89' lang='lat' dir='ltr'><strong>portentis</strong></span> <span class='ocrx_word' id='word_1_289' title='bbox 895 2046 904 2064; x_wconf 88' lang='lat'>,</span> <span class='ocrx_word' id='word_1_290' title='bbox 927 2018 1105 2065; x_wconf 89' lang='lat' dir='ltr'><strong>oraculis,</strong></span> <span class='ocrx_word' id='word_1_291' title='bbox 1137 2017 1321 2067; x_wconf 89' lang='lat' dir='ltr'><strong>donariis,</strong></span> <span class='ocrx_word' id='word_1_292' title='bbox 1359 2022 1438 2058; x_wconf 89' lang='lat' dir='ltr'><strong>aliis</strong></span> <span class='ocrx_word' id='word_1_293' title='bbox 1459 2022 1498 2058; x_wconf 90' lang='lat' dir='ltr'><strong>id</strong></span> <span class='ocrx_word' id='word_1_294' title='bbox 1518 2036 1590 2073; x_wconf 84' lang='lat' dir='ltr'><strong>ge-</strong></span> 
     </span>
     <span class='ocr_line' id='line_1_30' title="bbox 104 2069 1588 2130; baseline 0.007 -25"><span class='ocrx_word' id='word_1_295' title='bbox 104 2080 199 2116; x_wconf 87' lang='lat' dir='ltr'><strong>nus,</strong></span> <span class='ocrx_word' id='word_1_296' title='bbox 231 2077 296 2106; x_wconf 85' lang='lat' dir='ltr'><strong>aut</strong></span> <span class='ocrx_word' id='word_1_297' title='bbox 316 2072 429 2107; x_wconf 87' lang='lat' dir='ltr'><strong>etiam</strong></span> <span class='ocrx_word' id='word_1_298' title='bbox 450 2069 496 2107; x_wconf 88' lang='lat' dir='ltr'><strong>de</strong></span> <span class='ocrx_word' id='word_1_299' title='bbox 511 2072 590 2120; x_wconf 88' lang='lat' dir='ltr'><strong>ipsa</strong></span> <span class='ocrx_word' id='word_1_300' title='bbox 609 2083 738 2107; x_wconf 86' lang='lat' dir='ltr'><strong>rerum</strong></span> <span class='ocrx_word' id='word_1_301' title='bbox 752 2070 904 2109; x_wconf 62' lang='lat' dir='ltr'><strong>historia</strong></span> <span class='ocrx_word' id='word_1_302' title='bbox 922 2071 979 2110; x_wconf 87' lang='lat' dir='ltr'><strong>his</strong></span> <span class='ocrx_word' id='word_1_303' title='bbox 999 2075 1086 2124; x_wconf 89' lang='lat' dir='ltr'><strong>ipsis</strong></span> <span class='ocrx_word' id='word_1_304' title='bbox 1106 2075 1146 2110; x_wconf 87' lang='lat' dir='ltr'><strong>iu</strong></span> <span class='ocrx_word' id='word_1_305' title='bbox 1166 2076 1257 2112; x_wconf 90' lang='lat' dir='ltr'><strong>locis</strong></span> <span class='ocrx_word' id='word_1_306' title='bbox 1274 2085 1479 2130; x_wconf 38' lang='lat' dir='ltr'><strong>&#39;comperta</strong></span> <span class='ocrx_word' id='word_1_307' title='bbox 1500 2093 1588 2129; x_wconf 84' lang='lat' dir='ltr'><strong>per-</strong></span> 
     </span>
     <span class='ocr_line' id='line_1_31' title="bbox 105 2126 1589 2185; baseline 0.007 -23"><span class='ocrx_word' id='word_1_308' title='bbox 105 2126 231 2163; x_wconf 86' lang='lat' dir='ltr'><strong>scribit</strong></span> <span class='ocrx_word' id='word_1_309' title='bbox 260 2140 458 2178; x_wconf 83' lang='lat' dir='ltr'><strong>nunquam</strong></span> <span class='ocrx_word' id='word_1_310' title='bbox 486 2140 564 2163; x_wconf 90' lang='lat' dir='ltr'><strong>non</strong></span> <span class='ocrx_word' id='word_1_311' title='bbox 591 2127 756 2165; x_wconf 86' lang='lat' dir='ltr'><strong>indicato</strong></span> <span class='ocrx_word' id='word_1_312' title='bbox 790 2129 895 2166; x_wconf 87' lang='lat' dir='ltr'><strong>fonte</strong></span> <span class='ocrx_word' id='word_1_313' title='bbox 919 2131 979 2166; x_wconf 86' lang='lat' dir='ltr'><strong>vel</strong></span> <span class='ocrx_word' id='word_1_314' title='bbox 1000 2138 1166 2168; x_wconf 83' lang='lat' dir='ltr'><strong>auctore.</strong></span> <span class='ocrx_word' id='word_1_315' title='bbox 1223 2133 1273 2169; x_wconf 92' lang='lat' dir='ltr'><strong>Ut</strong></span> <span class='ocrx_word' id='word_1_316' title='bbox 1295 2134 1423 2183; x_wconf 86' lang='lat' dir='ltr'><strong>paucis</strong></span> <span class='ocrx_word' id='word_1_317' title='bbox 1449 2134 1589 2185; x_wconf 86' lang='lat' dir='ltr'><strong>dicam,</strong></span> 
     </span>
     <span class='ocr_line' id='line_1_32' title="bbox 107 2181 1589 2243; baseline 0.007 -24"><span class='ocrx_word' id='word_1_318' title='bbox 107 2181 210 2234; x_wconf 88' lang='lat' dir='ltr'><strong>quod</strong></span> <span class='ocrx_word' id='word_1_319' title='bbox 239 2184 379 2230; x_wconf 88' lang='lat' dir='ltr'><strong>sentio,</strong></span> <span class='ocrx_word' id='word_1_320' title='bbox 409 2184 470 2221; x_wconf 83' lang='lat' dir='ltr'><strong>vel</strong></span> <span class='ocrx_word' id='word_1_321' title='bbox 499 2184 577 2234; x_wconf 87' lang='lat' dir='ltr'><strong>ipse</strong></span> <span class='ocrx_word' id='word_1_322' title='bbox 597 2183 717 2229; x_wconf 84' lang='lat' dir='ltr'><strong>vidit,</strong></span> <span class='ocrx_word' id='word_1_323' title='bbox 748 2198 844 2236; x_wconf 87' lang='lat' dir='ltr'><strong>quae</strong></span> <span class='ocrx_word' id='word_1_324' title='bbox 872 2187 1037 2236; x_wconf 86' lang='lat' dir='ltr'><strong>scripsit,</strong></span> <span class='ocrx_word' id='word_1_325' title='bbox 1068 2188 1129 2225; x_wconf 79' lang='lat' dir='ltr'><strong>vel</strong></span> <span class='ocrx_word' id='word_1_326' title='bbox 1151 2201 1172 2224; x_wconf 87' lang='lat' dir='ltr'><strong>a</strong></span> <span class='ocrx_word' id='word_1_327' title='bbox 1195 2188 1472 2238; x_wconf 88' lang='lat' dir='ltr'><strong>sacerdotibus,</strong></span> <span class='ocrx_word' id='word_1_328' title='bbox 1494 2205 1589 2243; x_wconf 84' lang='lat' dir='ltr'><strong>quos</strong></span> 
     </span>
     <span class='ocr_line' id='line_1_33' title="bbox 106 2239 1591 2295; baseline 0.007 -21"><span class='ocrx_word' id='word_1_329' title='bbox 106 2239 168 2275; x_wconf 87' lang='lat' dir='ltr'><strong>illa</strong></span> <span class='ocrx_word' id='word_1_330' title='bbox 188 2246 308 2276; x_wconf 88' lang='lat' dir='ltr'><strong>aetate</strong></span> <span class='ocrx_word' id='word_1_331' title='bbox 327 2253 395 2290; x_wconf 91' lang='lat' dir='ltr'><strong>per</strong></span> <span class='ocrx_word' id='word_1_332' title='bbox 411 2241 596 2277; x_wconf 88' lang='lat' dir='ltr'><strong>orientem</strong></span> <span class='ocrx_word' id='word_1_333' title='bbox 615 2241 785 2291; x_wconf 88' lang='lat' dir='ltr'><strong>inprimis</strong></span> <span class='ocrx_word' id='word_1_334' title='bbox 806 2255 900 2278; x_wconf 89' lang='lat' dir='ltr'><strong>unos</strong></span> <span class='ocrx_word' id='word_1_335' title='bbox 918 2241 1046 2280; x_wconf 89' lang='lat' dir='ltr'><strong>doctos</strong></span> <span class='ocrx_word' id='word_1_336' title='bbox 1067 2258 1194 2280; x_wconf 88' lang='lat' dir='ltr'><strong>rerum</strong></span> <span class='ocrx_word' id='word_1_337' title='bbox 1207 2253 1398 2295; x_wconf 85' lang='lat' dir='ltr'><strong>gestarum</strong></span> <span class='ocrx_word' id='word_1_338' title='bbox 1413 2249 1591 2285; x_wconf 86' lang='lat' dir='ltr'><strong>notitiam</strong></span> 
     </span>
     <span class='ocr_line' id='line_1_34' title="bbox 106 2293 1591 2355; baseline 0.007 -24"><span class='ocrx_word' id='word_1_339' title='bbox 106 2293 278 2332; x_wconf 86' lang='lat' dir='ltr'><strong>habuisse</strong></span> <span class='ocrx_word' id='word_1_340' title='bbox 308 2303 452 2333; x_wconf 84' lang='lat' dir='ltr'><strong>constat</strong></span> <span class='ocrx_word' id='word_1_341' title='bbox 466 2327 476 2345; x_wconf 97' lang='lat'>,</span> <span class='ocrx_word' id='word_1_342' title='bbox 506 2298 651 2347; x_wconf 89' lang='lat' dir='ltr'><strong>accepit</strong></span> <span class='ocrx_word' id='word_1_343' title='bbox 665 2297 886 2335; x_wconf 86' lang='lat' dir='ltr'><strong>sciscitando</strong></span> <span class='ocrx_word' id='word_1_344' title='bbox 904 2300 963 2335; x_wconf 81' lang='lat' dir='ltr'><strong>vel</strong></span> <span class='ocrx_word' id='word_1_345' title='bbox 984 2313 1005 2335; x_wconf 88' lang='lat' dir='ltr'><strong>a</strong></span> <span class='ocrx_word' id='word_1_346' title='bbox 1025 2303 1296 2338; x_wconf 87' lang='lat' dir='ltr'><strong>mercatoribus</strong></span> <span class='ocrx_word' id='word_1_347' title='bbox 1311 2332 1321 2350; x_wconf 95' lang='lat'>,</span> <span class='ocrx_word' id='word_1_348' title='bbox 1352 2316 1445 2355; x_wconf 86' lang='lat' dir='ltr'><strong>quos</strong></span> <span class='ocrx_word' id='word_1_349' title='bbox 1466 2305 1504 2340; x_wconf 88' lang='lat' dir='ltr'><strong>in</strong></span> <span class='ocrx_word' id='word_1_350' title='bbox 1526 2306 1591 2341; x_wconf 91' lang='lat' dir='ltr'><strong>iti-</strong></span> 
     </span>
     <span class='ocr_line' id='line_1_35' title="bbox 107 2352 1590 2405; baseline 0.008 -18"><span class='ocrx_word' id='word_1_351' title='bbox 107 2352 257 2389; x_wconf 88' lang='lat' dir='ltr'><strong>neribus</strong></span> <span class='ocrx_word' id='word_1_352' title='bbox 276 2355 470 2402; x_wconf 84' lang='lat' dir='ltr'><strong>convenit,</strong></span> <span class='ocrx_word' id='word_1_353' title='bbox 509 2355 565 2391; x_wconf 89' lang='lat' dir='ltr'><strong>uti</strong></span> <span class='ocrx_word' id='word_1_354' title='bbox 583 2355 660 2391; x_wconf 88' lang='lat' dir='ltr'><strong>iam</strong></span> <span class='ocrx_word' id='word_1_355' title='bbox 687 2367 800 2405; x_wconf 89' lang='lat' dir='ltr'><strong>supra</strong></span> <span class='ocrx_word' id='word_1_356' title='bbox 827 2357 1059 2396; x_wconf 86' lang='lat' dir='ltr'><strong>monuimus.</strong></span> <span class='ocrx_word' id='word_1_357' title='bbox 1118 2359 1362 2397; x_wconf 82' lang='lat' dir='ltr'><strong>Praeiverant</strong></span> <span class='ocrx_word' id='word_1_358' title='bbox 1393 2360 1590 2399; x_wconf 87' lang='lat' dir='ltr'><strong>Herodoto</strong></span> 
     </span>
    </p>
   </div>
   <div class='ocr_carea' id='block_1_5' title="bbox 107 2538 1590 2817">
    <p class='ocr_par' dir='ltr' id='par_1_5' title="bbox 107 2538 1590 2817">
     <span class='ocr_line' id='line_1_36' title="bbox 199 2538 1590 2590; baseline 0.006 -18"><span class='ocrx_word' id='word_1_359' title='bbox 199 2538 236 2582; x_wconf 89' lang='lat'><strong>*)</strong></span> <span class='ocrx_word' id='word_1_360' title='bbox 262 2538 360 2578; x_wconf 82' lang='lat' dir='ltr'><strong>Quod</strong></span> <span class='ocrx_word' id='word_1_361' title='bbox 384 2551 464 2575; x_wconf 88' lang='lat' dir='ltr'><strong>vero</strong></span> <span class='ocrx_word' id='word_1_362' title='bbox 488 2541 517 2582; x_wconf 89' lang='grc' dir='ltr'><strong>Ι,</strong></span> <span class='ocrx_word' id='word_1_363' title='bbox 544 2542 620 2586; x_wconf 86' lang='grc'><strong>155,</strong></span> <span class='ocrx_word' id='word_1_364' title='bbox 644 2542 702 2577; x_wconf 88' lang='lat' dir='ltr'><strong>ubi</strong></span> <span class='ocrx_word' id='word_1_365' title='bbox 727 2543 875 2577; x_wconf 87' lang='lat' dir='ltr'><strong>Croesus</strong></span> <span class='ocrx_word' id='word_1_366' title='bbox 908 2544 1000 2587; x_wconf 81' lang='lat' dir='ltr'><strong>Cyro</strong></span> <span class='ocrx_word' id='word_1_367' title='bbox 1025 2545 1197 2579; x_wconf 86' lang='lat' dir='ltr'><strong>consilium</strong></span> <span class='ocrx_word' id='word_1_368' title='bbox 1221 2546 1298 2589; x_wconf 82' lang='lat' dir='ltr'><strong>dat,</strong></span> <span class='ocrx_word' id='word_1_369' title='bbox 1337 2547 1452 2590; x_wconf 86' lang='lat' dir='ltr'><strong>Lydos</strong></span> <span class='ocrx_word' id='word_1_370' title='bbox 1476 2553 1514 2580; x_wconf 88' lang='lat' dir='ltr'><strong>ut</strong></span> <span class='ocrx_word' id='word_1_371' title='bbox 1539 2549 1590 2582; x_wconf 86' lang='lat' dir='ltr'><strong>ef-</strong></span> 
     </span>
     <span class='ocr_line' id='line_1_37' title="bbox 112 2584 1590 2638; baseline 0.007 -22"><span class='ocrx_word' id='word_1_372' title='bbox 112 2584 290 2617; x_wconf 78' lang='lat' dir='ltr'><strong>feminatos</strong></span> <span class='ocrx_word' id='word_1_373' title='bbox 313 2585 443 2625; x_wconf 82' lang='lat' dir='ltr'><strong>reddat,</strong></span> <span class='ocrx_word' id='word_1_374' title='bbox 468 2588 688 2622; x_wconf 84' lang='lat' dir='ltr'><strong>Wachsmuth</strong></span> <span class='ocrx_word' id='word_1_375' title='bbox 721 2589 879 2633; x_wconf 85' lang='lat' dir='ltr'><strong>(Hellen.</strong></span> <span class='ocrx_word' id='word_1_376' title='bbox 905 2591 1141 2624; x_wconf 71' lang='lat' dir='ltr'><strong>Alterthumsk.</strong></span> <span class='ocrx_word' id='word_1_377' title='bbox 1168 2593 1211 2633; x_wconf 88' lang='lat' dir='ltr'><strong>ll,</strong></span> <span class='ocrx_word' id='word_1_378' title='bbox 1235 2595 1256 2627; x_wconf 78' lang='grc'>2</span> <span class='ocrx_word' id='word_1_379' title='bbox 1290 2605 1322 2637; x_wconf 90' lang='lat' dir='ltr'><strong>p.</strong></span> <span class='ocrx_word' id='word_1_380' title='bbox 1350 2595 1408 2635; x_wconf 78' lang='lat'><strong>17)</strong></span> <span class='ocrx_word' id='word_1_381' title='bbox 1443 2594 1590 2638; x_wconf 78' lang='lat' dir='ltr'><strong>quaerit,</strong></span> 
     </span>
     <span class='ocr_line' id='line_1_38' title="bbox 108 2630 1590 2681; baseline 0.008 -20"><span class='ocrx_word' id='word_1_382' title='bbox 108 2630 171 2663; x_wconf 92' lang='lat' dir='ltr'><strong>hoc</strong></span> <span class='ocrx_word' id='word_1_383' title='bbox 207 2630 325 2663; x_wconf 87' lang='lat' dir='ltr'><strong>Croesi</strong></span> <span class='ocrx_word' id='word_1_384' title='bbox 353 2631 521 2665; x_wconf 84' lang='lat' dir='ltr'><strong>consilium</strong></span> <span class='ocrx_word' id='word_1_385' title='bbox 556 2646 597 2666; x_wconf 85' lang='lat' dir='ltr'><strong>ex</strong></span> <span class='ocrx_word' id='word_1_386' title='bbox 620 2635 682 2675; x_wconf 87' lang='lat' dir='ltr'><strong>iis,</strong></span> <span class='ocrx_word' id='word_1_387' title='bbox 715 2647 803 2679; x_wconf 81' lang='lat' dir='ltr'><strong>quae</strong></span> <span class='ocrx_word' id='word_1_388' title='bbox 828 2635 954 2668; x_wconf 80' lang='lat' dir='ltr'><strong>Graeci</strong></span> <span class='ocrx_word' id='word_1_389' title='bbox 979 2637 1114 2677; x_wconf 73' lang='lat' dir='ltr'><strong>tyranni</strong></span> <span class='ocrx_word' id='word_1_390' title='bbox 1139 2639 1201 2670; x_wconf 79' lang='lat' dir='ltr'><strong>iani</strong></span> <span class='ocrx_word' id='word_1_391' title='bbox 1225 2643 1295 2671; x_wconf 72' lang='lat' dir='ltr'><strong>tuin</strong></span> <span class='ocrx_word' id='word_1_392' title='bbox 1320 2639 1486 2681; x_wconf 79' lang='lat' dir='ltr'><strong>fecerint,</strong></span> <span class='ocrx_word' id='word_1_393' title='bbox 1511 2651 1590 2672; x_wconf 86' lang='lat' dir='ltr'><strong>num</strong></span> 
     </span>
     <span class='ocr_line' id='line_1_39' title="bbox 107 2676 1590 2729; baseline 0.007 -22"><span class='ocrx_word' id='word_1_394' title='bbox 107 2676 294 2720; x_wconf 84' lang='lat' dir='ltr'><strong>profectum</strong></span> <span class='ocrx_word' id='word_1_395' title='bbox 306 2676 360 2717; x_wconf 81' lang='lat' dir='ltr'><strong>sit,</strong></span> <span class='ocrx_word' id='word_1_396' title='bbox 375 2688 415 2709; x_wconf 87' lang='lat' dir='ltr'><strong>an</strong></span> <span class='ocrx_word' id='word_1_397' title='bbox 441 2689 481 2711; x_wconf 85' lang='lat' dir='ltr'><strong>ex</strong></span> <span class='ocrx_word' id='word_1_398' title='bbox 505 2680 642 2713; x_wconf 87' lang='lat' dir='ltr'><strong>Graeca</strong></span> <span class='ocrx_word' id='word_1_399' title='bbox 665 2681 794 2714; x_wconf 87' lang='lat' dir='ltr'><strong>omnino</strong></span> <span class='ocrx_word' id='word_1_400' title='bbox 818 2680 955 2714; x_wconf 85' lang='lat' dir='ltr'><strong>fluxerit</strong></span> <span class='ocrx_word' id='word_1_401' title='bbox 977 2682 1155 2720; x_wconf 67' lang='lat' dir='ltr'><strong>sententia,</strong></span> <span class='ocrx_word' id='word_1_402' title='bbox 1168 2685 1296 2717; x_wconf 84' lang='lat' dir='ltr'><strong>frustra</strong></span> <span class='ocrx_word' id='word_1_403' title='bbox 1319 2684 1399 2718; x_wconf 89' lang='lat' dir='ltr'><strong>mihi</strong></span> <span class='ocrx_word' id='word_1_404' title='bbox 1422 2696 1590 2729; x_wconf 82' lang='lat' dir='ltr'><strong>quaerere</strong></span> 
     </span>
     <span class='ocr_line' id='line_1_40' title="bbox 107 2720 1590 2775; baseline 0.008 -22"><span class='ocrx_word' id='word_1_405' title='bbox 107 2720 253 2754; x_wconf 87' lang='lat' dir='ltr'><strong>videtur.</strong></span> <span class='ocrx_word' id='word_1_406' title='bbox 300 2721 422 2765; x_wconf 91' lang='lat' dir='ltr'><strong>Neque</strong></span> <span class='ocrx_word' id='word_1_407' title='bbox 446 2723 532 2756; x_wconf 89' lang='lat' dir='ltr'><strong>enim</strong></span> <span class='ocrx_word' id='word_1_408' title='bbox 554 2725 636 2759; x_wconf 86' lang='lat' dir='ltr'><strong>talia</strong></span> <span class='ocrx_word' id='word_1_409' title='bbox 661 2727 782 2759; x_wconf 82' lang='lat' dir='ltr'><strong>absunt</strong></span> <span class='ocrx_word' id='word_1_410' title='bbox 806 2738 826 2759; x_wconf 87' lang='lat' dir='ltr'><strong>a</strong></span> <span class='ocrx_word' id='word_1_411' title='bbox 849 2737 966 2770; x_wconf 82' lang='lat' dir='ltr'><strong>regum</strong></span> <span class='ocrx_word' id='word_1_412' title='bbox 990 2727 1199 2762; x_wconf 74' lang='lat' dir='ltr'><strong>orientalium</strong></span> <span class='ocrx_word' id='word_1_413' title='bbox 1222 2741 1315 2764; x_wconf 86' lang='lat' dir='ltr'><strong>more</strong></span> <span class='ocrx_word' id='word_1_414' title='bbox 1338 2735 1441 2775; x_wconf 84' lang='lat' dir='ltr'><strong>atque</strong></span> <span class='ocrx_word' id='word_1_415' title='bbox 1461 2730 1590 2765; x_wconf 81' lang='lat' dir='ltr'><strong>indole.</strong></span> 
     </span>
     <span class='ocr_line' id='line_1_41' title="bbox 108 2766 1033 2817; baseline 0.008 -17"><span class='ocrx_word' id='word_1_416' title='bbox 108 2766 165 2800; x_wconf 91' lang='lat' dir='ltr'><strong>Tu</strong></span> <span class='ocrx_word' id='word_1_417' title='bbox 188 2768 276 2800; x_wconf 84' lang='lat' dir='ltr'><strong>conf.</strong></span> <span class='ocrx_word' id='word_1_418' title='bbox 300 2767 396 2801; x_wconf 89' lang='lat' dir='ltr'><strong>modo</strong></span> <span class='ocrx_word' id='word_1_419' title='bbox 424 2780 510 2813; x_wconf 87' lang='lat' dir='ltr'><strong>quae</strong></span> <span class='ocrx_word' id='word_1_420' title='bbox 532 2770 567 2804; x_wconf 89' lang='lat' dir='ltr'><strong>in</strong></span> <span class='ocrx_word' id='word_1_421' title='bbox 589 2776 675 2805; x_wconf 82' lang='lat' dir='ltr'><strong>nott.</strong></span> <span class='ocrx_word' id='word_1_422' title='bbox 699 2783 734 2817; x_wconf 85' lang='lat' dir='ltr'><strong>p.</strong></span> <span class='ocrx_word' id='word_1_423' title='bbox 760 2771 828 2806; x_wconf 84' lang='lat'><strong>354</strong></span> <span class='ocrx_word' id='word_1_424' title='bbox 851 2772 1033 2807; x_wconf 87' lang='lat' dir='ltr'><strong>attulimus.</strong></span> 
     </span>
    </p>
   </div>
   <div class='ocr_carea' id='block_1_6' title="bbox 162 2834 1315 2933">
    <p class='ocr_par' dir='ltr' id='par_1_6' title="bbox 162 2834 1315 2933">
     <span class='ocr_line' id='line_1_42' title="bbox 199 2834 1302 2887; baseline 0.01 -21"><span class='ocrx_word' id='word_1_425' title='bbox 199 2834 259 2878; x_wconf 77' lang='lat'><strong>**)</strong></span> <span class='ocrx_word' id='word_1_426' title='bbox 285 2834 383 2868; x_wconf 85' lang='lat' dir='ltr'><strong>Conf.</strong></span> <span class='ocrx_word' id='word_1_427' title='bbox 408 2835 507 2871; x_wconf 86' lang='lat' dir='ltr'><strong>etiam</strong></span> <span class='ocrx_word' id='word_1_428' title='bbox 529 2837 560 2880; x_wconf 90' lang='lat' dir='ltr'><strong>I,</strong></span> <span class='ocrx_word' id='word_1_429' title='bbox 585 2839 651 2874; x_wconf 82' lang='lat'><strong>103</strong></span> <span class='ocrx_word' id='word_1_430' title='bbox 674 2839 758 2886; x_wconf 89' lang='lat' dir='ltr'><strong>ibiq.</strong></span> <span class='ocrx_word' id='word_1_431' title='bbox 784 2843 870 2875; x_wconf 77' lang='lat' dir='ltr'><strong>nott.</strong></span> <span class='ocrx_word' id='word_1_432' title='bbox 887 2839 924 2875; x_wconf 88' lang='lat' dir='ltr'><strong>in</strong></span> <span class='ocrx_word' id='word_1_433' title='bbox 946 2839 1034 2874; x_wconf 88' lang='lat' dir='ltr'><strong>Add.</strong></span> <span class='ocrx_word' id='word_1_434' title='bbox 1059 2841 1103 2875; x_wconf 91' lang='lat' dir='ltr'><strong>T.</strong></span> <span class='ocrx_word' id='word_1_435' title='bbox 1126 2841 1144 2875; x_wconf 94' lang='lat' dir='ltr'>I</span> <span class='ocrx_word' id='word_1_436' title='bbox 1167 2852 1200 2887; x_wconf 87' lang='lat' dir='ltr'><strong>p.</strong></span> <span class='ocrx_word' id='word_1_437' title='bbox 1224 2842 1302 2877; x_wconf 72' lang='lat'><strong>928.</strong></span> 
     </span>
     <span class='ocr_line' id='line_1_43' title="bbox 162 2883 1315 2933; baseline 0.012 -14"><span class='ocrx_word' id='word_1_438' title='bbox 162 2883 384 2922; x_wconf 69' lang='lat' dir='ltr'><strong>Hlfflono&#39;r.</strong></span> <span class='ocrx_word' id='word_1_439' title='bbox 402 2885 469 2923; x_wconf 91' lang='lat' dir='ltr'><strong>IV.</strong></span> <span class='ocrx_word' id='word_1_440' title='bbox 1259 2895 1315 2933; x_wconf 82' lang='lat'><strong>26</strong></span> 
     </span>
    </p>
   </div>
  </div>
 </body>
</html>
