1839 3292
547 216 884 254 URANIA
939 214 1069 253 V111.
1325 219 1410 259 205

164 327 410 384 παρήσομεν
439 324 579 377 οὕτω,
609 324 721 376 ὅκως
742 324 796 368 ἂν
816 325 999 380 ἔχωμεν,
1030 321 1161 367 οὐδὲν
1179 323 1410 376 λυπέοντες

164 395 308 451 ὑμέας.
365 396 466 436 Νῦν
501 394 568 445 δὲ,
609 391 667 444 ὥς
705 392 819 436 οὕτω
859 392 1064 448 ἑχόντων,
1110 391 1315 448 στρατιὴν
1352 390 1411 443 ὥς

135 462 364 517 7,,τάχιστοι
396 461 636 516 ἐκπέμπετε.
696 458 754 511 ὥς
785 458 868 514 γὰρ
898 458 1022 514 ἡμέες
1051 458 1294 513 εἰκάζομεν,
1325 457 1409 502 οὐκ

160 530 290 583 „eudes
319 526 480 585 χρόνου
503 529 710 583 παρέσται
740 524 764 569 ὁ
787 526 1014 581 βάρβαρος
1037 525 1234 581 ἐσβαλών
1261 526 1302 576 ἐς
1330 525 1465 582 τήν7ο

160 596 411 653 ,,ἡμετε’ρην,
441 596 530 639 ἀλλ’
558 594 730 639 ἐπειδάν
759 593 934 648 τάχιστα
964 592 1156 648 πύθηται
1185 592 1266 649 τήν
1287 591 1412 649 οἷγγε-

161 666 304 718 ,,λίην,
329 662 394 707 ὅτι
415 663 544 707 οὐδὲν
563 661 802 718 ποιήσομεν
823 665 910 704 τῶν
933 661 1096 710 ἐκεῖνος
1115 658 1260 715 ἡμέων
1277 671 1411 715 προσ-

133 731 348 783 effidem.
405 730 510 784 πρὶν
551 726 613 773 ὦν
650 734 853 784 παρεῖναι
886 729 1053 772 ἐκεῖνον
1092 728 1133 778 ἐς
1171 725 1250 783 τὴν
1276 726 1410 770 Ἀττι-

158 798 295 853 ,,κὴν,
325 794 459 852 ἡμέας
480 796 632 851 καιρός
649 797 737 840 ἐστι
762 799 1075 852 προσβωθῆσαι
1104 796 1146 846 ἐς
1174 794 1253 850 τὴν
1277 798 1412 838 Βοιω-

157 867 319 919 ,,τίην.“
378 863 430 904 Οἱ
458 863 560 918 μὲν,
597 868 734 907 ταῦτα
758 862 1120 920 ὑποκριναμένων
1149 860 1408 920 Ἀθηναίων,

157 928 483 975 ἀπαλλάσσοντο
513 932 555 983 ἐς
583 934 805 989 Σπάρτην.

100 1117 193 1165 568,
225 1120 244 1156 1
278 1129 365 1167 pag.
390 1119 512 1157 1123.
569 1115 752 1167 Sophocli

99 1172 197 1211 hanc
247 1174 480 1209 locutionem
519 1172 751 1223 frequentari

99 1237 205 1267 notat
218 1228 524 1267 Valckenaerius.
568 1229 598 1266 C
604 1243 634 1266 r.
656 1243 751 1266 con-

99 1286 186 1322 ferri
206 1286 284 1322 vult
302 1286 381 1321 Ast.
400 1284 447 1320 ad
467 1285 615 1322 Platon.
636 1287 749 1323 Polit.

98 1343 146 1390 Π,
180 1345 234 1382 20
263 1354 349 1392 pag.
382 1339 462 1381 435
501 1354 581 1391 seq.
628 1342 752 1378 Verba

98 1393 192 1444 ἕκοῖς
218 1395 362 1449 χρόνου
391 1397 512 1446 attigit
530 1395 664 1438 Matth.
686 1399 751 1434 Gr.

98 1455 164 1491 Gr·
181 1455 215 1499 ξ
238 1452 317 1493 340
337 1466 374 1503 Ρ.
391 1451 483 1500 649,
505 1454 570 1503 qui
589 1452 693 1489 idem
715 1455 753 1499 ξ.

97 1510 177 1550 355
201 1516 292 1545 nott.
323 1512 349 1549 2
372 1520 459 1558 pag.
481 1510 562 1549 669
583 1508 631 1546 de
652 1516 752 1546 stru-

99 1572 203 1602 ctura
222 1565 325 1602 verbi
337 1564 566 1615 προσεὸέετο
580 1579 667 1602 cum
677 1565 752 1603 du-

94 1621 184 1672 plici
203 1622 369 1671 genitivo
391 1621 535 1657 consul.
564 1623 621 1658 De
640 1623 750 1659 locu-

96 1679 199 1714 tione
218 1680 405 1729 παρεῖναι
424 1676 480 1724 εἰς
490 1691 526 1716 τι
545 1679 643 1716 conf.
652 1685 748 1719 nott.

94 1733 143 1770 ad
166 1735 196 1782 Ι,
217 1736 285 1774 21.

149 1843 276 1896 ’ἡμέας
304 1841 440 1897 καιρός
471 1844 570 1896 ἐστι]
603 1843 750 1883 Sohae-

95 1902 207 1948 ferus,
229 1915 344 1954 quem
356 1903 523 1954 sequitur
533 1901 747 1950 Bekkerus‚

95 1958 219 1995 invitis
240 1957 351 1996 codd.
374 1958 476 1996 dedit
504 1957 641 2007 ὑμέας,
674 1958 748 1995 du-

96 2013 188 2050 dum
217 2015 399 2064 probante
419 2014 681 2052 Valckenaer.
711 2021 747 2052 et

93 2071 324 2121 VVesseling.
346 2070 393 2108 ad
413 2072 481 2119 IX,
503 2074 543 2112 7.
584 2072 635 2108 At
649 2072 747 2108 bene

94 2125 311 2178 Schweigh.
346 2126 473 2180 ἡμέας
501 2130 644 2167 tu‘etur:
685 2140 747 2166 nos

806 1117 833 1154 i.
861 1130 894 1154 e.
915 1116 1139 1154 Athenienses
1168 1127 1245 1152 cum
1274 1112 1463 1151 Lacedae-

813 1175 947 1221 moniis,
971 1174 1087 1209 citans
1107 1172 1175 1220 IX,
1198 1174 1237 1212 6.
1257 1173 1295 1211 7.
1315 1192 1371 1198 —
1398 1171 1463 1207 Ιο-

805 1231 936 1266 nicum
954 1229 1244 1280 προσβωθῆσαι
1267 1228 1465 1274 (accurrere

805 1286 854 1322 acl
880 1286 1066 1322 Graeciam
1096 1283 1343 1335 defendendam
1375 1282 1463 1320 Per-

807 1355 931 1391 sasque
951 1340 1135 1390 arcendos)
1146 1341 1302 1390 servavi,
1323 1352 1463 1391 quam-

809 1410 924 1448 quam
944 1399 1068 1447 plures
1089 1396 1200 1437 codd.
1222 1397 1463 1446 προβοηθῆ-

808 1465 886 1494 σαι.
943 1452 1030 1493 Vid.
1056 1454 1153 1500 VIII,
1179 1455 1197 1491 1
1220 1453 1348 1502 ibique
1368 1458 1464 1488 nott.

865 1508 906 1548 οἵ
927 1506 998 1560 μὲν
1018 1530 1070 1536 -
1094 1503 1392 1547 ἀπαλλάσσοντο
1424 1506 1464 1553 ἐς

809 1561 1016 1616 Σπάρτην]
1047 1566 1150 1601 Haec
1183 1565 1321 1612 verba,
1363 1576 1462 1615 quae

804 1622 919 1672 vulgo
936 1622 1028 1658 noni
1038 1622 1121 1658 libri
1141 1621 1247 1657 initio
1268 1621 1461 1671 leguntur,

804 1679 1055 1722 Florenfinus,
1082 1676 1299 1724 Mediceus,
1329 1677 1392 1712 alii
1412 1675 1461 1712 ad

805 1736 929 1771 octavi
939 1735 1024 1771 libri
1034 1734 1151 1770 finem
1162 1734 1355 1782 reiiciuut3
1374 1733 1462 1784 qui-

804 1792 874 1828 bus
896 1804 986 1828 cum
1006 1797 1162 1827 recentt.
1189 1789 1276 1826 edd.
1299 1790 1462 1826 obsecu-

804 1854 863 1884 tus
874 1861 972 1889 sum,
994 1847 1093 1892 Quin
1109 1847 1346 1883 Florentinus
1366 1843 1462 1885 haec

805 1903 940 1940 eadem
976 1904 1092 1941 verba
1114 1903 1206 1939 noni
1239 1903 1324 1939 libri
1352 1903 1461 1941 initio

804 1961 957 2010 repetit:
981 1959 1083 2011 quod
1103 1959 1208 1996 idem
1222 1959 1366 1996 factum
1382 1974 1461 1997 esse

803 2016 969 2054 vidimus
1002 2017 1152 2066 septimi
1189 2016 1274 2052 libri
1301 2017 1341 2051 in
1367 2017 1458 2055 fine.

805 2093 854 2100 --
868 2072 930 2109 Ad
951 2073 1109 2109 verbum
1128 2070 1461 2124 ὕποκριναμένων

804 2129 905 2168 conf.
928 2128 1066 2167 suidas
1097 2142 1128 2167 s.
1147 2141 1185 2167 v.
1207 2130 1260 2165 ΙΙΙ
1273 2143 1314 2181 p.
1335 2129 1429 2171 556.

359 2332 684 2380 ‘HPOAOTOY
731 2333 1047 2382 ἸΣΤΟΡΙΩΝ
1101 2334 1181 2379 Η’.
