1839 3292
258 180 342 222 442
731 182 762 220 Ι.
792 180 955 218 INDEX
984 180 1177 218 RERUM.

304 288 414 330 missi,
448 288 507 329 VI,
540 289 597 324 85.
648 290 854 324 Immincnte
887 291 982 324 bello

303 336 446 370 Persico
476 337 666 382 Aeginetae
698 342 732 370 et
759 336 983 369 Athenienses

301 381 506 416 inimicitias
537 384 687 424 solvunt,
712 383 787 424 vn,
821 381 888 416 145
912 386 982 415 not.

302 429 495 473 Aeginetae
524 429 568 462 ad
611 428 838 469 Salaminem,
888 428 980 470 vlll,

301 473 347 508 46
372 478 441 508 not.
466 473 511 507 91
536 478 605 508 not.
640 473 925 517 praestantissimi
946 475 981 507 in

300 532 419 565 pugna
439 520 556 554 navali
579 526 699 555 eontra
722 521 877 563 Persam,
887 521 978 564 v111,

302 567 349 601 93
371 570 440 600 not.
469 572 503 599 et
523 578 599 610 cap.
624 567 692 600 122
713 572 781 600 not.
807 569 851 600 ab
874 568 979 601 Athe—

299 612 471 647 niensium
495 618 593 655 parte
616 619 718 656 stant,
730 613 821 653 vm,
839 613 884 647 74
908 617 979 647 not.

301 660 435 693 Aureae
465 660 584 693 stellas
618 664 686 694 tres
717 660 863 703 Delphis
886 660 979 694 dedi-

302 709 394 747 cant,
417 705 510 748 Vlll,
535 705 613 740 122.
636 725 682 731 -
721 706 912 751 Aeginetae
935 707 980 740 ad

300 753 464 786 Plataeas
497 752 530 785 in
554 753 630 786 acie
654 753 882 794 Graecorum,
916 753 978 795 IX,

301 798 359 832 28.
382 798 532 832 Undciis
543 798 743 832 divitiarum
757 798 979 842 principium,

301 844 366 885 IX,
382 843 429 878 79
452 849 520 878 not.
545 856 665 878 eorum
683 846 725 879 ad
739 846 902 879 Plataeas
926 846 979 879 in—

301 902 384 924 anes
419 891 547 925 tumuli
580 892 691 925 multo
716 896 794 935 post
827 891 979 936 excitati,

299 937 363 978 lx,
387 934 443 972 85.

255 995 496 1038 Aegineticum
526 994 659 1028 bellum
688 1006 768 1028 cum
791 995 981 1028 Athenien-

301 1041 397 1074 sibus
419 1041 482 1073 toti
507 1041 680 1075 Graeciae
697 1041 798 1074 saluti
818 1041 982 1084 rotatu,

300 1085 380 1127 144,
405 1087 489 1119 belli
515 1093 663 1130 tempus,
690 1087 765 1129 Vll,
777 1087 844 1120 144
863 1092 933 1122 not.

253 1145 398 1188 Aegion,
425 1145 508 1177 urbs
531 1145 762 1188 Achaeorum,
786 1147 813 1188 Ι,
824 1146 891 1180 145
909 1149 979 1180 not.

253 1202 388 1246 Aegira
426 1198 476 1245 (ἡ
499 1202 690 1247 Αἴγειρα),
716 1206 800 1238 urbs
821 1205 980 1239 Achaeo-

298 1260 388 1289 rum,
412 1248 440 1290 I,
470 1247 536 1282 1·Ιῦ
553 1259 624 1283 not.

252 1307 459 1350 Aegio-oessa
483 1305 748 1352 (Αἰγιρόεσσα),
771 1309 919 1342 Aeolum
929 1308 980 1342 ci-

300 1353 400 1393 vitas,
428 1354 454 1394 l,
482 1352 548 1386 149
573 1358 643 1390 not.

253 1411 361 1454 Aegis
393 1410 574 1444 Minervae
607 1423 650 1444 ex'
686 1411 802 1454 Libya
835 1411 981 1446 Graecis

300 1459 478 1500 adoptata,
504 1458 561 1500 lv,
588 1457 668 1492 189.
696 1458 775 1492 189.

252 1503 358 1546 Aeg-li
383 1514 462 1545 pop.
490 1504 552 1543 111,
576 1503 622 1537 9:
649 1509 721 1538 not.

252 1561 366 1639 Acir&
382 1561 522 1640 133αωί
546 1558 675 1606 (Αἰγὸς
702 1561 978 1606 Ποταμοὶ),ΙΧ,

252 1664 402 1708 Acgrotc‘
425 1664 516 1707 apud
555 1665 725 1708 quosdam
748 1665 850 1699 Indos
874 1665 981 1699 inter-

296 1710 462 1744 ficiuntur
494 1714 528 1744 et
553 1712 788 1753 comeduntur,
837 1712 900 1752 III,
921 1712 979 1746 99.

297 1757 390 1800 apud
422 1757 525 1790 Indos
557 1758 714 1791 Padaeus
736 1770 819 1791 vero
853 1759 980 1792 deserti

297 1802 332 1836 in
357 1804 494 1836 deserto
519 1805 657 1845 cubant,
683 1805 745 1845 ΙΙΙ,
770 1805 850 1838 100.
877 1805 979 1839 Circa

295 1854 459 1894 aegrotos
471 1850 748 1894 Babyloniorum
758 1852 825 1893 lex,
850 1851 878 1892 Ι,
897 1851 976 1886 197.

251 1908 417 1952 Aegyptii
450 1908 607 1940 omnium
641 1908 823 1942 hominnm
850 1909 978 1951 primos

296 1966 334 1988 se
367 1953 540 1995 arbitrati,
577 1954 623 1995 ΙΙ,
656 1955 679 1988 2
711 1960 782 1991 not.
815 1956 978 2001 Phrygas

296 2004 414 2034 tamen
437 2012 510 2033 esse
534 2001 666 2042 priores
690 2002 902 2041 concedunt,
933 2004 979 2036 ib.

295 2051 368 2081 not.
402 2046 479 2080 tid.
505 2047 676 2091 Phryges.
702 2049 789 2082 Cum
816 2048 898 2092 Cyri
925 2049 978 2082 fa-

296 2092 398 2126 milia
435 2094 677 2137 cognationem
724 2094 791 2128 sibi
832 2095 978 2140 fingunt,

295 2140 358 2178 Ill,
369 2140 404 2174 2.
430 2140 559 2173 Eorum
576 2140 732 2175 instituta
756 2145 789 2175 et
813 2141 906 2185 iura,
931 2143 976 2174 ab

297 2186 377 2219 aliis
410 2185 546 2229 populis
576 2198 716 2231 prorsus
749 2187 898 2230 diversa,
929 2188 974 2229 ΙΙ,

295 2231 342 2266 35
367 2236 437 2265 not.
462 2236 496 2266 et
520 2244 612 2275 seqq.
638 2234 684 2267 ab
712 2234 912 2277 Aethiopia,
938 2238 975 2269 ut

295 2279 433 2317 volunt,
464 2284 678 2324 repetuntur,
698 2280 743 2319 ΙΙ,
769 2280 815 2313 29
846 2284 916 2314 not.
941 2284 975 2315 et

295 2324 374 2358 Vid.
398 2325 594 2369 Aethiopia,
618 2326 663 2368 II,
691 2326 758 2359 109
782 2330 851 2360 not.
892 2326 974 2360 Suis

295 2370 451 2404 moribus
481 2376 515 2404 ct
550 2371 715 2406 institutis
747 2372 897 2405 contenti
926 2372 972 2414 ΙΙ,

295 2417 354 2452 78.
377 2428 440 2450 nec
461 2417 544 2450 ullis
578 2417 658 2451 aliis
690 2419 739 2452 uti
771 2419 903 2459 volunt,
927 2419 973 2460 11,

295 2463 341 2497 91
365 2468 434 2497 not.
461 2463 507 2497 cf.
530 2464 576 2504 II,
601 2463 647 2497 43
671 2470 704 2499 et
720 2465 776 2499 49.
824 2465 863 2497 In
895 2475 973 2508 sep-

296 2514 368 2544 tem
379 2510 561 2544 hominum
569 2522 700 2555 genera
715 2511 874 2556 (Casten)
903 2510 973 2546 dis-

1084 289 1217 331 tributi,
1242 289 1287 331 11,
1313 289 1381 323 164
1396 292 1467 324 not.
1495 287 1664 334 Aegyptii
1686 299 1763 324 mu-

1084 337 1178 370 xime
1210 337 1341 369 salubri
1377 348 1521 379 corpore
1555 336 1599 369 ob
1633 337 1764 377 aerem,

1084 382 1144 425 qui
1179 386 1230 415 cst
1261 381 1501 422 immutabilis,
1523 382 1566 422 11,
1591 381 1648 416 77.
1680 393 1765 424 pur-

1083 432 1170 472 gant
1201 439 1238 461 se
1272 428 1420 473 singulis
1453 429 1640 470 mensibus,
1677 428 1763 462 ibid.

1083 476 1216 507 Eorum
1233 475 1348 517 capita
1370 486 1476 517 quam
1498 475 1613 517 firma,
1638 478 1673 508 et
1690 486 1763 516 cur,

1081 520 1146 562 111,
1180 520 1224 554 12
1249 524 1319 555 not.
1350 520 1499 554 Minimo
1530 521 1651 555 labore
1679 520 1762 554 fru-

1083 572 1179 600 ctum
1213 578 1232 600 e
1263 571 1356 600 terra
1387 565 1595 610 percipiunt,
1623 567 1670 609 11,
1705 565 1763 600 13.

1083 612 1140 649 14,
1167 612 1272 647 Fabis
1284 612 1469 651 abstinent,
1493 612 1541 646 11.
1563 612 1609 647 37
1632 615 1702 647 not.
1729 615 1764 646 et

1082 659 1210 694 vitibus
1232 663 1364 700 carent,
1387 659 1433 702 ΙΙ,
1450 657 1498 692 77
1508 661 1579 693 not.
1604 659 1684 693 coll.
1699 658 1763 699 111,

1081 706 1116 741 6.
1142 717 1263 740 eorum
1287 705 1407 739 vinum
1430 716 1472 739 ex
1495 704 1639 747 hordeo,
1662 703 1764 745 ΙΙ,77

1082 756 1152 786 not.
1187 753 1305 786 oleum
1334 763 1375 785 ex
1399 751 1606 795 sssliqprio,
1636 749 1682 793 II,
1705 749 1762 784 91.

1082 810 1164 832 cum
1209 798 1422 832 animalibus
1460 796 1659 832 domesticis
1694 807 1764 831 una

1082 845 1204 879 vivunt
1213 850 1247 880 et
1256 848 1452 884 vescuntur,
1462 844 1507 886 II,
1515 843 1561 877 36
1571 848 1640 878 not.
1663 853 1764 877 suem

1082 903 1150 925 non
1174 892 1285 932 alunt,
1308 891 1367 932 1·v‚
1391 889 1472 924 186.
1504 901 1574 934 quo
1606 893 1763 932 tempore

1084 949 1164 971 sues
1204 937 1387 971 immolent
1431 940 1467 971 et
1507 947 1629 970 earum
1659 946 1762 969 carne

1083 988 1281 1024 vescantur,
1305 983 1350 1016 11.
1375 982 1432 1016 47.
1456 981 1502 1016 48
1522 986 1592 1016 not.
1616 982 1763 1016 abluunt

1085 1034 1165 1073 post
1188 1034 1385 1063 contactam
1408 1040 1518 1070 suem,
1539 1028 1586 1070 ΙΙ,
1609 1027 1666 1062 47.
1689 1027 1762 1063 sui-

1083 1077 1147 1109 bus
1171 1080 1313 1110 utuntur
1336 1076 1378 1108 ad
1403 1079 1532 1108 terram
1563 1074 1762 1108 sementiam

1082 1122 1128 1161 ΙΙ,
1155 1121 1199 1154 14
1222 1126 1292 1156 not.
1316 1121 1465 1155 bovibus
1498 1120 1682 1161 abstinent,
1714 1120 1760 1160 11,

1083 1168 1128 1202 18
1153 1173 1220 1204 not.
1257 1168 1409 1212 piscibus
1431 1167 1616 1208 abstinent,
1639 1166 1686 1208 11,
1712 1164 1760 1198 37

1082 1220 1154 1248 not.
1179 1234 1225 1238 —
1259 1213 1423 1259 Aegyptii
1452 1213 1646 1247 Thebanae
1678 1223 1761 1255 pro-

1082 1260 1219 1294 vinciae
1241 1262 1285 1295 ab
1308 1260 1431 1294 ovibus
1455 1259 1628 1293 abstinent
1651 1262 1685 1292 et
1702 1269 1761 1291 ca-

1082 1320 1161 1351 pras
1208 1307 1401 1347 immolant,
1441 1306 1486 1345 11,
1519 1304 1577 1338 42.
1626 1316 1689 1338 nec
1711 1304 1762 1338 ita

1082 1353 1282 1387 Mendesiac
1312 1352 1512 1397 provinciae
1534 1352 1618 1385 ibid.
1647 1355 1682 1384 et
1704 1351 1759 1384 46.

1081 1399 1338 1444 Acgyptiorum
1362 1410 1478 1432 mores
1495 1396 1688 1441 depravati,
1712 1397 1759 1438 ΙΙ,

1081 1446 1152 1481 117
1176 1452 1245 1479 not.
1268 1446 1391 1490 pocula
1415 1455 1523 1478 aenea
1546 1444 1592 1486 ΙΙ,
1616 1443 1663 1477 37
1687 1446 1759 1477 not.

1082 1512 1129 1518 -
1153 1493 1316 1526 mulieres
1340 1491 1456 1525 virilia
1478 1494 1629 1525 tractant
1651 1500 1761 1534 nego-

1083 1539 1145 1580 tia,
1170 1539 1215 1579 11,
1249 1538 1295 1572 35
1326 1542 1395 1572 not.
1429 1538 1467 1581 ²¹³)
1502 1535 1759 1581 Aegyptiorum

1082 1597 1159 1619 mos
1201 1585 1338 1618 urinam
1370 1584 1531 1617 mittendi
1571 1587 1605 1616 et
1638 1583 1759 1616 alvum

1082 1632 1303 1669 exonerandi,
1330 1629 1428 1671 11‚35
1441 1634 1510 1663 not.
1530 1640 1605 1662 mos
1615 1628 1759 1671 parandi

1080 1689 1206 1721 panem
1230 1678 1273 1718 ΙΙ,
1285 1676 1331 1710 36
1342 1681 1413 1711 not.
1436 1687 1512 1709 mos
1535 1673 1760 1715 computandi

1082 1724 1127 1767 ΙΙ,
1152 1723 1198 1757 36
1225 1727 1295 1758 not.
1334 1722 1517 1762 scribendi,
1548 1722 1594 1761 ll,
1618 1719 1664 1753 36
1688 1724 1757 1755 not.

1081 1782 1158 1804 mos
1194 1770 1228 1803 in
1264 1769 1444 1806 conviviis,
1477 1769 1523 1809 ΙΙ,
1546 1767 1592 1801 78
1621 1770 1692 1801 'lot-
1713 1785 1759 1793 —

1080 1818 1176 1850 color
1200 1817 1299 1856 cutis,
1323 1817 1368 1856 ΙΙ,
1393 1814 1461 1848 1⁰4
1488 1817 1558 1847 not.
1598 1813 1759 1846 Circum-

1081 1863 1178 1906 cisio,
1214 1864 1256 1898 ΙΙ,
1290 1862 1336 1895 37
1367 1865 1438 1894 not.
1495 1861 1541 1902 Il,
1582 1858 1649 1892 104
1686 1862 1759 1893 not.

1079 1929 1124 1935 —
1148 1913 1305 1943 texturae
1327 1909 1372 1950 ΙΙ,
1397 1906 1442 1941 35
1460 1905 1599 1949 not.**)
1621 1924 1666 1930 —
1690 1905 1758 1938 Ve-

1083 1960 1152 1991 stes
1176 1956 1222 1996 ΙΙ,
1246 1955 1292 1988 36
1316 1961 1385 1988 not.
1405 1954 1449 1994 Il,
1473 1953 1519 1987 81
1544 1956 1614 1986 not.
1638 1951 1758 1986 Vestes

1082 2003 1300 2036 sacerdotnm
1326 2001 1368 2041 ΙΙ,
1395 1999 1440 2033 37
1452 2004 1525 2033 not.
1550 1997 1666 2040 11,Sl.
1692 1998 1756 2031 Ve-

1080 2054 1148 2083 stes
1166 2048 1304 2082 inluctu
1314 2048 1359 2089 11,
1370 2046 1416 2081 85
1428 2050 1559 2079 nott.—-
1573 2045 1645 2078 Viri
1658 2043 1757 2079 binas

1079 2099 1192 2129 vestes
1222 2095 1369 2137 habent,
1401 2092 1552 2126 feminae
1588 2090 1754 2135 singulas,

1079 2142 1123 2183 II,
1134 2142 1189 2175 36.
1204 2142 1320 2174 Vestes
1329 2151 1447 2173 eornm
1459 2139 1568 2171 lineae
1577 2142 1610 2170 et
1623 2137 1755 2177 laneae,

1078 2188 1123 2230 II,
1149 2188 1205 2220 81.
1230 2191 1418 2229 unguenta,
1443 2186 1487 2223 ΙΙ,
1511 2182 1566 2217 9-1.
1601 2183 1699 2215 cibus
1721 2186 1755 2216 et

1075 2238 1188 2278 potus,
1212 2234 1258 2275 ΙΙ,
1284 2232 1340 2265 77.
1366 2231 1422 2265 78.
1447 2232 1495 2263 cf.
1522 2241 1550 2262 c.
1569 2229 1614 2262 92
1631 2234 1664 2261 et
1678 2227 1755 2264 125.

1077 2280 1241 2314 salutatio
1266 2283 1398 2318 mutua,
1427 2277 1470 2317 ΙΙ,
1487 2275 1544 2309 80.
1569 2275 1753 2316 cantilena,

1076 2326 1122 2366 ΙΙ,
1154 2326 1199 2358 79
1233 2330 1301 2360 not.
1339 2322 1520 2367 praecipui
1554 2325 1754 2362 conventus,

1075 2372 1121 2412 ΙΙ,
1144 2370 1202 2405 59.
1226 2390 1270 2397 -
1294 2371 1424 2404 Eorum
1446 2370 1558 2402 luctus
1582 2372 1616 2401 et
1637 2368 1753 2411 sepul-

1076 2422 1165 2459 tura,
1192 2418 1238 2457 ll,
1262 2416 1308 2450 36
1333 2422 1402 2450 not.
1428 2414 1473 2449 85
1497 2419 1568 2448 not.
1594 2413 1650 2449 86.
1678 2425 1754 2447 mos

1073 2465 1202 2507 triplex
1227 2464 1262 2497 in
1287 2462 1485 2497 condiendis
1513 2459 1753 2501 cadaveribus,

1075 2511 1122 2553 ΙΙ,
1145 2510 1191 2546 86
1218 2514 1288 2545 not.
1313 2509 1370 2544 87.
1381 2509 1428 2545 88
1450 2511 1524 2543 not.
1550 2507 1595 2543 ad
1614 2504 1752 2550 11,123.

343 2706 377 2748 ³⁴)
410 2708 486 2738 Hoc
523 2714 556 2741 et
582 2707 666 2740 alibi
695 2707 885 2751 antiquitus
916 2707 1045 2740 factum
1062 2717 1137 2738 esse
1155 2707 1351 2737 monstrant
1371 2702 1512 2736 allataa
1533 2702 1657 2734 Braun.
1698 2698 1750 2730 De

251 2752 367 2786 vestit.
384 2753 539 2785 sacci-dd.
568 2755 692 2787 Hebrr.
715 2757 742 2798 Ι,
765 2756 807 2789 IS
825 2756 854 2799 xj.
876 2755 954 2789 308.

344 2813 386 2856 ⁸')
412 2813 497 2846 Add.
518 2814 639 2846 Brenn.
661 2813 712 2845 De
733 2813 845 2847 vestit.
864 2811 1016 2846 sacci-dd.
1037 2810 1162 2843 Hebrr.
1180 2811 1210 2851 Ι,
1234 2808 1316 2851 165.
1339 2807 1418 2842 239.
