1839 3292
401 178 485 217 284

401 296 509 340 δέκα
544 296 750 346 σταδίους
787 293 1029 348 ἀπέχουσα,

564 367 696 417 νῆσος
726 362 772 404 δὲ
804 360 920 404 οὕτω
954 360 1010 403 ἂν
1030 362 1094 416 εἴη
1124 361 1171 404 ἐν
1200 361 1386 422 ἠπείρῳ·
1420 364 1669 420 σχιζόμενος

399 368 507 414 λιος.

804 177 1272 214 HERODOTI

1066 295 1151 347 πρὸ
1191 298 1268 351 τῆς
1298 297 1551 340 Πλαταιέων
1589 298 1669 341 πό-

400 430 425 475 ὁ
458 429 652 484 ποταμὸς
683 429 856 472 ἄνωθεν
884 428 932 472 ἐκ
971 432 1053 472 τοῦ
1092 432 1374 484 Κιθαιρῶνος
1425 434 1511 487 ῥέει
1549 432 1666 477 κάτω

399 500 443 550 ἐς
472 498 520 542 τὸ
550 498 718 549 πεδίον,
753 497 907 552 διέχων
935 494 1012 540 ἀπ’
1046 495 1243 553 ἀλλήλων
1271 499 1325 540 τὰ
1353 497 1513 554 ῥέεθρα
1543 500 1667 543 ὅσον-

398 582 478 621 περ
507 567 607 621 τρία
639 565 813 608 στάδια·
855 566 928 609 καὶ
974 565 1120 609 ἔπειτα
1151 568 1381 621 συμμίσγει
1419 566 1463 617 ἐς
1504 566 1725 611 τῶυτό·10

369 633 572 691 δοῦνομα
601 633 647 678 δέ
677 635 721 677 οῖ
744 631 914 690 Ὠερόη.
970 632 1193 690 θυγατέρα
1225 634 1271 678 ὁὲ
1301 633 1465 691 ταύτην
1494 635 1668 692 λέγουσι

344 858 467 882 unum
487 845 707 881 milliarium
728 857 749 881 a
770 845 854 883 vico
877 845 1004 893 Cocla‚

343 904 409 954 qui
438 903 548 938 unius
574 901 691 938 horae
727 903 861 939 itinere
895 901 1005 939 distat

343 972 366 995 a
385 960 470 996 vico
482 960 653 1006 Platana,
674 961 736 995 cui
751 960 821 1010 ipsi
837 958 908 995 hae
925 960 1005 995 rui-

342 1028 437 1064 nae,
470 1028 568 1067 quae
583 1014 785 1066 grandium
806 1017 1006 1052 moenium

343 1072 592 1109 fundamenta
613 1073 819 1122 praebeant
841 1085 884 1108 ac
904 1079 1006 1109 stru-

342 1136 491 1165 cturam
511 1128 621 1164 valde
645 1128 792 1176 rudem,
823 1130 895 1165 sint
917 1142 1007 1179 pro-

341 1186 479 1236 piores.
507 1186 608 1221 Hinc
623 1187 721 1221 inter
735 1186 1007 1237 Cyclopiorum

341 1243 409 1294 qui
425 1241 604 1278 dicuntur
616 1255 815 1279 murorum
828 1243 1004 1294 reliquias

341 1298 515 1335 exhibuit
553 1313 706 1351 quoque
732 1299 918 1338 Dodwell.
964 1300 1005 1335 in

341 1369 456 1407 opere
477 1358 624 1406 saepius
646 1363 734 1392 ante
754 1355 924 1393 laudato.

399 1410 555 1463 οὕνομα
578 1412 622 1452 δέ
651 1412 693 1452 οἷ
714 1408 876 1463 Ὠερόη]
899 1414 1004 1449 Pau—

339 1470 463 1507 sanias
481 1471 537 1505 IX
551 1499 560 1517 ,
582 1469 608 1509 4
630 1470 667 1514 ξ.
682 1473 705 1510 3
727 1470 811 1507 loco
832 1471 1003 1506 maxime

339 1527 636 1577 gemino,ipsum
647 1526 887 1564 Herodotum
898 1525 1002 1563 haud

337 1584 416 1621 scio
446 1595 494 1619 an
521 1590 695 1620 secutus:
732 1582 774 1622 ἐκ
800 1581 1003 1630 Πλαταίας

337 1637 382 1680 δὲ
421 1639 553 1679 ἰοῦσιν
583 1639 623 1687 ἐς
654 1637 794 1691 Θήβας
829 1637 1004 1691 ποταμός

338 1696 446 1737 ἐστιν
492 1692 656 1747 Ὠερόη·
710 1696 911 1748 θυγατέρα
959 1694 1003 1736 δὲ

340 1750 444 1792 εἶναι
453 1750 527 1805 τήν
543 1749 711 1803 Ὠερόην
729 1756 803 1793 τοῦ
821 1749 1000 1793 Ἀστάπου

336 1808 507 1862 λέγουσι.
537 1809 649 1847 Unde
664 1812 750 1848 satis
765 1817 879 1861 patet,
897 1810 1002 1862 quod

336 1868 453 1904 etiam
475 1868 654 1904 orationis
684 1874 795 1904 tenor
815 1881 858 1904 ac
878 1881 1000 1904 nexus

338 1923 473 1971 docet,
502 1924 604 1975 apud
624 1924 864 1961 Herodotum
884 1925 1000 1961 verba

339 1978 566 2031 σχιζόμενος
589 1979 611 2020 ὁ
631 1977 807 2032 ποταμὸς
836 1979 999 2020 ἄνωθεν

336 2037 381 2077 ἐκ
403 2040 476 2076 τοῦ
499 2040 759 2089 Κιθαιρῶνος
792 2036 870 2089 ῥέει
889 2033 998 2077 κάτω

335 2093 376 2140 ἐς
402 2091 447 2134 τό
473 2095 613 2134 πεδίον
646 2109 684 2134 κ.
714 2111 747 2134 τ.
779 2098 812 2134 λ.
843 2108 920 2131 non
951 2093 998 2131 de

334 2152 478 2202 Asopo,
515 2158 559 2189 ut
597 2151 826 2204 quibusdam
856 2153 998 2203 placuit

335 2209 484 2259 ipsique
511 2210 723 2246 Pausaniae
761 2208 897 2246 editori
926 2207 999 2246 do-

335 2267 502 2302 ctissimo
541 2278 630 2315 pag.
661 2265 724 2304 14.
752 2266 823 2314 15,
851 2264 918 2302 sed
950 2264 999 2302 de

333 2321 406 2358 hoc
427 2323 508 2372 ipso
531 2322 670 2358 Oeroes
703 2323 784 2359 rivo
825 2335 904 2358 esse
938 2323 998 2357 in·-

332 2378 551 2428 telligenda.
611 2379 741 2415 Obstat
772 2380 875 2414 euim
915 2380 996 2414 He·-

334 2435 481 2472 rodotei
511 2436 586 2472 loci
607 2436 701 2472 ratio
721 2436 914 2487 ipsiusque
935 2449 997 2472 re-

335 2493 458 2542 gionis
469 2491 656 2539 conditio3
677 2493 729 2528 ita
744 2499 785 2528 ut
797 2505 997 2543 nunquam

335 2548 430 2585 mihi
451 2548 667 2600 persuaderi
686 2550 807 2600 patiar
823 2548 998 2586 Herodo-

336 2611 420 2641 tum
458 2607 522 2642 illa
559 2607 676 2644 verba
720 2607 907 2657 scripsisse
950 2605 998 2643 de

336 2662 466 2711 Asopo
495 2664 748 2713 cogitantem,
782 2665 888 2700 cuius
920 2670 997 2699 tam

334 2718 508 2754 crebram
538 2721 577 2755 in
607 2719 919 2758 antecedentibus
939 2720 998 2756 fe-

333 2781 436 2812 cerat
463 2777 700 2813 mentionem
718 2807 727 2825 ,
760 2791 881 2830 quum
909 2775 947 2814 h.
967 2777 994 2813 1.

1061 845 1113 881 ita
1134 845 1257 896 potius
1277 844 1426 893 scribat,
1447 851 1490 882 ut
1510 844 1627 881 alium
1648 844 1722 881 flu-

1061 904 1168 939 vium
1216 901 1391 938 nondum
1453 908 1722 949 memoratum,

1061 958 1236 995 nondum
1249 960 1446 1008 cognitum
1465 959 1536 1009 ipsi
1555 959 1595 994 in
1611 971 1723 994 men-

1060 1022 1098 1051 te
1118 1016 1231 1052 suisse
1253 1022 1443 1066 appareat.
1502 1016 1603 1051 Hinc
1625 1027 1723 1066 quo—

1063 1085 1139 1123 que
1169 1073 1282 1122 paulo
1322 1072 1477 1109 inferius
1507 1071 1610 1108 idem
1633 1085 1722 1122 per-

1062 1129 1190 1165 scribit
1210 1130 1368 1164 Noster:
1395 1125 1465 1167 τόν
1487 1125 1537 1179 δή
1559 1127 1587 1179 ἦ
1603 1124 1723 1166 Ἀσω-

1063 1183 1133 1231 πὶς
1159 1181 1304 1236 Ὠερόη
1347 1184 1626 1236 περισχίζεται,
1658 1183 1724 1234 ῥέ-

1065 1253 1164 1280 ουσα
1175 1241 1217 1280 ἐκ
1232 1244 1305 1280 τοῦ
1317 1243 1600 1292 Κιθαιρῶνος-ε
1624 1254 1723 1292 quae

1059 1299 1140 1348 ipsa
1160 1300 1247 1335 satis
1267 1299 1458 1345 evincunt,
1480 1298 1594 1334 verba
1606 1310 1719 1348 supra

1060 1356 1173 1392 allata
1192 1369 1270 1392 non
1291 1356 1363 1391 nisi
1391 1354 1438 1391 de
1461 1355 1584 1392 Oeroe
1604 1355 1719 1391 intel-

1059 1412 1126 1462 ligi
1154 1425 1277 1463 posse.
1337 1412 1420 1456 Quo
1455 1413 1576 1462 magis
1603 1412 1720 1448 miror

1060 1469 1231 1506 Siebelis.
1255 1467 1316 1517 (ad
1339 1469 1490 1505 Pausan
1511 1470 1535 1505 l.
1557 1467 1623 1518 L),
1653 1469 1720 1520 qui

1059 1525 1162 1576 apud
1201 1524 1442 1562 Heiodotum
1482 1523 1505 1565 ὅ
1542 1522 1720 1575 ποταμός

1059 1596 1128 1633 per
1176 1583 1279 1633 leges
1328 1581 1595 1632 grammaticas
1639 1594 1720 1618 non

1059 1640 1132 1676 nisi
1165 1613 1236 1675 ado
1241 1640 1414 1688 Asopum
1449 1638 1580 1675 referri
1610 1650 1720 1688 posse

1060 1695 1268 1733 contendit.
1317 1694 1429 1740 Quod
1458 1708 1525 1732 cur
1544 1708 1720 1732 necessa-

1059 1754 1160 1789 rium
1179 1754 1246 1797 sit,
1279 1751 1460 1804 equidem
1479 1765 1558 1788 non
1578 1752 1719 1788 intelli—

1058 1822 1134 1860 go·
1125 1839 1135 1858 ,
1179 1823 1306 1862 neque
1343 1808 1554 1874 quidquam
1584 1809 1719 1859 opinor

1057 1838 1231 1917 pmpedit'
1253 1879 1330 1919 quo
1352 1867 1478 1903 minus
1499 1861 1520 1905 ὃ
1540 1861 1718 1916 ποταμὸς

1055 1936 1134 1960 non
1156 1923 1202 1960 de
1219 1925 1347 1974 Asopo
1367 1922 1435 1960 sed
1455 1922 1503 1959 de
1516 1922 1637 1960 Oeroe
1656 1934 1718 1959 ac-

1056 1981 1237 2031 cipiatur3
1271 1981 1337 2032 qni
1360 1981 1460 2017 rivus
1481 1992 1531 2016 ex
1557 1980 1633 2016 alto
1652 1979 1718 2016 Ci-

1054 2037 1239 2074 thaerone
1260 2036 1434 2087 delapsus
1447 2037 1486 2072 in
1507 2037 1716 2087 planitiem,

1059 2102 1146 2131 ante
1179 2096 1303 2145 ipsam
1336 2094 1617 2130 Plataeensium
1650 2105 1717 2128 ur-

1055 2151 1145 2187 bem
1164 2151 1203 2186 iu
1225 2150 1319 2187 duos
1341 2149 1481 2187 divisus
1507 2162 1639 2185 amnes
1659 2149 1717 2185 ef-

1052 2207 1134 2244 ficit
1154 2208 1336 2253 insulam,
1373 2207 1412 2242 in
1443 2218 1561 2257 quam
1581 2206 1716 2242 Graeci

1051 2264 1211 2301 transire
1259 2262 1530 2309 decreverunt,
1577 2275 1716 2314 quam-

1054 2334 1129 2372 que
1151 2332 1352 2371 perperam
1373 2320 1466 2356 olim
1486 2320 1616 2370 Asopo
1635 2319 1716 2355 for-

1052 2378 1149 2414 mari
1181 2379 1379 2428 opinantes
1417 2377 1457 2412 in
1488 2377 1600 2413 variis
1634 2376 1715 2425 agri

1053 2435 1284 2471 Plataeensis
1305 2432 1620 2470 delineationibus
1641 2433 1714 2468 alio

1054 2504 1206 2542 prorsus
1235 2492 1320 2527 loco
1343 2488 1598 2526 exhibuerunt
1619 2501 1715 2540 geo-

1055 2547 1214 2599 graphi,
1237 2548 1361 2585 omnis
1383 2548 1548 2597 regionis
1568 2547 1714 2583 ratione

1054 2617 1230 2656 perversa
1265 2611 1301 2641 et
1332 2605 1447 2654 ipsius
1480 2616 1632 2654 pugnae
1652 2604 1714 2638 in-

1055 2663 1263 2711 telligentia
1302 2659 1496 2711 impedita.
1555 2660 1713 2696 Meliora

1056 2718 1208 2755 edocuit
1230 2720 1349 2754 Kruse
1371 2718 1417 2764 (l.
1439 2718 1464 2754 Ι.
1484 2719 1547 2761 11,
1583 2719 1599 2755 1
1624 2728 1712 2765 pag,

1057 2774 1133 2817 491
1154 2774 1303 2815 —493
1325 2775 1430 2812 Atlas
1455 2767 1513 2812 nr.
1537 2772 1604 2820 Vl)
1633 2773 1711 2822 ipse
