1839 3292
419 267 487 302 nn
516 264 642 302 VITA
670 264 743 300 ET
773 262 1006 300 sommus
1036 263 1317 301 HERODOTI.
1531 269 1617 310 385

135 377 199 416 bio
221 378 261 414 in
281 375 480 414 Chronico.
509 389 546 426 p.
567 376 643 414 169
665 375 734 411 sub
756 374 908 425 Olymp.
927 374 1145 410 LXXXIII.
1166 371 1203 412 4.
1234 369 1276 419 ²³)
1335 373 1482 413 Athenis
1510 376 1616 416 habi..

135 441 215 472 tam
255 441 291 470 et
327 431 504 484 quidem,
543 433 573 468 si
595 444 683 468 vore
709 430 834 481 prodit
869 431 1074 478 Eusebius,
1115 443 1214 466 anno
1242 443 1276 467 a.
1300 428 1390 469 Chr.
1413 445 1454 473 n.
1483 432 1564 475 445
1587 450 1615 473 s.

136 491 287 541 Olymp.
306 490 522 535 LXXXIII,
541 485 580 534 4,
613 494 688 534 aut,
713 500 810 538 quae
832 487 1015 537 Scaligeri
1036 486 1098 533 (ad
1121 487 1262 524 Euseb.
1282 488 1307 523 l.
1328 486 1375 537 l.)
1412 496 1466 525 est
1488 491 1616 540 opinio

135 545 372 583 Herodotum
401 557 628 595 magnorum
652 543 1008 580 Panathenaeorum
1031 544 1264 580 solemnibus
1293 545 1466 582 recitasse
1495 548 1620 597 suspi-

136 603 265 648 cantis,
287 615 386 639 anuo
407 603 555 652 Olymp.
567 601 783 645 LXXXIII,
805 602 829 639 3
850 613 876 636 s.
900 598 979 639 446
996 612 1029 635 a.
1053 598 1140 635 Chr.
1164 613 1217 647 n.,
1239 613 1470 652 quamquam
1491 603 1618 641 iudice

135 661 262 710 Heyse
296 672 332 709 p.
364 658 415 698 54
446 657 541 694 nihil
575 663 674 692 certe
697 657 837 703 obstat,
874 668 948 706 quo
983 657 1106 692 zniuus
1135 657 1395 693 recitationem
1420 658 1619 696 Panathe-

134 728 322 752 naeorum
341 716 532 750 minorum
554 712 648 748 festo
670 712 870 763 quotannis
900 712 1082 748 celebrari
1106 712 1215 748 solito
1236 711 1406 749 habitam
1430 729 1509 752 esse
1533 718 1619 753 exi—-

134 772 353 809 stimemus:
385 777 544 821 utroque
564 769 666 804 euim
685 770 724 804 in
746 767 841 804 festo
870 770 1017 818 poetica
1039 774 1075 804 et
1094 769 1236 804 musica
1253 771 1458 807 certamina
1487 773 1617 811 locum

138 826 316 865 habuisse
351 833 508 863 constat.
574 823 660 862 Vid.
695 827 820 876 Heyse
853 825 877 861 l.
905 825 929 864 l.
988 824 1069 870 Qu&
1089 826 1129 860 in
1145 827 1364 862 recitatione
1392 827 1517 865 Attica
1537 843 1618 867 non

137 885 246 920 aliter
270 890 382 934 atque
415 883 454 918 in
475 882 696 931 Olympiaca
716 894 801 917 eam
823 882 945 931 operis
966 888 1112 931 partem
1128 910 1137 928 ,
1171 895 1286 933 quam
1308 883 1538 922 elaboratam
1559 894 1619 924 at·-

136 953 213 993 que
231 946 399 990 paratam
420 937 551 975 habuit
570 939 747 988 scriptor,
784 938 1014 988 praelectam
1034 939 1147 974 fuisse
1160 967 1171 986 ,
1203 940 1334 990 utique
1354 939 1503 978 videtur
1523 956 1618 980 con·-

136 1003 380 1034 sentaneum:
413 1008 509 1046 quae
531 1001 660 1031 tamen
690 994 801 1030 fuerit
819 995 887 1030 ista
908 1007 1011 1045 pars,
1039 1008 1117 1031 non
1138 996 1260 1045 inagis
1290 994 1413 1033 habeo
1434 1005 1537 1036 certo
1559 999 1620 1037 di-

137 1064 223 1090 cere
243 1065 358 1104 quam
380 1053 517 1103 Heyse,
540 1052 605 1102 qui
624 1058 737 1099 recte,
759 1052 904 1101 opinor,
919 1053 1126 1088 sicstatuit:
1157 1053 1246 1100 „vel
1265 1054 1434 1090 maxime
1455 1068 1620 1094 consen-

137 1115 320 1157 „taneum
335 1107 495 1155 videtur,
511 1120 594 1143 eam
615 1107 850 1157 potissimum
861 1114 1006 1157 partem
1027 1106 1097 1144 hac
1118 1109 1314 1145 occasione
1334 1110 1373 1146 iu
1393 1111 1520 1148 lucem
1541 1127 1620 1151 esse

138 1172 409 1216 „protractam,
425 1177 521 1216 quae
538 1165 716 1200 Graeciae
729 1171 764 1200 et
784 1171 871 1200 ante
882 1177 1013 1200 omnes
1027 1163 1318 1201 Atheniensium
1327 1166 1473 1204 fortiter
1484 1176 1519 1205 et
1534 1170 1631 1220 glo--

139 1222 261 1271 „riose
290 1221 389 1257 facta
419 1221 637 1257 enarrabat:
677 1221 826 1256 Persica
856 1219 939 1256 dico
965 1221 1076 1258 bella.
1144 1221 1315 1266 Quorum
1345 1227 1620 1264 enarrationem

140 1279 197 1326 „si
226 1277 411 1314 audivisse
435 1278 604 1313 statueris
623 1275 886 1324 Athenienses,
907 1277 1016 1313 facile
1037 1278 1234 1328 intelliges,
1266 1292 1333 1315 cur
1353 1293 1430 1316 non
1452 1283 1536 1320 satis
1551 1283 1622 1321 sibi

140 1333 368 1382 „habuerint
386 1333 560 1370 laudibus
582 1340 618 1369 et
641 1334 775 1383 plausu
794 1340 1011 1383 prosecutos
1032 1347 1110 1370 esse
1130 1341 1346 1384 auctorem,
1376 1336 1441 1373 sed
1469 1339 1623 1390 insuper

140 1392 337 1441 „praemio
369 1403 457 1426 eum
491 1389 723 1426 donaverint.
782 1391 1004 1426 Praemium
1051 1390 1152 1426 enim
1183 1393 1351 1429 retulisse
1383 1394 1624 1434 Herodotum

141 1461 294 1498 „neque
319 1460 387 1497 per
406 1460 445 1483 se
459 1447 708 1496 improbabile
725 1452 799 1494 est,
822 1460 946 1497 neque
966 1459 1153 1496 magnum
1169 1448 1294 1484 virum
1316 1448 1484 1499 dedecet,
1506 1453 1624 1491 modo

142 1517 218 1551 „ne
234 1510 452 1552 corruptum
472 1502 539 1539 sed
560 1509 735 1538 ornatum
753 1501 826 1539 hoc
841 1504 961 1553 pretio
984 1516 1072 1539 eum
1087 1505 1240 1553 pules.“
1259 1501 1332 1553 ἐμὲ)
1364 1507 1412 1542 Et
1432 1505 1521 1545 hinc
1541 1510 1623 1546 for-

141 1566 238 1597 tasse
268 1561 453 1609 originem
474 1561 544 1596 ista
573 1560 672 1609 cepit
691 1559 792 1595 fama
808 1588 818 1607 ,
850 1560 925 1610 quit
950 1561 990 1595 iu
1021 1559 1175 1597 historia
1197 1559 1492 1601 Atheniensibus
1511 1566 1625 1604 nimis

142 1616 297 1664 favisse,
338 1616 531 1666 Spartanis
560 1615 752 1652 infensum
780 1616 892 1652 fuisse
922 1616 1159 1653 Herodotum
1190 1618 1425 1668 clamabant,
1459 1623 1628 1671 partium

141 1673 224 1710 scil.
245 1671 372 1709 studio
392 1671 612 1708 abductum.
671 1673 775 1717 Quae
806 1685 921 1724 quam
950 1674 1073 1710 inanis
1093 1674 1138 1710 sit
1159 1674 1370 1712 criminatio
1402 1683 1515 1729 atque
1534 1679 1628 1716 futi-

140 1729 198 1777 lis,
251 1730 336 1766 satis
367 1727 556 1765 docebunt
587 1727 635 1764 ad
663 1730 725 1775 VI,
760 1731 853 1770 108.
895 1730 975 1777 VII,
1000 1733 1093 1771 102.
1124 1730 1224 1779 VIII,
1253 1734 1292 1771 2.
1327 1734 1420 1772 139.
1452 1736 1520 1780 IX,
1573 1738 1624 1776 21

141 1792 286 1822 notata.
333 1785 436 1830 Quae
456 1798 546 1822 vero
566 1785 638 1821 Dio
660 1784 948 1836 Chrysostomus
969 1786 1082 1823 tradit
1106 1787 1146 1823 in
1168 1788 1270 1825 Orat.
1296 1789 1483 1827 XXXVII
1511 1793 1563 1829 Τ.
1592 1793 1628 1828 II

141 1855 180 1892 p.
204 1844 295 1889 103,
324 1848 480 1877 tractata
500 1854 520 1877 a
536 1842 643 1878 nobis
662 1842 701 1878 in
722 1848 818 1878 nott.
841 1841 889 1878 ad
909 1843 1006 1892 VIII,
1028 1841 1092 1889 94,
1124 1856 1188 1891 ea,
1210 1845 1241 1881 si
1268 1844 1362 1896 quid
1382 1848 1461 1883 veri
1489 1849 1627 1899 subest,

142 1897 184 1934 id
204 1910 337 1944 unum,
369 1899 525 1948 opinor,
557 1897 706 1946 docent,
739 1897 978 1934 Herodotum
998 1898 1134 1934 eodem
1164 1899 1301 1948 modo,
1332 1915 1408 1953 quo
1430 1905 1629 1956 Olympiae

145 1960 258 2004 atque
273 1953 444 2001 Athenis,
466 1954 626 1991 Corinthi
646 1967 800 2006 quoque
828 1953 1069 1991 historiarum
1089 1963 1249 2005 partem,
1283 1971 1358 2009 quo
1389 1961 1540 1997 Graecis
1566 1962 1629 1997 iu-

145 2017 356 2046 notesceret
387 2023 480 2060 opus
506 2023 642 2058 suum,
672 2011 910 2061 praelegisse.
969 2012 1079 2048 Conf.
1108 2013 1234 2064 Heyse
1266 2014 1291 2050 l.
1313 2015 1338 2052 l.
1364 2028 1449 2066 pag.
1471 2017 1523 2056 58
1548 2030 1629 2068 seq.

147 2067 247 2110 Quin
266 2065 393 2103 Thebis
414 2079 566 2118 quoque
586 2068 767 2103 Nostrum
787 2069 959 2104 recitasse
980 2069 1175 2119 suspiceris
1205 2083 1226 2106 e
1249 2071 1444 2108 Plutarchi
1464 2073 1549 2109 loco
1569 2075 1628 2110 De

144 2121 288 2160 Herod.
316 2123 501 2174 malignit.
533 2125 701 2175 cap-31,
719 2124 791 2161 nisi
816 2122 911 2162 haec
931 2132 1010 2162 tota
1029 2127 1194 2163 narratio
1224 2139 1245 2162 a
1264 2129 1478 2178 posterioris
1499 2131 1628 2168 aetatis

148 2320 286 2365 βοηθεῖ
307 2321 359 2366 τῷ
380 2318 566 2366 “Ηροδότῳ
589 2320 684 2366 πρὸς
708 2320 848 2367 ἐκείνην
876 2321 946 2367 τὴν
971 2323 1168 2368 διαβολὴν,
1218 2322 1266 2370 ἣν
1303 2325 1372 2370 ἔχει
1403 2326 1629 2368 κολακεύσας

148 2363 237 2404 τοῦς
253 2364 485 2409 Ἀθηναίους,
503 2365 678 2411 ἀργύριον
694 2368 787 2402 πολὺ
810 2369 935 2414 λαβεῖν
954 2369 1039 2414 παρ’
1058 2368 1201 2404 αὐτῶν·
1227 2372 1262 2405 εἰ
1275 2371 1344 2416 γάρ
1367 2370 1506 2416 οἷνέγνω
1524 2373 1627 2408 ταῦτ’

148 2408 384 2454 Ἀθηναίοις,
418 2410 484 2446 ου’-ἰ
500 2409 546 2446 ἂν
567 2413 696 2447 εἴασαν
719 2412 806 2448 οὐδὲ
823 2416 1021 2459 περιεῖδον,
1048 2413 1158 2462 ἐνάτῃ
1176 2415 1241 2451 τὸν
1266 2420 1488 2462 Φιλιππίδην
1503 2432 1629 2463 παροι-

149 2457 334 2490 καλοῦντα
364 2458 679 2501 Λακεδαιμονίους
708 2458 768 2493 ἐπὶ
794 2458 863 2503 τήν
890 2459 1009 2504 μοέχην
1026 2459 1063 2495 ἐκ
1084 2464 1149 2505 τῆς
1166 2461 1282 2506 μάχης
1305 2464 1541 2508 γεγξνημένον
1565 2465 1638 2500 καὶ

149 2502 291 2542 ταῦτα,
329 2502 538 2545 δευτεραῖον
556 2505 606 2544 εἰς
621 2503 798 2550 Σπάρτην
818 2505 855 2548 ἐξ
873 2504 1033 2549 Ἀθηνῶν
1064 2506 1132 2551 (ὠς
1162 2507 1277 2548 αὐτός
1307 2513 1448 2554 φησιν)
1478 2510 1627 2554 ἀπιγμέ-

149 2559 234 2581 νον·
261 2547 294 2580 εἰ
312 2545 358 2590 μὴ
378 2547 468 2590 μετὰ
486 2547 529 2583 τὸ
547 2551 692 2594 νικῆσαι
711 2550 800 2591 τούς
818 2553 1013 2595 πολεμίους
1030 2550 1226 2596 Ἀθηναῖοι
1247 2554 1518 2598 μετεπέμποντο
1537 2555 1628 2596 τούς

151 2590 376 2635 συμμάχους·
401 2589 458 2627 ὅτι
473 2593 597 2636 μέντοι
611 2595 699 2630 δέκα
715 2595 879 2631 τάλαντα
895 2598 1036 2639 δωρεὰν
1064 2597 1190 2644 ἔλαβεν
1213 2597 1248 2641 ἐξ
1271 2597 1446 2643 Ἀθηνῶν,
1471 2599 1626 2636 Ἀνύτου

150 2636 193 2672 τό
220 2637 394 2681 ψήφισμα
419 2637 650 2683 γράψαντος,
695 2640 790 2688 ἀνὴρ
821 2641 1022 2687 Ἀθηναῖος
1057 2642 1101 2677 οὐ
1141 2646 1215 2678 τῶν
1248 2645 1558 2691 παρημελημένων
1587 2647 1627 2683 ἐν

151 2683 294 2729 ἱστορίᾳ
310 2685 462 2723 Δίυλλος
484 2685 635 2730 εἴρηκεν.

243 2754 277 2796 *)
300 2751 368 2805 Ubj
390 2751 475 2785 haec
497 2753 653 2797 legimus:
673 2753 873 2799 “Ηρο’δοτος
892 2754 1047 2802 ἐτιμήθη
1066 2756 1167 2802 παρὰ
1186 2758 1260 2792 τῶν
1279 2756 1478 2804 Ἀθηναίων
1493 2758 1634 2807 βουλῆς

152 2795 383 2842 ἐπαναγνους
403 2795 530 2838 αὐτοῖς
546 2797 614 2839 τὰς
631 2799 790 2846 βίβλους.

246 2865 302 2909 **)
339 2865 414 2900 vid.
438 2866 462 2901 1.
485 2866 508 2901 1.
532 2878 564 2912 p.
587 2867 641 2903 56.

211 2915 433 2953 HERODOT.
452 2914 521 2954 IV.
1269 2921 1324 2961 25
