1839 3292
403 216 460 255 31
807 198 1266 242 HERODOTl

74 325 351 386 ΞξζῗῑἹῆῗξξξζξζιω
378 320 635 378 Ξδεόμενοι,
673 316 748 360 καὶ
784 311 953 366 ἐνεργοὶ
993 304 1254 364 βουλόμενοι
1297 301 1423 348 εἶναι.
1495 302 1728 357 ἄγοντες35

76 389 353 454 ξ’ᾗῆῗξζζζῗξεῖἷζᾞζξ
410 391 456 435 δὲ
494 388 676 435 τούτους
712 384 755 432 ές
794 381 896 430 ὄψιν
938 376 1015 433 τὴν
1042 374 1264 432 βασιλέος,
1294 370 1598 416 ἐπυνθάνοντο
1630 371 1674 412 οῖ

78 466 268 522 ᾗζζξῬῐθὲο
289 457 354 485 ¹³⁸¹‘
412 460 579 511 Πέρσαι
615 452 711 504 περὶ
745 453 834 492 τῶν
868 444 1087 500 Ἑλλήνων
1123 442 1175 486 τοὶ
1207 441 1420 484 ποιέοιεν·
1453 438 1511 490 εἷς
1537 439 1582 481 δέ
1611 454 1674 488 τις

380 525 499 580 δπρὸ
531 520 708 565 πάντων
740 511 794 572 ἦν
828 515 851 559 ὁ
883 513 1096 567 εἰρωτέων
1130 508 1292 559 αὐτοὺς
1322 510 1472 550 ταῦτα.
1543 507 1596 550 Οἱ
1627 505 1674 548 δέ

411 607 491 650 σφι
520 592 692 644 ἔλεγον,
725 584 782 636 ὠς
808 581 1022 638 Ὀλύμπια
1053 580 1222 636 ἄγοιεν,
1253 576 1326 620 καὶ
1355 574 1591 628 θεωρέοιεν
1620 578 1675 617 οὶ-

411 665 531 718 γῶνα
559 653 774 714 γυμνικόν
805 652 878 695 καὶ
920 648 1115 693 ἱππικόν.
1155 645 1177 690 ὁ
1210 647 1255 689 δὲ
1286 645 1473 697 ἐπείρετο
1506 639 1530 684 ὅ
1559 657 1600 683 τι
1628 640 1732 682 τό4ο

414 729 576 774 ἄεθλον
606 725 669 779 εἴη
700 734 780 778 σφι
809 721 1022 775 κείμενον,
1053 716 1150 770 περὶ
1168 715 1268 758 ὅτευ
1292 711 1601 769 ἀγωνίζονται·
1632 709 1677 752 οἱ

361 836 633 848 φρμη.

362 907 634 945 memorantur,
655 894 869 946 transfugas
885 906 933 930 ex
949 893 1020 929 Ca-

365 975 432 1014 rya
453 958 635 997 Arcadiae
658 952 797 1004 oppido
827 950 1021 987 advenisse

364 1026 529 1057 statuens
551 1013 717 1061 lleringa
748 1010 835 1046 Obs.
857 1008 960 1044 Critt.
983 1021 1023 1057 p.

372 1075 450 1115 156
470 1069 683 1110 testimonio
704 1067 873 1102 maxime
892 1065 1025 1101 Vitru-

369 1133 420 1170 vii
450 1142 537 1166 usus
570 1132 659 1172 erat,
688 1124 753 1176 qni
774 1124 836 1159 lib.
857 1122 874 1157 I
894 1134 977 1171 cap.
1003 1122 1022 1159 1

367 1189 551 1236 originem
583 1181 829 1232 Caryatidum,
861 1190 958 1230 quae
985 1177 1026 1212 in

368 1244 618 1282 architectura
629 1236 1028 1286 vocantur,expositu-

368 1315 443 1349 rus,
461 1300 590 1350 Carya,
604 1297 666 1343 ait,
680 1296 806 1332 civitas
819 1292 1029 1342 Peloponne-

371 1361 413 1405 si,
453 1369 528 1394 cum
573 1354 690 1392 Persis
725 1351 878 1388 hostibus
908 1350 1031 1385 contra

376 1415 565 1453 Graeciam
584 1409 792 1447 consensit.“
817 1406 848 1444 S
857 1420 873 1442 c
885 1405 906 1442 Ιι
917 1418 947 1442 w
959 1417 985 1453 g
997 1403 1032 1440 h.

376 1474 504 1522 Atque
524 1469 713 1516 Heringae
733 1463 919 1503 sententia
948 1462 1032 1512 pla-

379 1530 457 1566 cuit
476 1538 626 1579 quoque
645 1522 849 1560 Larchero.
907 1520 1033 1555 Hero-

379 1584 470 1622 doto
507 1582 547 1619 hi
577 1578 943 1628 Arcmles1caryatae
974 1573 1035 1611 di-

381 1648 518 1679 cuntur
550 1639 638 1690 βίου
675 1650 714 1675 τε
751 1631 932 1685 δεόμενοι
967 1628 1035 1670 καὶ

383 1694 536 1749 ἐνεργοὶ
565 1689 800 1746 βουλόμενοι
823 1687 944 1730 sivan:
979 1688 1037 1725 vi-

382 1759 460 1791 ctus
493 1755 627 1801 egentes
658 1754 689 1786 et
716 1752 756 1787 in
774 1747 910 1797 agendo
947 1743 1039 1782 desi-

386 1811 546 1848 derantes
571 1809 744 1857 occupari,
773 1804 900 1856 prouti
919 1801 1039 1852 accipi

386 1868 468 1906 vult
486 1863 732 1903 Valckenaer.
755 1862 802 1899 de
822 1872 916 1899 voce
931 1858 1040 1910 ἐνερ-

389 1921 458 1977 γός
481 1923 589 1973 plura
618 1919 807 1968 adiiciens,
838 1930 936 1969 quae
964 1915 1041 1952 mi-

388 1993 460 2017 nus
486 1979 559 2016 huc
582 1977 783 2028 pertinent.
844 1975 910 2011 Tu
941 1970 1043 2010 conf.

390 2036 438 2074 de
462 2037 540 2087 ipsa
571 2047 610 2070 re
641 2046 736 2084 quae
771 2031 965 2069 attulimus
999 2027 1047 2065 ad

388 2094 472 2140 VII,
494 2093 586 2138 206,
617 2096 653 2126 et
690 2088 766 2127 vid.
792 2083 1049 2124 Meiueke'ad

391 2147 628 2200 Euphorion.
646 2160 683 2196 p,
699 2147 844 2186 190.-
866 2143 1051 2180 Locutio-

391 2219 484 2244 uem
505 2202 595 2256 βίου
612 2198 790 2254 δεόμενοι
805 2201 938 2251 Negris
952 2201 1052 2236 bene

394 2263 662 2313 interpretatur
711 2253 916 2309 χρήζοντες
972 2257 1052 2294 τῶν

395 2316 498 2371 πρός
532 2313 635 2366 ζωήν
659 2310 912 2365 α’ναγκαίων,
959 2319 1002 2349 ut
1022 2313 1051 2360 I,

397 2380 466 2417 30.
522 2376 566 2410 In
585 2372 758 2423 proxime
778 2383 880 2421 seqq.
901 2381 1054 2406 revoca-

398 2434 437 2470 vi
469 2427 653 2483 ὄὲγοντεςς
694 2439 772 2463 una
794 2426 950 2473 Aldina,
992 2425 1054 2462 cui

400 2488 646 2538 adstipulatur
673 2483 911 2520 Florentinus
925 2510 936 2527 ‚
958 2476 1056 2531 (ἔγα-

400 2541 547 2595 γόντες,
569 2539 673 2594 qnod
689 2538 841 2579 Schaef.
859 2546 895 2575 et
921 2536 1055 2574 Matth.

402 2602 645 2636 retinuerunt.

462 2697 509 2737 τὰ
528 2698 717 2746 ποιέοιεν]
738 2698 813 2734 Dro
832 2693 880 2735 τὰ
900 2695 1060 2731 Floren-

406 2757 507 2792 tinus
527 2756 619 2791 liber
639 2754 747 2791 affert
769 2753 806 2793 τὶ
829 2760 866 2790 et
882 2765 948 2804 pro
970 2766 1061 2790 ποι-

408 2812 508 2852 πόιεν
538 2824 651 2862 prave
681 2809 744 2847 dat
771 2808 943 2859 ποιέεινς
987 2814 1060 2845 tres

1076 890 1138 927 alii
1155 886 1264 926 codd.
1279 885 1370 923 dant
1391 901 1427 924 τι
1443 881 1617 923 ποιέοιεν
1637 894 1735 918 unns

1076 949 1171 984 liber
1186 958 1274 983 cum
1288 943 1462 981 Choricio
1476 942 1539 977 Or.
1549 942 1586 976 in
1595 951 1737 979 summ.

1078 1007 1176 1042 Duc.
1199 1016 1232 1044 c.
1254 1004 1307 1041 22
1326 997 1368 1048 ’6,
1401 1014 1437 1038 τι
1457 997 1645 1036 ποιέοιεν.

1140 1078 1194 1129 εἷς
1224 1080 1265 1120 δέ
1293 1081 1376 1128 τις]
1423 1074 1740 1116 Τι’ῖΐαηΐαεεῆιηεηι

1081 1141 1194 1177 fuisse
1228 1138 1425 1188 sequentia
1452 1134 1644 1172 declarare
1680 1132 1741 1167 vi-

1083 1197 1232 1235 dentur.
1280 1194 1325 1230 In
1350 1206 1457 1244 seqq.
1486 1203 1554 1242 pro
1593 1186 1740 1241 ἄγοιεν,

1085 1252 1190 1306 quod
1227 1257 1384 1287 tuentur
1411 1248 1604 1285 Mediceus
1633 1245 1742 1290 liber,

1085 1309 1349 1353 Florentinus,
1373 1307 1456 1353 alii,
1490 1301 1632 1356 ἄγουσι
1653 1300 1744 1338 dant

1088 1366 1244 1420 quidam
1273 1365 1371 1412 libri,
1403 1375 1481 1400 non
1504 1359 1746 1411 improbante

1090 1421 1467 1472 Schweighaeusero.
1498 1416 1593 1454 Mihi
1614 1414 1746 1466 displi-

1089 1488 1160 1520 cet.
1219 1481 1295 1516 Pro
1320 1477 1504 1529 κείμενον
1527 1475 1619 1511 olim
1638 1473 1747 1521 lege-

1087 1540 1198 1577 batur
1208 1535 1482 1586 προκείμενον,
1493 1530 1637 1582 scriptis
1649 1540 1749 1580 quo-

1090 1609 1164 1648 que
1197 1594 1298 1630 libris
1328 1591 1478 1637 invitis,
1521 1589 1552 1626 si
1592 1584 1750 1639 quidem

1090 1651 1255 1702 simplex
1281 1652 1443 1688 κεῖσθαι
1468 1646 1584 1682 etiam
1615 1642 1751 1680 dicitur

1094 1709 1141 1747 de
1161 1707 1338 1759 praemiis
1363 1706 1402 1741 in
1429 1702 1636 1740 certamine
1660 1711 1753 1750 pro-

1093 1766 1236 1818 positis.
1266 1762 1377 1800 Conf.
1393 1761 1493 1806 VIII,
1511 1761 1563 1799 93
1585 1764 1621 1794 et
1641 1754 1754 1792 adhi-

1093 1825 1143 1860 be
1170 1820 1346 1859 Creuzeri
1372 1823 1518 1855 annott.
1547 1813 1596 1851 ad
1615 1813 1755 1849 Plotin.

1097 1879 1145 1917 de
1166 1878 1312 1930 pulerit.
1328 1890 1366 1926 p.
1381 1873 1475 1924 324,
1504 1872 1571 1909 ubi
1585 1875 1760 1908 nostrum

1097 1938 1227 1974 locum
1247 1934 1381 1984 attigit.

1156 2012 1246 2067 περὶ
1268 2009 1356 2054 ὅτευ
1379 2004 1658 2062 ἅγωνίζονται]
1674 2005 1762 2040 Duo

1104 2071 1215 2110 codd.
1236 2069 1325 2122 περὶ
1347 2065 1456 2112 ὅτεω,
1479 2076 1573 2115 quos
1589 2061 1762 2098 debuisse

1104 2129 1266 2168 scribere
1294 2122 1384 2175 περὶ
1415 2118 1512 2173 ὅτεῳ
1533 2116 1656 2171 (quod
1678 2119 1763 2154 Ho-

1104 2185 1202 2223 meri
1233 2195 1282 2219 ex
1308 2193 1380 2218 usu
1410 2177 1513 2215 idem
1539 2177 1619 2213 sere
1649 2180 1765 2225 atque

1106 2239 1207 2290 ὑπὲρ
1242 2235 1354 2285 ὅτου,
1403 2233 1535 2285 Odyss.
1573 2233 1632 2280 II,
1671 2229 1765 2270 245.

1106 2298 1227 2343 XVII,
1248 2293 1342 2335 471.
1363 2292 1499 2337 XVIII,
1513 2289 1626 2337 402),
1643 2298 1768 2323 anno-

1107 2362 1162 2393 tat
1189 2348 1538 2400 Schweighaeuser.
1578 2346 1644 2382 Tu
1664 2342 1767 2382 conf,

1110 2411 1158 2449 de
1190 2410 1311 2447 forma
1340 2403 1427 2446 ὅτευ
1462 2409 1559 2440 nott.
1593 2399 1641 2438 ad
1666 2401 1696 2447 1,
1725 2401 1767 2439 7.

1109 2467 1171 2506 Ad
1192 2464 1438 2503 indicativum
1461 2456 1769 2511 ἆγωνίζονταιίιι

1110 2526 1176 2562 tali
1200 2520 1494 2570 interrogatione
1520 2515 1620 2553 conf.
1651 2513 1697 2561 V,
1728 2514 1769 2552 6.

1112 2576 1312 2627 VIII,134,
1333 2590 1381 2612 ne
1401 2576 1519 2626 plura.
1550 2570 1662 2618 Quod
1679 2581 1770 2606 vero

1114 2638 1153 2673 in
1173 2635 1346 2687 proxime
1365 2646 1469 2684 seqq.
1490 2642 1558 2680 pro
1578 2625 1647 2668 τὸν
1666 2621 1772 2666 διδό-

1115 2707 1236 2745 μενον
1258 2690 1453 2740 στέφτινον
1473 2684 1655 2724 Valcken.
1676 2695 1772 2719 con-

1116 2751 1202 2787 iecit
1229 2745 1295 2786 τὸν
1328 2741 1528 2801 ᾀδόμενον
1561 2739 1770 2789 στέφανον,

1118 2817 1299 2844 coronam
1319 2804 1418 2841 iilam
1438 2807 1656 2854 poetarum,
1676 2797 1773 2833 Pin-
