1839 3292
235 297 300 343 18

32 362 92 388 lani
113 360 223 389 Gracci
242 361 279 389 de

32 395 159 422 statione
188 394 225 421 ad
253 398 306 422 Ar-

32 430 180 456 temisium
200 428 287 456 rolin-

32 462 150 496 quenda
161 463 240 489 serio
257 471 305 491 co-

32 497 174 530 girantes,

243 707 308 752 19

37 771 162 807 primum
195 771 312 799 Euboe-

37 807 150 832 rustum
169 813 289 840 greges,

37 843 140 866 contra
163 839 276 865 maruli

38 873 178 900 monitum
203 873 232 900 iu
251 872 311 900 Eu-

363 189 419 227 24

761 185 1223 222 11151‘20130'1‘1

465 295 540 345 Ὡς
580 295 624 337 δὲ
663 294 917 349 διέστησαν,
960 292 1140 348 ἄσμενοι
1179 291 1374 346 ἑκάτεροι
1415 292 1458 344 ἐς
1489 292 1628 349 ὅρμον

362 362 605 420 ἠπείγοντο.

665 364 707 404 οί
738 363 782 404 δὲ
810 363 1028 415 ”Ελληνες,
1074 359 1132 411 ὠς
1159 361 1453 415 διακριθέντες
1479 362 1525 404 ἐκ
1554 366 1630 418 τῆς

364 432 606 486 ναυμαχίης
638 429 990 484 ἀπηλλάχθησαν,
1021 431 1108 470 τῶν
1138 428 1215 483 μὲν
1244 433 1414 482 νεκρῶν
1444 430 1517 472 καὶ
1541 435 1630 472 τῶν

363 501 583 556 ναυηγίων
606 496 887 549 ἐπεκράτεον·
917 495 1104 552 τρηχέως
1136 497 1180 539 ὁὲ
1203 497 1530 552 περιεφθέντες,
1560 498 1688 541 καὶ30

367 566 449 611 οὐκ
478 565 632 620 ἥκιστα
651 563 890 620 Ἀθηναῖοι,
919 569 1006 607 τῶν
1038 566 1083 606 αἱ
1112 563 1283 619 ἡμίσεαι
1313 569 1401 607 τῶν
1430 568 1544 607 νεῶν
1571 580 1630 607 τε-

366 634 579 689 τρωμέναι
616 629 752 687 ἦσαν,
785 633 980 688 δρησμὸν
1021 633 1073 688 δή
1106 632 1340 687 ἐβούλευον
1370 633 1451 676 ἔσω
1483 633 1524 683 ἐς
1553 633 1634 688 τὴν

360 701 555 745 Ἑλλάδα.

619 701 727 757 Νόῳ
773 701 817 743 δὲ
857 699 1005 754 λαβὼν
1043 699 1067 743 ὁ
1112 700 1442 756 Θεμιστοκλέης,
1486 701 1556 753 ὥς,
1598 701 1633 743 εἰ

371 770 641 824 ἀπορραγείη
674 767 757 811 ιῖπό
789 772 870 811 τοῦ
899 767 1131 824 βαρβάρου
1171 768 1220 812 τό
1252 786 1295 812 τε
1322 767 1518 812 Ἰωνικὸν
1549 773 1633 824 φῦ-

367 843 446 882 λον
475 837 545 882 καὶ
575 836 619 881 τό
656 837 862 892 Καρικόν,
895 833 1044 880 οἷοίτε
1075 838 1225 894 εἴησαν
1255 841 1343 880 τῶν
1372 841 1538 880 λοιπῶν
1557 854 1635 881 κα-

316 1040 439 1075 litasse
451 1035 586 1074 dicitur
601 1035 690 1081 sive7
706 1040 747 1071 nt
764 1033 865 1085 apud
876 1035 973 1071 Plu-

319 1094 436 1132 tarch.
465 1093 587 1130 Alcib.
620 1095 638 1131 1
675 1091 974 1141 legin1us‚i‹520-

318 1148 438 1203 στόλῳ
470 1145 645 1200 τριήρει;
693 1148 796 1200 quod
836 1147 974 1185 eodem

315 1222 403 1246 sane
424 1205 532 1243 redit.
591 1207 669 1241 Nec
689 1206 762 1241 alio
781 1219 893 1242 sensu
914 1205 976 1245 οἰ-

315 1265 429 1304 κείαν
445 1265 549 1302 ναῦν
568 1260 664 1298 dixit
694 1263 900 1298 Pausanias
922 1263 975 1310 X,

317 1323 343 1360 9
366 1322 402 1366 ξ.
425 1322 461 1368 1,
484 1332 601 1371 quam
621 1314 844 1357 ἰδιόστολον
865 1325 976 1356 vocat

316 1375 512 1416 Plutarch.
544 1373 732 1411 Alexand.
762 1373 815 1414 34
835 1388 873 1424 p.
895 1374 977 1415 685

317 1435 367 1472 D.
424 1434 552 1478 Quum
579 1432 683 1467 enim
711 1429 870 1468 Athenis
890 1433 979 1478 fres-

319 1490 472 1541 publica
509 1490 590 1538 ipsa
626 1488 824 1538 praeberet
863 1501 978 1525 naves

319 1547 472 1584 bellicas
508 1558 529 1581 a
557 1545 714 1594 singulis
745 1545 889 1582 civibus
921 1543 981 1581 di-

321 1603 476 1640 tioribus
512 1608 613 1638 certo
649 1599 818 1652 quodam
848 1599 981 1638 ordine

322 1657 560 1697 instruendas
578 1659 688 1694 armis
703 1672 744 1694 ac
757 1658 902 1710 reliquo
912 1671 982 1709 ap-

324 1723 470 1768 paratu,
495 1715 688 1765 sigillatim
708 1723 982 1763 memorantur,

326 1774 392 1824 qui
412 1772 638 1823 gravissimis
659 1773 891 1822 temporibus
921 1785 984 1808 re-

326 1842 490 1881 rumque
539 1827 814 1865 discriminibus
868 1841 984 1865 naves

326 1888 425 1937 ipsas
445 1885 520 1922 suis
549 1885 730 1935 impensis
751 1891 984 1922 constructas

328 1951 365 1980 et
387 1949 535 1979 ornatas
557 1948 738 1992 apparatu
773 1943 982 1979 necessario

328 1998 397 2049 (id
428 2006 482 2036 est
514 1995 760 2044 ἰδιοστόλους
791 1995 983 2050 τριήρεις)

326 2055 636 2106 suppeditarunt3
668 2067 743 2106 quo
772 2056 852 2106 ipso
875 2069 986 2105 egre-

327 2114 436 2163 gium
464 2112 521 2148 sui
550 2113 590 2148 in
610 2113 770 2161 patriam
799 2111 913 2149 studii
932 2119 988 2149 te-

327 2170 548 2206 stimonium
590 2167 768 2204 exhibere
797 2169 989 2219 putaban-

328 2234 404 2263 tur.
461 2224 571 2262 Conf,
591 2225 715 2262 Wolf.
738 2226 917 2276 Prolegg.
940 2225 989 2262 ad

331 2281 580 2319 Demosthen.
599 2282 751 2332 Leptin.
773 2296 810 2332 p.
833 2283 861 2319 C
883 2295 990 2334 seqq.

331 2341 483 2376 CXVII.
505 2339 644 2377 CXIX.
673 2337 847 2377 Boeckh.
867 2339 992 2378 Oeco-

332 2409 436 2434 nom.
457 2394 696 2433 Athenienss.
725 2409 763 2446 p.
784 2398 849 2438 90.

543 2487 635 2538 Cap.
646 2486 787 2523 lel.

390 2563 456 2609 Ὡς
487 2563 528 2603 δὲ
552 2563 780 2616 διέστησαν]
811 2564 870 2602 Cf.
889 2565 989 2613 VIII,

340 2623 390 2661 16
424 2627 459 2656 et
490 2620 537 2657 ad
562 2635 698 2660 vocem
727 2619 892 2672 ἅσμενοι
913 2624 990 2659 citt.

337 2676 386 2712 ad
405 2677 504 2723 Y111,
537 2677 600 2716 14.
656 2678 718 2715 Ad
746 2691 882 2715 vocem
909 2679 991 2718 δια-

336 2731 540 2785 κριθέντες
552 2734 600 2771 cf.
619 2742 712 2771 nott.
728 2734 992 2784 adV11‚219.3

392 2791 471 2828 τῶν
505 2786 578 2840 μὲν
614 2793 765 2843 νεκρῶν
805 2789 873 2831 καὶ
909 2794 992 2832 τῶν

1029 1035 1259 1086 ναυηγίων]
1320 1035 1426 1080 Quae
1467 1032 1602 1071 eadem
1639 1033 1692 1070 sic

1029 1093 1159 1129 iuncta
1179 1093 1389 1143 reperimus
1409 1092 1508 1136 Vni,
1532 1093 1594 1137 12,
1627 1091 1694 1126 ubi

1029 1148 1105 1186 vid.
1156 1149 1299 1186 Sedulo
1332 1155 1459 1185 autem
1479 1146 1695 1184 Herodotus

1030 1204 1186 1252 indicat,
1209 1204 1454 1242 cadaveribus
1475 1212 1511 1241 et
1537 1206 1695 1240 navium

1032 1263 1254 1312 fragmentis
1279 1274 1342 1298 eos
1363 1274 1441 1298 esse
1462 1264 1624 1312 potitos:
1665 1262 1697 1298 si

1034 1318 1191 1370 quidem
1221 1318 1260 1355 id
1288 1319 1487 1355 victoriam
1507 1316 1700 1354 indicabat

1032 1376 1223 1426 simulque
1270 1376 1453 1425 pietatem
1484 1373 1699 1411 declarabat

1036 1445 1125 1482 erga
1136 1438 1319 1479 mortuos,
1342 1432 1409 1483 qui
1429 1432 1527 1469 iusta
1547 1432 1700 1468 obtine-

1034 1496 1119 1525 rent
1140 1490 1334 1540 exsequia.

1093 1544 1264 1596 τρηχέως
1307 1542 1350 1584 δὲ
1385 1541 1699 1596 περιεφθέντες]

1039 1602 1150 1639 Conf.
1181 1608 1278 1642 nott.
1309 1600 1357 1638 ad
1386 1602 1431 1650 V,
1457 1607 1494 1642 1.
1551 1603 1608 1638 De
1629 1614 1702 1638 usu

1038 1660 1145 1696 verbi
1164 1655 1394 1708 τιτρώσκειν
1414 1658 1461 1695 de
1480 1660 1632 1696 navibus
1651 1658 1702 1695 cf.

1040 1717 1120 1754 citt.
1152 1714 1200 1752 ad
1228 1716 1309 1763 VII,
1340 1717 1434 1755 233.
1491 1717 1548 1751 De
1584 1716 1700 1752 verbo

1041 1768 1256 1824 ἐβούλευον
1285 1773 1432 1823 egimus
1462 1771 1511 1808 ad
1540 1773 1641 1821 vul,
1661 1772 1702 1813 4.

1267 1862 1360 1913 Cap.
1382 1863 1494 1900 XIX.

1103 1937 1166 1980 Νό
1174 1956 1202 1995 ῳ
1217 1938 1260 1980 δὲ
1279 1937 1390 1992 λαβαῖ
1396 1942 1435 1990 ν]
1447 1941 1703 1979 Locutionem

1042 1999 1147 2048 attigi
1178 1997 1226 2035 ad
1262 1999 1328 2046 111,
1358 1997 1426 2038 41.
1485 2000 1579 2036 Mox
1612 2012 1703 2036 cum

1043 2053 1263 2105 Schweigb.
1287 2062 1323 2091 et
1345 2055 1462 2092 Gaisf.
1496 2053 1585 2092 dedi
1604 2056 1704 2107 βαρ-

1043 2108 1185 2164 βάρου,
1207 2110 1309 2163 quod
1326 2112 1411 2147 libri
1429 2112 1557 2162 scripti
1577 2125 1704 2164 quan—

1043 2176 1128 2206 tum
1152 2170 1227 2205 scio
1249 2181 1380 2204 omnes
1400 2170 1594 2218 praebent.
1641 2170 1704 2206 Ex

1044 2225 1186 2263 Aldina
1219 2225 1331 2261 fluxit
1358 2225 1470 2261 lectio
1513 2225 1705 2277 βαρβαρι-

1045 2284 1141 2329 κοῦ,
1175 2294 1292 2333 quam
1328 2287 1459 2318 tenent
1491 2281 1628 2320 Matth.
1667 2288 1705 2319 et

1045 2337 1214 2375 Bekker.
1272 2338 1336 2373 Tu
1367 2338 1467 2375 conf.
1496 2340 1525 2386 1,
1547 2339 1611 2380 58.
1635 2341 1706 2379 60.

1044 2397 1111 2443 ΙΙΙ,
1153 2394 1232 2435 115
1261 2394 1390 2445 ibique
1408 2401 1509 2440 ¹nott.
1529 2417 1585 2423 --
1614 2396 1705 2432 Post

1046 2452 1185 2501 εἴησαν
1205 2451 1373 2488 Werfer.
1394 2452 1432 2487 in
1443 2450 1706 2502 Actt.philoll.

1046 2510 1221 2548 Monacc.
1241 2509 1258 2543 Ι
1278 2522 1316 2558 p.
1332 2506 1413 2549 245
1428 2507 1516 2545 addi
1537 2509 1617 2545 vult
1633 2505 1706 2558 ἅνς

1049 2578 1125 2617 quo
1156 2562 1251 2600 mibi
1283 2563 1438 2615 quidem
1468 2563 1573 2602 haud
1610 2578 1705 2616 opus

1048 2635 1127 2659 esse
1147 2621 1309 2657 videtur.
1338 2622 1550 2659 Assentitur
1566 2623 1705 2671 Reisig.

1047 2677 1097 2715 ad
1114 2675 1295 2728 Sophocl.
1311 2677 1445 2728 Oedip.
1464 2679 1545 2718 Col.
1558 2692 1596 2730 p.
1609 2680 1703 2724 320,

1048 2736 1113 2787 qui
1134 2735 1318 2771 rationem
1328 2736 1532 2785 particulae
1546 2735 1704 2773 omissae

1046 2790 1206 2829 reddere
1220 2790 1374 2829 studuit.
