1839 3292
296 208 383 248 38⁰
842 207 1221 245 COMMENTATIO

298 317 437 358 Suidas
448 318 560 356 refert
574 319 600 356 l.
620 331 732 369 supra
753 319 777 356 l.
794 331 894 366 vera,
916 325 958 355 ut
978 318 1137 367 videtur,
1153 321 1251 356 falsis
1271 318 1532 367 commiscens,
1553 318 1660 355 nulla
1671 318 1785 356 etiam

297 375 427 413 addita
454 383 671 426 temporum
702 376 890 426 annique,
927 388 1001 427 quo
1036 377 1185 426 singula
1202 367 1300 412 'haec
1333 375 1550 422 acciderint,
1571 376 1781 415 notatione.

298 432 411 479 Quod
439 445 529 470 vero
560 431 664 468 idem
697 430 835 468 Suidas
866 428 910 479 i²)
954 430 1001 468 de
1032 433 1262 469 commercio
1293 431 1476 469 Herodoti
1497 444 1585 469 cum
1607 429 1783 469 Choerilo

298 489 412 541 poet&
442 487 581 537 tradit,
625 495 843 538 temporum
864 490 1025 525 rationes
1046 491 1097 525 ita
1118 494 1356 540 repugnant,
1391 495 1432 524 ut
1453 502 1542 526 cum
1563 487 1786 525 Choerilum

298 554 384 584 octo
394 553 496 582 certe
516 551 580 581 aut
596 542 742 592 decem,
766 543 938 597 adeoque
953 546 1120 595 pluribus
1142 548 1248 582 annis
1261 543 1455 582 Herodoto
1468 547 1653 582 maiorem
1674 545 1786 582 fuisse

298 609 455 650 constet,
486 602 646 638 minime
668 601 872 652 discipulus
902 601 1085 639 Herodoti
1114 604 1269 654 eiusque
1299 600 1448 638 auditor
1476 609 1513 638 et
1533 603 1694 639 amasius
1715 600 1786 638 ha-

297 660 378 697 beri
410 660 539 710 possit.
595 658 682 695 Yid.
707 657 837 694 Naeke
864 658 911 694 ad
944 657 1109 695 Choerili
1139 660 1317 709 fragium.
1340 672 1379 708 p-
1403 661 1466 699 19.
1490 660 1555 697 20.
1615 659 1787 696 Commi—

297 717 421 767 gratio
453 713 638 752 Herodoti
668 717 746 751 sive
778 716 948 766 expulsio
971 730 1018 752 ex
1040 717 1292 753 Halicarnassi
1322 715 1416 751 urbe
1437 715 1485 752 ob
1505 713 1788 766 Lygdamidem

298 779 510 824 tyrannum
530 774 684 821 laegero
707 773 732 808 l.
755 772 778 809 l.
801 785 837 822 p.
859 775 884 812 7
920 780 1132 823 opportune
1167 772 1316 810 videtur
1344 770 1548 809 cohaerere
1587 784 1677 808 cum
1710 772 1788 808 Pa-

298 828 465 881 nyasidis
505 829 657 878 cognati
692 829 922 876 calamitate,
963 830 992 866 si
1036 829 1192 882 quidem
1220 828 1281 866 hic
1316 841 1336 864 a
1365 826 1606 879 Lygdamide
1625 835 1787 880 tyranno

298 886 518 923 interfectus
559 891 612 922 est
643 891 735 921 teste
770 883 887 921 Suidai
919 885 945 921 l.
973 900 1084 936 supra
1124 887 1147 925 l.
1205 888 1254 923 Et
1295 885 1409 922 habet
1435 898 1526 922 sane
1556 883 1630 922 hoc
1664 898 1789 937 quan-

300 941 391 980 dam
410 943 489 979 veri
517 942 698 992 speciem.
758 941 868 986 Quod
895 955 984 979 vero
1006 942 1108 979 idem
1130 946 1273 993 Iaeger.
1294 944 1317 980 l.
1339 943 1362 980 l.
1395 956 1433 992 p.
1453 944 1518 982 20.
1543 944 1591 981 21
1627 948 1790 979 couten—

300 998 355 1037 dit
378 997 617 1035 Herodotum
638 998 812 1048 perfectis
832 999 954 1049 longis
984 1000 1180 1037 itineribus
1200 1003 1239 1036 in
1262 1000 1447 1046 Samum,
1487 999 1551 1034 ubi
1572 999 1646 1034 iam
1665 1006 1787 1047 antea,

298 1057 560 1093 Halicarnasso
582 1055 629 1091 ob
650 1054 896 1105 Lygdamidis
918 1056 1159 1106 tyrannidem
1191 1057 1339 1102 relicta,
1371 1054 1607 1092 domicilium
1640 1055 1789 1104 fixerat,

299 1125 496 1150 reversum
516 1110 691 1148 historiae
711 1111 937 1148 scribundae
958 1125 1113 1163 operam
1138 1114 1190 1149 ibi
1213 1112 1370 1158 dedisse,
1393 1119 1622 1162 occupatum
1641 1113 1680 1148 in
1695 1125 1790 1149 con-

299 1167 492 1219 signandis
514 1175 550 1205 et
571 1167 784 1218 digerendis
804 1169 873 1215 iis,
903 1182 1001 1221 quae
1030 1171 1070 1206 in
1104 1170 1298 1206 itineribus
1327 1169 1398 1205 sibi
1428 1175 1538 1205 antea
1569 1169 1791 1219 collegisset,

298 1227 521 1277 praesertim
541 1226 709 1277 Aegypti
728 1226 766 1262 iu
785 1227 919 1273 rebus,
952 1239 1024 1278 qua
1046 1228 1085 1263 in
1105 1235 1203 1264 terra
1223 1240 1302 1263 non
1319 1226 1433 1276 louge
1454 1231 1541 1261 ante
1559 1225 1673 1262 fuerit
1682 1238 1790 1262 com-

298 1290 487 1325 moratum
521 1283 668 1319 obstare
693 1281 843 1319 videtur
863 1290 1081 1334 temporum
1102 1285 1219 1334 ratio,
1253 1296 1350 1337 quae
1369 1283 1410 1319 in
1430 1282 1545 1319 aliam
1568 1295 1637 1320 nos
1667 1281 1792 1320 dedu-

300 1341 355 1377 xit
375 1342 615 1378 sententiam.
673 1338 758 1377 vid.
778 1340 875 1378 infra
899 1341 934 1387 ξ.
958 1343 997 1381 7.

997 1468 1033 1513 §.
1063 1466 1103 1506 4.

414 1567 578 1604 Cursum
607 1568 704 1605 vitae
731 1567 970 1606 Herodoteae
996 1569 1307 1621 persequentibus
1328 1581 1470 1619 magna
1502 1566 1676 1605 obiicitur
1692 1562 1792 1602 diffi-

301 1624 418 1660 cultas
452 1638 500 1660 ex
528 1625 609 1672 illa,
643 1637 759 1676 quam
795 1627 996 1677 Olympiae
1023 1625 1198 1663 habuisse
1217 1626 1358 1674 fertur,
1392 1625 1514 1676 operis
1544 1623 1791 1669 recitationer,

301 1681 408 1718 cuius
427 1682 652 1732 primarium
672 1680 856 1719 habemus
877 1690 1011 1720 testem
1031 1685 1245 1719 Lucianum
1258 1711 1269 1726 ,
1295 1684 1380 1719 loco
1409 1682 1579 1718 maxime
1598 1691 1793 1717 memora-

301 1737 390 1785 bili,
430 1751 547 1789 quem
574 1739 770 1788 integrum
798 1738 875 1776 huc
908 1739 1118 1777 adscxibere
1151 1742 1256 1778 iuvat
1287 1738 1448 1789 (Herod.
1475 1752 1506 1776 s.
1525 1739 1612 1775 Aet.
1634 1738 1672 1783 §.
1697 1738 1732 1775 1.
1753 1737 1794 1775 2.

301 1794 420 1832 Tom.
440 1796 491 1832 IV
510 1809 549 1845 p.
573 1798 649 1836 116
671 1809 777 1848 seqq.
799 1796 858 1833 ed.
879 1798 1073 1848 Bipout.):

418 1849 604 1898 Πλεύσις
646 1849 721 1904 γὰο
768 1853 841 1900 (sc.
861 1854 1101 1902 Herodotus)
1134 1853 1299 1892 οἴκοθεν
1329 1851 1371 1893 ἐκ
1402 1853 1474 1903 τῆς
1504 1846 1660 1902 Καρίας
1689 1842 1791 1888 ευθὺ

302 1910 375 1959 τῆς
401 1905 612 1956 ‘EM-(1603,
641 1907 845 1949 ἐσκοπεῖτο
876 1907 975 1961 ποὸς
1016 1906 1174 1959 Sambi),
1209 1906 1317 1956 ὅπως
1354 1905 1405 1948 (ἓν
1445 1904 1604 1974 τάχιστα
1641 1903 1715 1973 καὶ1
1748 1898 1793 1943 οἷ-

303 1979 417 2017 noa)
413 1965 629 2031 ιιονέστατα
668 1964 862 2017 ἐπίσημος
892 1966 956 2006 καὶ
975 1963 1214 2019 πεοιβόητος
1228 1965 1381 2019 γένοιτο
1414 1964 1482 2005 καὶ
1503 1959 1625 2010 αυτός
1653 1959 1720 2001 καὶ
1744 1956 1792 2000 τοὶ

303 2019 625 2090 συγγοαμιιατια”
655 2018 697 2061 τὸ
723 2020 795 2074 μὲν
822 2025 897 2063 οὑν
918 2026 1228 2075 περινοστοῦντα
1249 2026 1326 2062 νῦν
1350 2020 1421 2074 μὲν
1449 2019 1696 2072 Ἀθηναίοις,
1717 2019 1793 2056 νῦν

302 2076 346 2118 δὲ
364 2079 607 2127 Κοοινθίοις
636 2073 909 2132 ἅναμγνῶσκε
914 2096 952 2119 ιν
981 2077 1008 2131 ἦ
1027 2076 1113 2132 ’A02
1116 2079 1222 2127 είοις
1252 2096 1276 2131 ‘¹1
1304 2083 1371 2119 Ac
1376 2077 1644 2130 κεδαιιιονιοις
1673 2074 1716 2114 ἐν
1737 2076 1794 2128 τῷ

301 2134 425 2187 μέοει,
447 2135 614 2188 ἒογωδες
636 2151 703 2175 και
721 2134 874 2203 μακρὸν
893 2136 1024 2202 ‘tf-‘eim
1047 2135 1148 2177 εἶναι
1177 2153 1226 2176 κ(
1232 2136 1242 2176 ὶ
1261 2134 1404 2187 τριβὴν
1418 2132 1467 2176 ου’
1496 2130 1641 2200 μικρᾶν
1666 2131 1708 2172 ἐν
1737 2133 1794 2199 τῷ

301 2188 469 2247 τοιούτῳ
500 2192 694 2233 ε’σεσθαι’
744 2189 895 2233 ουκοῦν
925 2189 1043 2244 ηξίου
1075 2195 1248 2233 διασπᾶν
1276 2189 1318 2232 τὸ
1350 2195 1532 2243 πρᾶγμα,
1570 2185 1666 2229 ου’ὁὲ
1694 2183 1792 2227 κατὰ

303 2249 516 2299 διαίρεσιν,
565 2246 668 2288 οὕτω
707 2245 790 2288 κατ’
831 2247 907 2302 ὄλί)
910 2265 966 2289 ov
1003 2246 1182 2314 (ἷγείοων
1205 2248 1273 2288 καὶ
1304 2247 1500 2300 συλλέγων
1530 2261 1604 2298 την
1632 2256 1792 2312 γνωσιν·

301 2303 540 2357 ἐπεβούλευε
571 2304 636 2354 δὲ,
675 2306 710 2345 εἰ
749 2304 966 2346 δυνατόν
947 2307 1037 2363 εἴη,
1079 2301 1256 2357 ιῖθρὸους
1286 2321 1363 2345 που
1402 2305 1539 2356 λαβεῖν
1576 2297 1700 2349 τούς
1698 2298 1793 2340 Ἐλ-

302 2365 425 2414 ληνας
456 2359 653 2408 α’παντας·
684 2361 880 2402 ἐνίσταται
912 2365 986 2403 οὑν
1014 2359 1217 2414 Ὀλύμπια
1261 2378 1308 2401 τα
1345 2357 1505 2418 μεγαλα
1524 2358 1650 2400 καὶο
1641 2356 1652 2372 ““
1678 2353 1791 2411 Ἡρό-

303 2420 420 2468 δοτος
448 2414 554 2460 τοῦτ’
585 2418 710 2458 ἐκεῖνο
740 2416 853 2470 ήκειν
877 2419 918 2458 οῖ
945 2418 1112 2471 νομίσις
1142 2417 1213 2459 τόν
1256 2433 1410 2471 καιρον,
1455 2418 1501 2457 οὐ
1553 2412 1730 2483 μάλιστα
1757 2412 1793 2453 ἒ-

303 2477 478 2545 γλίχετο,
511 2472 754 2528 πληθουσαν
793 2472 969 2527 τηοήσας
999 2492 1072 2527 ‘my
1109 2491 1372 2543 πανιῃυοιν,
1387 2470 1667 2524 ἁπανταχόθεν
1711 2467 1795 2538 ’ἤδη

303 2536 386 2574 τῶν
417 2529 590 2587 α’ρίστων
624 2531 953 2586 συνειλεγμένων,
995 2530 1210 2587 παοελθων
1250 2532 1290 2580 ἐς
1329 2528 1399 2573 τόν
1430 2526 1704 2581 ὀπισθόδομον
1744 2522 1795 2568 ου’

389 2724 431 2775 ²⁸]
457 2736 484 2757 s.
509 2736 541 2757 x.
567 2725 610 2758 T.
639 2723 691 2757 111
714 2736 748 2769 p.
773 2724 855 2758 695:
890 2735 955 2767 φυ·
958 2725 1020 2757 εῖν
1045 2723 1111 2767 (sc.
1136 2722 1347 2764 Choerilum)
1373 2733 1412 2756 τε
1439 2719 1480 2756 ἐκ
1501 2718 1632 2776 Σάμου
1650 2716 1713 2752 καὶ
1732 2713 1794 2751 Ἡ-

305 2766 448 2813 ροδότῳ
470 2770 521 2803 τό
546 2769 716 2824 ἱστοριπιῳ
738 2782 791 2803 πα
795 2769 1063 2813 ρεδρεύσαντα,
1092 2767 1149 2813 20¹2
1150 2782 1211 2803 ων
1229 2767 1454 2813 ἐρασθῆναι·
1501 2762 1650 2804 οὗτινος
1675 2761 1794 2799 αὐτὸν

304 2815 367 2849 καὶ
383 2827 436 2848 πί
440 2806 565 2849 ιὸικοὶ
556 2827 609 2860 ye-
610 2815 745 2850 ονέναι
765 2816 890 2859 φασιν.
