1839 3292
646 203 677 240 Ι.
706 201 867 238 INDEX
896 200 1091 240 RERUM.

129 311 331 352 Marathon,
354 311 449 345 locus
472 309 554 347 Att..
580 309 640 351 VI,
664 310 744 344 107.
781 311 843 353 VI,

175 358 243 391 102
275 362 345 391 not.
376 358 411 399 *)
447 356 492 389 Τ.
524 355 574 388 111
608 368 643 399 p.
677 356 746 390 819
770 369 842 400 seq.

173 404 415 437 Marathonem
451 405 598 444 occupat
630 402 841 444 Pisistratus,

172 448 203 490 I,
227 449 282 482 62.
306 447 530 481 Marathonia
552 458 684 491 pugna,
708 450 841 491 vl‚lll

169 505 295 536 seq.—
319 504 456 537 pugnae
480 493 562 533 dies,
590 494 648 535 VJ,
678 494 746 529 106
767 499 839 529 not.

171 539 310 580 tumuli,
338 540 395 578 VI,
421 538 487 571 117
507 544 576 572 not.

124 585 277 619 Mar-atti
300 596 361 628 per
384 585 532 625 Indiam,
557 585 619 626 111,
643 585 710 618 100
734 589 804 619 not.

123 631 255 672 Mardi,
287 642 381 673 pop„
414 632 598 665 Persarum
621 642 718 674 gens,
740 631 767 671 Ι,
793 630 838 664 84

168 682 239 710 not.
273 675 341 710 125
378 682 447 710 not.
483 677 627 710 Mardus
659 676 726 710 fuit
758 677 838 720 Hy-

167 723 321 763 roeades,
345 723 373 764 I,
397 721 453 755 84.

122 768 337 810 Mardonius,
368 769 532 811 Gobryae
569 767 631 808 fik,
671 767 837 809 populare

167 814 204 847 in
228 815 344 848 Ioniae
368 814 566 847 civitatibus
588 812 835 855 imperiumin-

166 860 292 900 ststuit,
316 860 493 902 Europam
517 857 614 901 petit,
639 863 672 891 et
696 858 730 891 in
756 859 835 891 Ma·-

165 905 307 939 cedonia
353 915 375 938 a
422 904 590 948 Brigibus
636 905 834 938 Thracibus

164 951 297 984 cladem
320 949 457 993 accipit,
485 951 543 990 VI,
566 949 612 983 43
628 955 697 983 not.
717 969 760 974 ——
776 948 833 984 45.

163 997 208 1030 ab
234 995 381 1039 imperio
405 1001 615 1036 removetur,
639 1008 668 1030 c.
689 997 745 1029 94.
779 996 833 1030 iu-

162 1041 271 1086 stigat
302 1043 452 1076 Xerxem
482 1043 525 1076 ad
551 1043 684 1076 bellum
717 1043 833 1076 Grae-

161 1088 212 1122 cis
234 1088 464 1129 inferendum,
500 1088 577 1129 Vll,
601 1086 624 1121 5
646 1099 716 1131 seq.
754 1099 833 1122 ora-

162 1133 210 1168 tio
245 1134 332 1174 eius,
364 1146 395 1167 c.
419 1134 452 1167 9.
486 1134 647 1168 universo
684 1135 832 1176 pedestri

161 1179 329 1213 exercitui
348 1181 554 1222 praefectus,
602 1192 630 1212 c.
666 1179 721 1213 82.
755 1185 832 1223 post

160 1237 317 1270 pugnam
339 1226 384 1258 ad
407 1226 620 1259 Salaminem
636 1226 832 1260 Xerxisua—

160 1271 227 1310 det,
258 1276 297 1305 ut
327 1270 363 1304 in
394 1272 514 1304 Asiam
556 1273 696 1312 redeat,
740 1272 830 1313 VIII,

161 1316 230 1350 100
263 1328 333 1360 seq.
362 1316 397 1350 iu
428 1318 617 1351 Thessalia
655 1318 829 1360 hibernat,

161 1375 192 1397 c.
218 1362 285 1396 113
307 1374 400 1405 seqq.
438 1368 473 1397 et
507 1364 649 1397 oracula
672 1365 831 1406 consulit,

159 1421 190 1442 c.
216 1408 283 1441 133
315 1421 407 1451 seqq.
441 1410 672 1444 Alexandrum
709 1411 830 1443 Mace-

157 1455 281 1488 donem
316 1466 395 1487 cum
443 1455 537 1498 pacis
576 1455 830 1489 conditionibus

158 1501 313 1535 Athenas
336 1501 454 1542 mittit,
478 1513 507 1535 c.
533 1500 611 1535 136.
635 1502 680 1535 cf.
706 1513 735 1535 c.
761 1502 827 1535 141

156 1558 249 1590 seqq.
288 1546 440 1579 Athenas
472 1547 600 1580 iterum
637 1547 750 1591 capit3
794 1552 828 1582 et

155 1593 286 1632 denuo,
309 1592 437 1625 nuncio
460 1592 674 1626 Salaminem
711 1594 829 1634 misso,

153 1637 377 1672 Athenienses
401 1638 443 1670 ad
468 1638 667 1671 societatem
692 1639 827 1682 invitat,

153 1684 214 1724 lx,
246 1682 346 1716 1—4.
392 1684 577 1718 Boeotiam
602 1685 686 1727 petit
710 1688 743 1718 et
766 1696 826 1718 ca-

152 1735 227 1764 stra
248 1730 292 1763 ad
315 1730 468 1772 Asopum
494 1730 529 1764 fl.
555 1731 662 1773 ponit,
687 1743 715 1764 c.
734 1731 825 1764 12—

153 1773 212 1812 15.
243 1776 421 1819 occupatis
457 1776 679 1809 Cithaeronis
714 1777 824 1810 fauci-

153 1821 230 1862 bus,
264 1825 475 1855 commeatus
506 1822 680 1866 intercipit
711 1823 823 1856 Grae-

152 1878 285 1908 corum,
308 1880 339 1901 c.
363 1867 407 1900 38
431 1879 523 1911 seqq.
550 1868 735 1902 committit
759 1881 823 1912 pu-

151 1923 259 1955 gnam
284 1914 327 1946 ad
350 1914 522 1956 Plataeas,
549 1926 578 1947 c.
602 1913 647 1947 49
672 1926 763 1957 seqq.
789 1918 823 1948 et

153 1958 199 1991 59
242 1970 334 2002 seqq.
373 1958 446 2002 ipse
479 1960 583 2000 cadit,
618 1972 646 1993 c.
679 1960 725 1993 63
750 1972 820 2003 seq.

152 2003 226 2038 eius
250 2005 398 2038 cadaver
422 2005 638 2048 subreptum,
661 2017 689 2039 c.
712 2005 822 2040 84.-

150 2050 243 2084 filius
265 2051 339 2084 eius
362 2051 531 2092 Artontes,
556 2064 583 2088 c.
609 2051 664 2085 84.

104 2095 328 2137 Mardontes,
375 2097 560 2130 Persarum
608 2100 696 2138 dux,
741 2098 821 2140 VII,

150 2141 205 2176 80.
269 2142 373 2176 classi
419 2143 561 2176 relictae
616 2144 819 2187 praefectus,

146 2188 241 2267 ἶῖὲὲῐ,
265 2188 345 2222 130.
368 2189 459 2223 cadit
481 2189 526 2224 ad
550 2189 730 2234 Mycalen,
754 2191 818 2234 IX,

239 2239 309 2270 not.

103 2290 204 2324 Mare
235 2295 273 2325 ut
304 2293 441 2326 fruatur
481 2295 604 2326 natura
636 2303 709 2333 sua,
747 2304 816 2327 uon

147 2337 326 2380 patiuntur
349 2338 455 2382 venti,
480 2339 556 2379 VII,
581 2337 625 2372 16
648 2343 718 2373 not.
741 2350 816 2372 ma-

147 2382 197 2416 ris
227 2382 410 2427 imperium
442 2384 574 2428 primus
615 2386 816 2430 Polycrates

147 2428 301 2463 obtinere
333 2430 465 2473 studet,
501 2431 563 2473 111,
597 2430 675 2468 122.
722 2432 815 2466 Mari

1530 206 1617 246 527

944 313 1082 344 taurum
1099 308 1110 341 i
1115 308 1474 349 mmolatcleomenes,
1488 312 1614 355 vmss.

942 357 1044 391 Mare
1077 355 1292 398 Thracium,
1326 355 1406 397 VII,
1438 357 1505 390 176
1528 364 1613 393 mot.

943 402 1045 435 Mare
1072 402 1278 445 Hippalum,
1301 401 1329 441 I,
1352 401 1374 433 1
1398 407 1468 438 not.
1516 415 1615 436 mare

942 448 1244 489 mediterraneum,
1265 447 1438 490 quomodo
1470 449 1615 491 appell.‚

942 494 971 534 Ι,
995 494 1015 527 1
1040 499 1110 526 not.
1137 494 1235 526 Mare
1262 494 1419 534 rubrum,
1442 494 1469 533 I,
1495 495 1516 526 1
1540 499 1612 528 not.

943 539 971 578 I,
998 538 1064 571 180
1087 543 1156 572 not.
1181 539 1259 573 202.
1287 539 1332 579 11,
1347 538 1369 572 8
1386 543 1456 573 not.
1473 537 1611 579 11,158.

942 583 1007 625 III,
1028 583 1084 617 30.
1108 585 1188 617 coll.
1222 585 1279 626 lv,
1304 584 1359 618 39.
1382 585 1440 619 4⁰.
1475 585 1536 627 ΙΙΙ,
1564 583 1613 618 93

942 635 1012 663 not.
1040 629 1174 669 3120.
1200 630 1261 672 (de
1277 631 1613 673 Persicosinu)1‘ll,

940 674 996 708 80.
1024 675 1098 708 Vid.
1122 675 1290 711 Rubrum.
1314 677 1539 720 Aegyptium,
1563 676 1612 718 II,

939 719 1008 753 113
1031 725 1100 753 not.
1139 721 1245 754 maris
1285 722 1469 764 imperium
1507 731 1612 765 penes

938 777 1024 808 quos
1058 766 1135 808 fuit,
1160 766 1221 808 ΙΙΙ,
1248 767 1314 800 122
1347 772 1415 803 not.
1441 780 1537 801 mare
1561 768 1607 811 (i.

936 824 966 845 e.
1001 813 1094 851 fons,
1138 813 1278 856 puteus)
1311 813 1347 846 in
1379 824 1459 848 arce
1481 814 1609 858 Attica,

939 858 1033 898 VIII,
1058 856 1114 893 55.

890 904 1040 946 Mareu,
1073 904 1155 938 urbs
1184 903 1350 949 Aegypti,
1386 905 1433 947 ΙΙ,
1461 904 1506 939 18
1538 907 1608 939 not.

934 949 990 982 30.

889 995 1006 1028 Mares
1037 1006 1140 1039 quam
1166 999 1380 1029 armaturam
1416 995 1451 1029 in
1481 994 1608 1028 Xerxi-

935 1053 1000 1076 ano
1024 1041 1178 1075 exercitu
1203 1042 1354 1084 tulerint,
1379 1042 1442 1086 III,
1467 1040 1513 1076 94
1536 1045 1606 1076 not.

934 1087 1009 1127 VII,
1034 1087 1079 1120 79
1104 1092 1172 1123 not.

891 1133 1151 1166 Mariamlricus
1174 1132 1282 1175 sinus,
1305 1132 1367 1173 IV,
1388 1132 1434 1166 38
1457 1136 1526 1167 not.

888 1180 1118 1222 Mariandyni
1152 1190 1254 1222 pop,
1286 1178 1316 1219 I,
1346 1179 1391 1212 28
1425 1184 1495 1212 not.
1541 1178 1606 1220 III,

933 1224 990 1257 90.
1022 1236 1043 1258 a
1076 1226 1202 1258 Croeso
1241 1225 1385 1265 subacti,
1411 1226 1439 1266 I,
1463 1223 1509 1257 28
1533 1230 1605 1258 not.

931 1271 1244 1315 Mariandynorum
1269 1270 1303 1303 in
1327 1272 1432 1305 Xerx.
1453 1271 1606 1305 exercitu

932 1322 1122 1356 armatura,
1150 1317 1222 1355 VII,
1248 1316 1305 1349 72.

887 1363 1009 1403 Maris,
1034 1363 1069 1395 fl.
1097 1362 1276 1406 Scythiae,
1298 1362 1357 1402 IV,
1381 1361 1426 1396 49
1446 1365 1515 1396 not.
1539 1361 1602 1405 **)

885 1409 1009 1442 Maron
1038 1413 1071 1442 et
1096 1410 1262 1451 Alpheus,
1298 1409 1499 1450 Orsiphanti
1536 1409 1602 1449 fil„

930 1461 1065 1488 strenue
1097 1459 1251 1498 pugnant
1288 1455 1332 1487 ad
1373 1455 1602 1501 Thermopy-

930 1501 993 1539 las,
1023 1500 1096 1542 VII,
1118 1500 1199 1534 227.

885 1546 1065 1585 Maronea,
1109 1546 1245 1581 Graeca
1288 1546 1372 1579 urbs
1412 1545 1603 1591 Thraciae,

932 1592 1007 1632 VII,
1033 1591 1101 1625 109
1125 1596 1195 1626 not.

882 1638 1055 1680 Marsyas,
1078 1638 1114 1671 fl.
1142 1637 1331 1682 Phrygiae,
1371 1638 1412 1678 V,
1437 1638 1505 1672 119
1529 1644 1599 1674 not.

881 1683 1045 1726 Marsyae
1082 1683 1189 1717 Sileni
1214 1690 1290 1716 uter
1319 1695 1503 1728 suspensus
1535 1687 1601 1721 Ce-

926 1729 1046 1769 laenis,
1072 1730 1149 1770 VII,
1173 1730 1218 1763 26
1241 1733 1312 1765 not.

880 1775 1010 1808 Martis
1030 1776 1218 1820 panegyris
1229 1776 1392 1819 Papremi
1409 1778 1600 1821 celebrata,

926 1822 971 1861 II,
996 1821 1053 1855 63.
1077 1822 1123 1856 61
1146 1827 1216 1855 not.
1250 1823 1323 1855 eius
1356 1825 1535 1857 oraculum
1562 1825 1599 1860 in

926 1869 1102 1911 Aegypto,
1143 1880 1172 1900 c.
1205 1867 1261 1901 83.
1296 1869 1369 1911 (ap.
1395 1870 1596 1915 Chalybes),

926 1913 1004 1953 VH,
1037 1913 1092 1946 76.
1131 1913 1237 1947 Marti
1276 1914 1462 1957 praecipua
1495 1927 1598 1951 sacra

924 1958 1056 1992 faciunt
1078 1959 1245 2003 Scythae,
1270 1960 1328 2002 IV,
1353 1959 1398 1993 59
1421 1966 1491 1996 not.
1501 1974 1595 2006 seqq.

923 2003 958 2037 in
1005 2005 1152 2049 singulis
1200 2017 1321 2038 eorum
1369 2009 1596 2050 praefecturis

922 2050 1046 2084 Martis
1072 2052 1250 2094 templum,
1274 2051 1385 2092 1v‚62
1403 2058 1472 2088 not.
1498 2055 1595 2088 Mar-

923 2097 968 2129 tis
992 2098 1106 2131 cultus
1129 2099 1220 2141 apud
1233 2098 1399 2139 Thraces,
1425 2100 1465 2139 V,
1488 2100 1592 2136 ἵησι.

875 2141 1066 2176 Μαεοαηιεε
1096 2143 1232 2177 Dorisci
1270 2145 1478 2188 praefectus,
1517 2147 1594 2190 VII,

923 2187 1001 2223 105.
1023 2190 1197 2230 laudatur,
1222 2201 1252 2222 c.
1279 2189 1359 2224 106.

874 2233 1048 2277 Masistes,
1081 2235 1180 2269 Darii
1212 2235 1316 2277 filius,
1346 2236 1470 2270 Xerxis
1494 2249 1590 2271 exer-

918 2281 1006 2314 citus
1027 2281 1230 2325 imperator,
1250 2282 1328 2322 Vll,
1350 2281 1404 2320 82.
1438 2283 1499 2326 IX,
1523 2284 1593 2319 107

919 2332 991 2406 ηοξ.
1015 2328 1090 2361 eius
1115 2332 1148 2362 et
1171 2327 1362 2363 liberorum
1381 2331 1514 2373 caedes,
1524 2331 1589 2375 lx,

870 2432 1049 2467 Masistius
1083 2431 1244 2476 (Graecis
1274 2432 1470 2476 Macistlus,
1500 2432 1589 2471 Ma-

191 2610 221 2652 ⁸)
256 2610 344 2643 Add.
371 2609 582 2655 potissimum
610 2613 731 2647 Clarke
767 2613 910 2647 Travels
949 2614 991 2655 ΙΙ,
1018 2615 1040 2649 3
1068 2626 1120 2659 cp.
1145 2615 1162 2649 1
1192 2625 1228 2658 p.
1255 2614 1311 2655 12,
1343 2612 1403 2646 ubi
1429 2619 1585 2648 accurata

98 2654 169 2688 loci
187 2656 388 2700 descriptio,
413 2658 539 2690 additis
560 2659 690 2693 duabus
710 2660 837 2693 tabulis
854 2659 925 2693 aeri
950 2660 1078 2694 incisis.

193 2715 237 2756 ”>
264 2714 353 2747 Add.
376 2715 497 2747 Clarke
516 2717 658 2750 Travels
678 2720 720 2759 Il,
740 2719 763 2752 3
780 2719 878 2761 chap.
895 2718 916 2752 3
930 2730 963 2761 p.
984 2718 1061 2753 616.
1087 2716 1233 2761 Ruperti
1253 2716 1297 2749 ad
1317 2716 1429 2749 Tacit.
1447 2715 1581 2750 Annall.

99 2759 141 2799 II,
160 2760 203 2793 63
219 2772 252 2803 p.
271 2761 349 2800 226,
361 2767 395 2792 et
414 2761 457 2793 de
475 2761 553 2805 ipso
572 2762 664 2795 fluvii
677 2765 814 2796 nomine
827 2763 1018 2796 Humboldt
1035 2765 1181 2800 Examen
1193 2763 1339 2807 critique
1358 2763 1401 2796 de
1412 2762 1581 2797 l'histoire

99 2804 143 2837 de
159 2805 193 2838 la
204 2806 415 2851 ge'ographie
437 2807 483 2840 du
500 2819 655 2843 nouveau
674 2810 849 2844 continent
864 2823 900 2855 p.
926 2810 980 2845 64.
