1839 3292
384 181 440 219 26

780 175 1245 214 HERODOTI

386 286 574 338 Βάκιδος
601 285 795 343 χρησμόν
825 284 884 336 ὥς
913 284 1046 328 οὐδὲν
1075 284 1280 340 λέγοντα,
1312 283 1411 329 οὔτε
1439 301 1479 328 τι
1508 284 1646 338 ἐξεκο-

385 358 566 413 μίσαντο
598 353 752 405 οὐδὲν,
783 353 882 396 οὕτε
912 353 1225 407 προεσάξαντο,
1257 349 1316 403 ὥς
1343 352 1647 408 παρεσομένου
1704 366 1785 407 628

386 436 467 480 σφι
503 424 717 477 πολέμου,
768 422 995 475 περιπετέα
1024 437 1068 464 τε
1109 419 1366 476 ἐποιήσαντο
1406 422 1529 476 σφίσι
1571 419 1700 464 (κύ-51

356 497 501 536 ἳτοῖσι
521 493 572 534 τὰ
602 489 841 544 πρήγματα.
902 488 1060 533 Βάκιδι
1090 488 1173 545 γάρ
1205 483 1287 531 ὦδε
1318 488 1401 544 ἔχει
1417 489 1516 544 περὶ
1546 487 1646 533 τού-

383 578 471 605 των
500 559 523 603 ὁ
552 558 742 614 χρησμός
753 568 763 579 ·

548 635 689 681 Φράζεο
713 633 1012 682 βαρβαρόφωνον
1036 632 1127 670 ὅταν
1153 634 1260 680 ζυγὸν
1285 635 1336 675 εἰς
1359 632 1432 669 ἅλα
1456 633 1570 681 βάλλῃ

546 694 734 741 βύβλινον,
759 691 927 739 Εὐβοΐης
951 690 1097 737 ἀπέχειν
1121 691 1384 737 πολυμηκάδας
1409 689 1527 738 αἶγας.
1660 694 1703 728 55

328 870 398 916 dog
416 865 613 921 χρησμὸν]
644 868 669 905 i.
699 881 731 906 e.
763 871 892 918 spreto,
923 880 986 904 ne-

326 927 441 976 glecto
470 926 621 972 oraculo,
661 922 765 976 quod
793 928 814 960 a
843 923 984 961 Bac-ide

325 984 414 1034 ipsis
436 990 514 1019 erat
536 981 680 1019 datum.
716 982 886 1019 Verbum
906 997 985 1020 πα-

326 1042 553 1090 ραχρᾶσθαι
592 1040 698 1088 attigi
734 1037 783 1075 ad
817 1039 846 1085 Ι,
890 1040 982 1078 108.

324 1098 383 1134 De
404 1095 644 1133 Bacidehaec
658 1094 850 1145 adscripsit
869 1094 935 1131 We
945 1109 984 1131 s—

325 1154 529 1202 seliug..·
585 1153 805 1201 „Vaticinus
835 1153 904 1187 iste
938 1150 985 1187 de

323 1210 478 1246 Persica
515 1209 756 1260 expeditione
788 1209 986 1256 cecinerat,

324 1267 491 1304 Pausan.
529 1269 580 1313 X,
613 1266 664 1307 14
694 1269 729 1312 ξ.
767 1268 805 1313 3,
838 1278 886 1300 ex
922 1265 986 1301 illo

323 1324 493 1360 carmine
505 1322 600 1360 haec
613 1322 723 1359 durat
733 1322 867 1372 portio.
879 1320 988 1357 Idem

325 1394 409 1431 cap.
436 1383 485 1419 12
506 1382 543 1424 ξ.
565 1382 588 1419 6
621 1378 663 1418 ἐκ
682 1379 876 1423 Βοιωτίας
904 1374 988 1415 Βά-

323 1452 392 1476 κιν
405 1435 581 1486 adpeliat,
603 1437 711 1472 sicuti
728 1442 763 1471 et
776 1436 906 1470 Cicero
918 1435 987 1470 Di-

323 1495 441 1531 vinat.
459 1494 488 1538 Ι,
514 1494 561 1532 18
585 1493 640 1540 [ξ.
664 1491 750 1540 34].
781 1493 886 1528 Duos
907 1492 987 1527 Ba-

323 1548 428 1586 cides
455 1549 630 1585 Clemens
662 1549 773 1584 Alex.
806 1549 948 1585 Strom.
968 1549 987 1583 I

325 1619 415 1658 pag.
446 1608 538 1653 398,
569 1605 762 1642 Arcadem
791 1612 828 1641 et
857 1606 986 1641 Boeo-

326 1664 665 1709 tium‚memoravit
677 1676 685 1709 ς
696 1663 850 1698 tertium
861 1660 985 1698 Athe-

322 1721 498 1757 niensem
520 1720 581 1755 alii
601 1718 766 1756 addunt:
787 1732 899 1770 super
912 1718 987 1769 quai

325 1790 366 1813 re
386 1777 544 1813 sollicita
564 1783 684 1813 exstat
717 1789 830 1826 opera
856 1777 987 1812 Loen-

325 1835 373 1870 sis
415 1832 651 1884 Epiphyllid.
686 1834 754 1880 lx,
795 1836 841 1872 11
866 1833 989 1868 iuter-

323 1897 554 1942 pretumque
589 1890 739 1926 Aeliani
776 1889 866 1925 var.
900 1890 988 1936 XII,

324 1947 420 1987 35.“
477 1945 578 1983 Add.
601 1946 730 1985 Schol.
764 1945 812 1981 ad
840 1947 987 1982 Aristo·

324 2001 442 2054 phau.
462 2005 554 2040 Pac.
576 2006 680 2043 1071
705 2009 818 2054 atque
838 2002 986 2039 Eudoc.

325 2060 518 2110 Violanp.
533 2062 586 2100 92
608 2067 644 2096 et
665 2060 746 2100 374
767 2073 860 2111 seq„
883 2058 987 2096 unde

325 2115 517 2164 discimus,
527 2115 827 2167 Theopompum
839 2117 878 2152 iu
892 2115 988 2152 Phi-

324 2174 519 2224 lipporum
548 2186 652 2210 nono
672 2174 766 2210 libro
788 2174 907 2210 multa
938 2172 986 2210 de

324 2229 468 2268 Bacide
501 2231 727 2281 exposuisse,
762 2231 867 2267 cuius
899 2243 986 2267 ora-

325 2287 413 2324 cula
442 2289 575 2324 Noster
608 2289 722 2323 etiam
756 2287 853 2323 infra
883 2288 983 2335 VIII,

325 2347 394 2385 77.
431 2347 498 2384 96.
533 2345 601 2391 IX,
641 2342 693 2384 43
733 2345 898 2394 protulit.
931 2365 983 2370 —

327 2399 548 2452 Schweigb.
564 2399 653 2437 huic
675 2402 787 2451 capiti
809 2412 985 2437 commo-

327 2455 472 2493 diorem
515 2457 687 2493 futurum
727 2457 840 2493 fuisse
877 2463 985 2507 putat

326 2513 454 2549 locum
465 2515 636 2564 proxime
647 2521 730 2565 post
739 2521 851 2564 caput
870 2527 986 2565 quar-

328 2575 422 2605 tum.
445 2572 546 2606 Libri
563 2570 795 2621 scriptinihil
808 2577 969 2607 mutant.

386 2624 440 2671 ὥς
461 2623 578 2664 οὐδὲν
600 2628 785 2679 λέγοντα]
834 2626 984 2663 Eadem

329 2683 469 2718 locutio
501 2684 563 2727 111,
597 2686 662 2724 35.
719 2687 835 2721 Recte
856 2691 984 2720 autem

328 2740 461 2774 Zeune
482 2738 530 2774 ad
549 2739 675 2789 Viger.
697 2755 734 2791 p.
761 2743 838 2782 152
863 2736 983 2780 ου’ὁὲν

326 2794 452 2848 λέγειν
473 2794 584 2832 tradit
614 2810 691 2833 esse
718 2811 896 2848 perperam
923 2797 983 2836 ‹li-

1043 879 1127 914 cere‚
1147 868 1188 905 id
1209 868 1300 918 quod
1315 868 1464 919 probari
1487 868 1586 906 nullo
1604 869 1704 906 modo

1035 928 1163 975 potest.
1223 926 1253 961 V
1256 924 1308 962 id.
1343 926 1495 962 Platon.
1535 925 1702 976 Apolog.

1044 984 1094 1021 17
1110 995 1148 1031 p.
1171 983 1223 1021 30
1252 983 1300 1018 D.

1097 1034 1393 1089 προεσάξαντο]
1426 1037 1538 1074 Conf.
1568 1038 1599 1085 1,
1622 1039 1702 1078 196

1040 1094 1170 1145 ibique
1189 1102 1283 1132 nott.
1305 1096 1350 1143 V,
1372 1093 1439 1135 34.
1498 1092 1612 1130 Haud
1640 1094 1704 1130 iu-

1044 1149 1246 1187 commode
1267 1150 1462 1188 Reiskjus:
1497 1150 1704 1201 ,ἐξεκομί-

1045 1219 1164 1246 σαντο
1187 1208 1415 1257 deportarunt
1442 1210 1481 1245 ’ιή
1501 1208 1612 1244 Iocum
1640 1211 1702 1244 tu-

1044 1267 1118 1300 tum
1145 1268 1245 1301 extra
1272 1264 1427 1301 insulam
1459 1262 1593 1316 [quod
1611 1264 1702 1302 alias

1045 1327 1100 1357 est
1136 1319 1413 1368 ὑπεκθέσθαι,
1446 1327 1488 1357 ut
1525 1333 1609 1371 cap.
1646 1318 1704 1369 4],

1044 1373 1325 1427 προεσάξαντο,
1348 1391 1429 1415 rure
1447 1380 1487 1415 in
1502 1378 1601 1414 urbes
1612 1389 1704 1414 com-

1037 1433 1246 1483 pulerztnt.“

1071 1488 1278 1541 περιπετέα
1289 1504 1328 1529 τε
1340 1485 1576 1540 ἐποιήσαντο
1591 1489 1705 1539 σφίσι

1044 1542 1255 1586 αι’τοῑσιτοέ
1277 1543 1513 1598 πρήγματα]
1545 1548 1571 1583 i.
1594 1560 1627 1583 e.
1649 1560 1704 1583 res

1046 1617 1128 1640 suas
1159 1605 1230 1654 ipsi
1255 1606 1293 1641 in
1314 1616 1482 1640 summum
1517 1603 1703 1640 discrimen

1042 1661 1281 1697 adduxerunt.
1320 1662 1377 1697 Ita
1398 1659 1703 1710 Schweighaeu-

1043 1731 1146 1754 serus
1167 1719 1205 1753 iu
1225 1719 1320 1756 Lex.
1338 1716 1521 1754 Herodot.
1544 1730 1704 1767 compa-

1042 1787 1151 1821 rans,
1175 1787 1272 1826 quae
1293 1775 1474 1811 continuo
1485 1775 1524 1810 in
1537 1773 1702 1810 eandem

1041 1833 1270 1868 senteutiam
1312 1830 1512 1868 dicuntur:
1566 1832 1702 1882 παρῆν

1044 1900 1117 1936 σφι
1152 1890 1342 1942 συμφορῇ
1377 1890 1554 1939 χρῆσθαι
1600 1884 1703 1939 πρός

1042 1942 1090 1983 τοὶ
1116 1943 1297 1997 μέγιστα,
1340 1946 1406 1981 ubi
1435 1940 1531 1995 πρὸς
1558 1940 1607 1982 τοὶ
1633 1941 1703 1994 με’-

1043 2013 1167 2053 γιστα,
1198 2008 1353 2038 notante
1375 1999 1701 2051 Schweighaeus„

1042 2057 1148 2095 idem
1182 2059 1262 2095 sere
1291 2059 1391 2095 valet
1420 2065 1533 2110 atque
1574 2056 1614 2103 ἐς
1651 2054 1702 2096 τοὶ

1043 2113 1203 2166 μέγιστα
1221 2116 1320 2163 VIII,
1344 2113 1436 2155 144.
1494 2112 1557 2150 Ad
1591 2114 1703 2151 locu-

1041 2173 1187 2209 tionem
1218 2173 1409 2224 συμφορῇ
1436 2172 1613 2221 χρῆσθαι
1637 2171 1700 2220 cf.,

1042 2242 1092 2265 ne
1112 2229 1234 2280 plura,
1255 2230 1320 2277 ΠΙ,
1340 2227 1390 2267 41
1414 2228 1506 2279 ibiq.
1528 2234 1624 2265 nott.

1119 2282 1270 2336 Φράζεο
1334 2280 1698 2335 βαρβαρόφωνον]

1041 2341 1236 2380 Schaefer.
1270 2349 1305 2378 et
1330 2340 1552 2388 Bekkerus‚
1586 2353 1699 2392 prae-

1040 2406 1154 2435 eunte.
1173 2398 1376 2446 Larchero,
1397 2396 1583 2434 dederuut
1604 2398 1703 2450 βαρ-

1041 2452 1282 2507 βαρόφωνος
1301 2461 1430 2492 contra
1447 2453 1558 2491 codd.
1570 2454 1700 2502 fidem,

1042 2514 1107 2563 qui
1127 2513 1165 2548 in
1179 2513 1333 2562 vulgata
1346 2513 1575 2562 conspirant,
1588 2524 1698 2563 quae,

1041 2568 1202 2605 docente
1223 2567 1455 2618 Schweigh„
1476 2567 1579 2605 idem
1599 2569 1700 2604 valet

1040 2634 1153 2677 atque
1189 2622 1334 2675 φράζεο
1373 2623 1469 2665 ὅταν
1505 2620 1701 2676 βαρβαρό-

1040 2698 1176 2730 φωνος
1196 2679 1333 2735 βάλλῃ,
1366 2696 1434 2733 per
1467 2682 1697 2718 attractionis

1037 2741 1143 2776 illam
1177 2747 1415 2777 structuram.
1485 2737 1596 2784 Quod
1626 2738 1697 2774 nisi

1038 2796 1248 2848 placeat‚ad
1259 2798 1418 2836 verbum
1426 2793 1550 2851 βάλλῃ
1567 2801 1696 2831 mente
