1839 3292
112 469 287 498 Enr'biadi·
319 405 386 499 ἓξ

112 512 166 531 sua
191 508 232 538 et,
251 509 282 531 ut
323 513 390 532 uoce

112 537 142 564 in
158 538 316 567 concilium
339 539 390 567 de-

111 579 170 600 nuo
188 576 294 607 cogat:

445 608 679 665 ρυβιώδεω.

444 681 622 732 πρῆγμα
664 679 883 733 συμμίξαι.

110 1135 161 1162 ubi
187 1144 251 1163 cum
285 1136 355 1163 Adi-

109 1174 220 1203 manto,
241 1170 347 1197 Corin-

108 1203 241 1232 thiorum
259 1203 344 1240 duce,

443 228 500 268 76

849 230 1310 268 HERODOTI

445 337 824 393 ,,βεβουλευμένα,
861 338 918 392 ἤν
957 354 1042 389 κως
1072 338 1185 394 δύνῃ
1217 334 1467 392 ἀναγνῶσαι
1497 336 1718 394 Εὐρυβιά-

444 407 552 457 „dea
582 404 1030 460 μεταβουλεύσασθαι,
1063 406 1171 449 ὥστε
1192 403 1333 448 αὐτοῦ
1363 407 1569 460 μενέειν.“
1601 406 1716 461 Κάρ-

446 490 499 517 τα
530 472 583 528 δὴ
613 477 674 528 τῷ
707 474 987 528 Θεμιστοκλέι·
1015 472 1137 530 ἤρεσε
1172 473 1196 530 ἡ
1227 472 1452 529 ὑποθήκη·
1487 475 1559 517 καὶ
1590 474 1774 518 ούὸὲν25

447 542 558 596 πρὸς
586 544 722 583 ταῦτα
752 539 1059 597 ἀμειψάμενος,
1088 542 1152 598 ἤϊε
1182 541 1250 584 ἐπὶ
1281 541 1361 598 τὴν
1392 546 1478 596 νῆα
1516 542 1595 598 τὴν
1630 543 1716 586 Εὐ-

739 607 1004 665 ἆπικόμενος
1036 609 1095 663 δὲ,
1125 609 1209 665 ἔφη
1239 611 1384 653 θέλειν
1422 612 1466 653 οἱ
1494 609 1647 652 κοινόν
1675 627 1716 654 τι

943 677 967 721 ὁ
1000 677 1041 720 δ’
1075 676 1211 720 αὐτὸν
1243 678 1284 728 ἐς
1321 677 1399 733 τὴν
1434 682 1519 733 νῆα
1549 677 1716 722 ἐκέλευε

418 745 639 800 Ξέσβαντα
655 746 794 800 λέγειν
823 748 862 789 εἳ
888 762 929 789 τι
957 746 1088 790 θέλει.
1119 745 1311 789 ἐνθαῦτα
1346 743 1369 788 ὁ
1399 747 1715 803 Θεμιστοκλέης

442 813 729 869 παριζόμενός
758 815 802 857 οἵ
829 813 1051 869 καταλέγει
1080 812 1200 857 κεῖνά
1232 830 1276 857 τε
1297 814 1441 857 πάντα
1473 813 1526 856 τοὶ
1548 813 1710 870 ἤκουσε
1723 822 1769 855 30

443 884 754 938 Μνησιφίλου,
800 881 970 925 ἑωυτοῦ
1003 882 1285 937 ποιεύμενος,
1326 883 1400 924 καὶ
1438 882 1549 924 ἄλλα
1578 880 1717 926 πολλὰ
1774 878 1839 922 64⁴.

443 952 718 1004 προστιθείς·
762 949 804 1000 ἐς
825 949 850 994 ὃ
879 949 1099 1006 ἀνέγνωσε
1128 952 1315 1005 χρηΐζων
1357 950 1404 992 ἔκ
1436 965 1479 992 τε
1509 954 1584 1004 τῆς
1612 950 1716 1005 νηὸς

444 1017 650 1073 ἐκβῆναι,
691 1018 890 1069 συλλέξαι
920 1034 964 1061 τε
994 1017 1096 1069 τούς
1132 1017 1399 1072 στρατηγούς
1439 1016 1481 1067 ές
1511 1017 1560 1061 τὸ
1589 1018 1715 1061 συνέ-

446 1088 585 1140 δριον.

654 1085 730 1136 Ὡς
761 1087 806 1128 δὲ
845 1085 931 1139 ἄρα
962 1087 1295 1141 συνελέχθησαν,
1328 1086 1434 1139 πρὶν
1462 1085 1490 1141 ἢ
1519 1084 1596 1129 τὸν
1628 1085 1716 1129 Ev'-

447 1153 662 1208 ρυβιάδεα
710 1159 946 1205 προθεῖναι
982 1154 1061 1197 τὸν
1099 1153 1232 1208 λόγον
1277 1157 1364 1196 τῶν
1402 1154 1546 1196 εἵνεκα
1583 1153 1770 1210 ‹fumi-35

445 1237 550 1277 γαγε
581 1221 686 1272 τούς
716 1221 996 1278 στρατηγούς,
1027 1221 1166 1274 πολὺς
1196 1216 1252 1279 ἦν
1282 1221 1305 1265 ὁ
1333 1221 1643 1279 Θεμιστοκλέης
1670 1221 1718 1266 ἐν

389 1431 529 1470 decreta
560 1432 770 1481 perturbare
792 1459 806 1476 ,
846 1431 1048 1480 rescindere,

385 1491 493 1527 irrita
527 1488 681 1526 reddere.
738 1489 825 1525 Alio
846 1502 957 1526 sensu
986 1491 1050 1536 w,

388 1547 483 1585 119.
540 1546 662 1596 Magis
688 1543 764 1582 huc
794 1546 902 1593 facit,
946 1545 1051 1598 quod

385 1602 621 1652 VVesseling.
671 1601 781 1639 affert
825 1616 846 1638 e
890 1604 1049 1655 Dionys.

386 1659 511 1696 Halic.
547 1660 596 1696 A.
624 1660 670 1696 R.
700 1661 754 1696 111
791 1660 854 1708 [6]
890 1674 926 1711 p.
958 1661 1049 1700 141.

386 1715 530 1766 διέχειν
569 1712 616 1754 τοὶ
667 1712 917 1768 βουλεύματα
960 1717 1047 1754 coll.

386 1770 670 1824 Theophylact.
707 1774 852 1811 Simoc.
881 1774 936 1821 11,
983 1775 1045 1813 13.

385 1831 461 1877 111,
495 1832 562 1870 91.
620 1829 683 1867 Ad
726 1825 1047 1881 μεταβουλεύσα-

385 1891 485 1925 σθαι
531 1886 636 1923 idem
674 1888 907 1937 VVesseliug.
947 1895 1047 1924 recte

385 1944 534 1980 confert
583 1945 675 1993 Vll,
721 1947 795 1985 12:
847 1941 943 1997 μετοέ
995 1942 1044 1996 δή

384 1996 607 2053 βουλεύεαι.

588 2091 682 2143 Cap.
703 2092 837 2129 LVIII.

442 2171 649 2222 συμμίξαι]
673 2172 698 2207 i.
721 2184 754 2207 e.
777 2184 946 2209 sermones
966 2184 1048 2209 con-

378 2227 475 2278 ferre
494 2243 523 2265 s.
540 2241 646 2277 agere
665 2240 741 2265 cum
761 2228 823 2264 illo
839 2229 880 2265 de
901 2242 936 2265 re
957 2242 1051 2265 com-

386 2288 495 2322 muni.
554 2286 620 2322 Tu
641 2284 717 2321 vid.
736 2286 790 2332 11,
815 2285 880 2325 64.
903 2286 972 2333 IV,
994 2288 1047 2326 23

384 2342 515 2394 ibique
536 2343 660 2379 allata.
682 2343 790 2389 Vlll,
812 2343 877 2381 67.
900 2344 964 2382 79.

443 2398 569 2451 λέγειν
602 2398 639 2438 εἴ
664 2414 700 2437 τι
731 2398 858 2446 θέλει]
893 2400 988 2446 „Est
1008 2399 1047 2435 in

385 2453 443 2492 his
465 2464 501 2492 et
520 2457 559 2492 in
575 2456 707 2493 vicinis
721 2456 914 2492 familiaris
927 2469 1049 2506 quae-

386 2510 477 2548 dam
517 2519 554 2549 et
599 2514 821 2549 suavissima
869 2508 1050 2560 ἆφέλεια,

385 2570 539 2619 qualem
560 2577 695 2606 natura
708 2569 913 2606 dictabatf‘
949 2570 1048 2607 Val-

387 2624 531 2662 ekena
544 2640 600 2663 er.
639 2628 757 2664 citans
801 2627 932 2676 virgil.
963 2627 1047 2664 Ecl.

385 2682 463 2728 IX,
486 2685 551 2722 32.
574 2684 646 2730 111,
683 2684 749 2724 52.
782 2682 978 2723 Theocrit.
1001 2685 1046 2731 V,

386 2740 454 2778 78.
475 2738 647 2789 Euripid.
667 2739 840 2790 Iphig.in
852 2741 938 2776 Aul.
953 2743 1046 2788 877,

384 2795 468 2832 alia.
517 2794 624 2831 Idem
646 2796 830 2833 Valcken.
858 2798 897 2833 iu
920 2798 1047 2848 proxi-

383 2864 450 2888 me
469 2864 574 2905 seqq.
605 2852 769 2904 praefert
785 2853 965 2894 ἐνθαῦτα
996 2852 1045 2894 δὲ

1107 1431 1195 1482 (pro
1240 1430 1278 1483 ὁ)
1324 1430 1620 1483 Θεμιστοκλέης.
1678 1432 1772 1468 Mox

1108 1488 1184 1525 duo
1206 1488 1317 1527 codd.
1357 1485 1622 1539 παριζόμενος
1643 1486 1769 1540 (quod

1107 1546 1196 1593 vu,
1236 1548 1284 1586 18
1307 1559 1440 1582 omnes
1461 1545 1667 1595 afferunt)‚·
1708 1558 1771 1582 re-

1105 1603 1200 1654 liqui
1251 1599 1534 1653 παρεζόμενος.
1592 1604 1650 1638 De
1693 1615 1770 1654 quo

1109 1659 1211 1711 quod
1233 1661 1357 1710 posuit
1382 1658 1770 1709 Schweighaeuserus

1105 1715 1329 1764 discrimen,
1366 1717 1526 1753 allatum
1545 1718 1586 1753 in
1614 1723 1693 1754 not.
1720 1714 1770 1753 ad

1103 1775 1175 1821 IV,
1205 1773 1295 1822 145,
1318 1787 1473 1823 vereor,
1495 1781 1537 1811 ut
1553 1775 1652 1810 tueri
1675 1785 1769 1824 pos-

1099 1844 1186 1867 sun.

1170 1886 1326 1926 ἓωυτοῦ
1364 1882 1632 1937 ποιεύμενος]
1676 1888 1702 1924 i.
1733 1901 1769 1925 e.

1105 1948 1273 1994 tanquam
1294 1957 1360 1980 sua
1376 1946 1487 1993 ipsius
1499 1944 1604 1981 verba
1611 1943 1768 1992 faciem,

1106 2015 1196 2052 quae
1216 2002 1276 2038 ille
1307 2001 1470 2049 dixerat,
1509 2002 1589 2039 scil.
1612 1997 1659 2038 to?
1692 2002 1769 2040 τοῦ

1105 2058 1374 2108 ΒΙνησιφίλου
1391 2057 1476 2109 ἔντη.
1495 2078 1546 2086 —
1589 2058 1646 2095 Cf.
1664 2058 1767 2094 Plut.

1104 2116 1214 2152 Brut.
1241 2118 1264 2155 3
1296 2114 1361 2152 sm.
1396 2116 1439 2150 Iu
1469 2127 1577 2165 seqq.
1613 2113 1662 2151 ad
1696 2114 1768 2150 du-

1104 2172 1197 2224 plex
1216 2186 1256 2211 τε
1272 2185 1377 2209 -τε
1403 2171 1506 2208 conf.
1530 2171 1610 2220 V11,
1632 2174 1657 2213 8
1675 2172 1711 2217 §.
1730 2173 1767 2211 1.

1324 2260 1417 2311 cap.
1439 2261 1545 2297 LIX.

1162 2338 1289 2389 πολύς
1328 2336 1381 2393 ἦν
1421 2340 1444 2381 ὁ
1482 2337 1767 2392 Θεμιστοκλέης

1105 2398 1150 2439 ἐν
1179 2403 1280 2438 τοῖσι
1319 2396 1494 2451 λόγοισι,
1544 2394 1609 2438 οἶα
1639 2393 1765 2448 κάρτα

1107 2453 1324 2506 δεόμενος]
1356 2457 1381 2493 i.
1423 2470 1456 2492 e.
1481 2456 1591 2492 multa
1627 2454 1765 2491 dicebat

1106 2513 1280 2564 (multus
1343 2520 1420 2549 erat
1468 2513 1507 2548 in
1570 2509 1762 2558 dicendo)

1105 2573 1232 2621 quippe
1270 2569 1455 2606 admodum
1492 2570 1643 2607 instans.
1701 2566 1763 2604 Ad

1103 2628 1339 2665 locutionem
1368 2626 1467 2663 conf.
1489 2626 1580 2673 vll,
1616 2624 1694 2665 158
1727 2630 1763 2660 et

1103 2686 1143 2722 iu
1167 2697 1273 2735 seqq.
1307 2682 1355 2720 ad
1382 2685 1547 2720 sormam
1574 2676 1766 2730 &agemus-

1103 2745 1210 2787 κλεες
1232 2739 1366 2777 Matth.
1389 2741 1523 2779 (ἕκαθεν.
1547 2741 1582 2785 ξ.
1606 2741 1658 2779 76
1674 2750 1762 2788 pag.

1105 2801 1200 2839 176.
1234 2798 1435 2834 Caeterum
1466 2795 1650 2833 Herodoti
1671 2807 1760 2831 cum

1100 2855 1316 2893 narratione
1338 2855 1552 2892 conferatur
1569 2849 1763 2890 Plutarch.
