1839 3292
388 171 471 211 282
795 173 1257 212 HERODOTI

386 278 604 335 λέχθησαν
632 281 731 334 περὶ
761 279 909 324 αὐτῶν
937 296 983 324 τε
1010 281 1180 324 τούτων
1207 282 1280 326 καὶ
1308 283 1476 335 ἄλλων,
1507 282 1662 327 ἐλθόν-

361 353 459 398 Ξτες
489 346 608 402 παρὰ
631 350 891 403 Παυσανίην
912 348 980 391 ἐπὶ
1008 347 1057 391 τό
1081 347 1221 400 δεξιὸν
1238 350 1380 402 κέρας.
1431 353 1541 394 ἄλλα
1558 352 1658 406 γάρ,

386 414 557 457 τούτων
598 414 814 458 τοιούτων
843 413 1028 468 ἐόντων,
1069 413 1237 471 μᾶλλόν
1277 427 1413 472 σφεας
1442 420 1659 464 ἐπελύπεε.

389 480 491 525 οὔτε
521 480 603 535 γὰρ
638 484 751 526 σιτία
781 481 897 538 εἶχον
928 483 1012 533 ἔτι,
1052 485 1099 527 οἳ
1123 483 1169 527 τέ
1199 495 1347 539 σφεων
1381 484 1577 541 ὀπέωνες,
1609 486 1659 532 ἆ-

384 549 714 604 ποπεμφθέντες
759 552 800 602 ἐς
836 550 1176 608 Πελοπόννησον
1215 552 1271 602 ὡς
1312 552 1658 609 ἐπισιτιεύμενοι,

385 615 678 661 ἀποκεκλέατο
719 618 808 663 ὑπὸ
838 625 913 676 τῆς
943 621 1102 672 ἵππου,
1141 621 1197 663 ου’
1243 619 1481 677 δυνάμενοι
1510 621 1692 667 (ἔνεικέ-1

385 688 492 726 σθαι
523 683 565 734 ἐς
594 685 643 728 τό
675 687 985 741 στρατόπεδον.
1044 688 1412 743 Βουλευομένοισι
1453 689 1499 734 δὲ
1543 696 1656 735 τοῖσι

387 759 666 807 στρατηγοῖσι
684 755 823 806 ἔδοξε,
855 755 908 811 ἢν
927 754 1258 810 ὑπερβάλωνται
1276 758 1423 813 κείνην
1442 758 1523 814 τὴν
1547 759 1648 815 ἡμέ-

383 835 467 876 ρην
496 821 541 863 οἰ
571 821 738 878 Πέρσαι
767 824 992 880 συμβολὴν
1015 823 1073 880 μὴ
1095 823 1368 879 ποιεύμενοι,
1399 825 1442 877 ἐς
1471 826 1552 883 τὴν
1580 831 1656 884 νῆ-

258 686 320 731 51

50 749 219 777 Pausaniae
228 760 276 778 cas
265 756 328 778 tra

51 783 105 809 sub
124 789 238 811 noctem
260 794 326 820 pro-

50 824 158 844 Xtfflam
173 824 289 846 mutare

50 851 159 886 placet.
180 854 287 882 ocroc.

354 893 377 928 2
386 899 464 931 σον
495 889 621 932 ἰέναι.

382 1071 482 1113 ἄλλα
504 1071 579 1128 γὰρ
602 1098 654 1104 —
692 1072 843 1127 μᾶλλόν
863 1087 989 1125 σφεας

322 1128 539 1180 ἕπελύπεε]
581 1133 607 1169 i.
639 1147 673 1170 e.
712 1145 860 1182 namque
905 1134 989 1170 staec

321 1201 426 1238 quum
472 1190 526 1226 ita
566 1193 698 1236 esseut,
746 1190 824 1227 alia
856 1202 989 1240 quoque

326 1245 610 1296 (incommoda)
655 1248 744 1297 ipsos
783 1247 837 1283 vel
869 1250 987 1296 magis

319 1302 531 1351 premebant.
574 1304 761 1354 Rescripsi
778 1301 875 1342 ἄλλα
897 1317 986 1341 cum

322 1357 620 1409 Valckeuaerio,
671 1358 892 1410 Schweigh.
950 1367 987 1398 et

321 1415 462 1464 Gaisf.‚
512 1417 615 1454 libris
657 1418 802 1468 scriptis
843 1418 982 1466 invitis,

322 1473 456 1523 quiin
484 1473 649 1510 lectione
692 1469 792 1513 ἀλλά
832 1475 986 1525 conspi—

320 1535 402 1565 rant
416 1546 427 1577 ‚-
443 1528 546 1580 quod
561 1531 692 1567 sicum
701 1528 834 1568 Matth.
848 1533 984 1583 (quem

320 1585 422 1623 conf.
442 1587 508 1623 Gr.
523 1588 586 1624 Gr.
605 1588 642 1632 ξ.
667 1587 747 1628 615
769 1600 856 1638 pag.
875 1586 982 1627 1244

321 1643 409 1679 coll.
437 1644 518 1682 Ast.
554 1643 603 1680 ad
628 1644 780 1682 Platon.
817 1642 980 1681 Phaedr.

318 1711 408 1749 pag.
441 1699 546 1749 2:24,
585 1701 652 1737 ubi
694 1699 742 1737 de
789 1702 981 1751 particulis

319 1751 419 1795 α’λλοέ
439 1754 514 1810 γάρ
534 1758 699 1794 crebrius
710 1759 860 1806 iunctis)
874 1772 980 1795 rece-—

317 1813 437 1863 peris,
474 1814 667 1864 subiecto,
699 1814 802 1866 quod
835 1814 978 1863 dicunt,

317 1870 459 1907 carebit
498 1872 631 1913 oratio,
708 1873 784 1908 Pro
841 1868 979 1910 ἐλύπεε

316 1939 406 1963 cum
422 1926 559 1964 eodem
576 1926 795 1978 Schweigh.
815 1935 852 1965 et
864 1928 978 1966 Gaisf.

317 1982 406 2020 dedi
429 1981 618 2024 ἐπελύπεε
634 2016 643 2033 ,
667 1984 771 2038 quod
793 1998 881 2022 cum
898 1987 978 2022 aliis

315 2042 543 2090 suggerebat
562 2043 816 2080 Florentinus.
837 2064 890 2070 --
935 2044 979 2078 In

316 2099 493 2148 proxime
531 2112 636 2151 seqq,
686 2113 776 2136 cum
823 2106 979 2137 receutt.

317 2153 406 2191 dedi
446 2152 643 2205 ὀπέωνες,
683 2157 750 2193 ubi
790 2156 981 2193 Sancrofti

316 2211 441 2248 codex
478 2207 679 2260 ὀπαῶνες,
715 2221 753 2250 et
782 2213 979 2250 Schaeser.

315 2281 406 2305 cum
418 2267 553 2306 Matth.
574 2265 755 2317 ὀπάονες.
784 2271 849 2306 Tu
874 2270 976 2306 conf.

316 2332 411 2362 nott.
442 2324 491 2362 ad
522 2327 580 2373 V,
631 2329 721 2366 111.
767 2327 841 2371 Qui
874 2327 975 2362 enim

317 2381 414 2418 dixit
433 2381 672 2430 Ποσειδέων,
695 2384 766 2419 alia
781 2382 820 2419 id
841 2396 974 2433 genus,

316 2452 405 2474 eum
427 2452 580 2491 quoque
601 2435 734 2479 ὄπέων
759 2439 884 2477 dicere
905 2453 978 2491 po-

316 2497 427 2532 tuisse
459 2510 527 2546 pro
550 2492 712 2544 ὀπάων,
759 2496 855 2533 nihil
885 2510 975 2533 saue

316 2552 487 2601 impedit.
545 2552 608 2590 Ad
643 2554 803 2590 verbum
849 2553 976 2593 ἐπισι-

316 2604 514 2659 τιεύμενοι
528 2611 630 2647 conf.
641 2617 734 2648 nott.
752 2610 800 2647 ad
814 2612 977 2658 v11‚176

314 2665 401 2711 1in.3
435 2673 471 2702 et
491 2666 538 2702 de
558 2667 681 2704 forma
713 2663 975 2707 α’ποκεκλέατο

314 2719 449 2759 matth.
479 2724 546 2764 Gr.
566 2726 633 2762 Gr.
661 2725 699 2771 ξ.
722 2723 816 2772 204,
840 2727 866 2766 6
887 2736 975 2777 pag·

316 2780 408 2818 377.

680 892 707 947 ή
737 891 782 935 δέ
812 891 899 936 ἐστι
919 890 1004 935 ἀπό
1035 896 1115 936 τοῦ
1142 891 1339 936 Ἀσωποῦ
1356 893 1430 937 καὶ
1459 898 1535 951 τῆς
1554 895 1683 951 κρῆ-5

1284 1099 1376 1151 Cap.
1405 1101 1469 1137 LI.

1101 1185 1161 1256 ’ἣν
1201 1185 1509 1258 ὕπερβάλωνται
1554 1209 1604 1217 -
1650 1189 1705 1242 μή

1043 1241 1296 1298 ποιευμενοι]
1359 1243 1412 1298 μὴ
1460 1259 1507 1283 ex
1559 1244 1708 1284 duobus

1044 1302 1156 1343 codd.
1200 1310 1397 1354 receptum
1437 1316 1458 1340 a
1500 1301 1707 1341 Schaefero

1043 1361 1184 1397 retinui
1224 1373 1314 1397 cum
1353 1360 1506 1412 reliquis
1546 1359 1633 1398 edd.
1670 1367 1707 1398 et

1042 1417 1231 1468 probante
1266 1418 1314 1454 G.
1348 1418 1598 1464 Hermanno,
1639 1418 1706 1468 qui

1040 1473 1146 1511 hunc
1177 1474 1253 1511 loci
1279 1486 1434 1510 sensum
1466 1486 1545 1510 esse
1576 1472 1706 1511 docuit

1039 1531 1079 1567 iu
1101 1531 1225 1568 Wolf.
1247 1537 1283 1567 et
1302 1531 1447 1568 Buttm.
1457 1532 1556 1567 Mus.
1569 1531 1703 1582 Antiq-

1038 1589 1056 1624 Ι
1085 1600 1174 1638 pag.
1201 1589 1283 1627 219
1318 1594 1355 1624 et
1382 1586 1431 1623 ad
1459 1587 1585 1636 Viger.
1614 1599 1701 1638 pag.

1040 1646 1118 1685 811
1140 1657 1150 1681 :
1181 1645 1240 1692 „si
1258 1656 1333 1681 eum
1355 1643 1446 1681 diem
1475 1643 1603 1681 Persae
1626 1646 1703 1681 sine

1034 1701 1167 1752 proelio
1207 1701 1550 1751 praetermisissent“
1596 1698 1702 1737 idem

1038 1756 1230 1805 adiiciens,
1257 1758 1442 1808 particula
1463 1753 1518 1808 μή
1538 1757 1570 1794 si
1588 1759 1702 1794 omit-

1035 1821 1157 1862 tatur,
1178 1815 1253 1850 loci
1271 1827 1427 1851 sensum
1462 1825 1566 1850 esse:
1602 1815 1636 1850 si
1663 1827 1701 1851 eo

1037 1871 1093 1909 die
1123 1871 1293 1922 proelium
1331 1872 1538 1908 committere
1572 1869 1702 1908 Persae

1035 1930 1242 1967 omisissent.
1284 1926 1596 1978 Schweighaeus.
1615 1940 1700 1964 ver-

1035 1985 1085 2022 bo
1105 1980 1426 2036 ὑπερβάλλεσθαι
1456 1983 1702 2035 supersedendi

1035 2043 1218 2078 tribuerat
1255 2043 1474 2089 notionem3
1519 2039 1699 2092 equidem

1037 2098 1232 2147 differendi
1254 2105 1290 2135 et
1308 2098 1600 2148 procrastinandi
1618 2098 1698 2147 sig-

1036 2156 1254 2191 nificatione
1274 2154 1315 2190 id
1334 2155 1427 2206 poni
1447 2153 1622 2201 credam,
1649 2152 1696 2190 de

1037 2225 1112 2263 qua
1135 2211 1235 2250 conf.
1252 2212 1330 2258 lx,
1360 2210 1429 2251 45.
1451 2231 1500 2238 -
1523 2211 1568 2246 Iu
1588 2223 1695 2262 seqq.

1037 2267 1189 2305 dicendi
1198 2279 1340 2318 genus:
1364 2264 1444 2306 ἐστὶ
1462 2287 1510 2294 —
1525 2263 1696 2316 ἀπέχου-

1034 2326 1221 2374 occattigit
1235 2322 1372 2360 Matth.
1395 2324 1460 2362 Gr.
1473 2324 1536 2362 Gr.
1556 2325 1594 2368 ξ.
1614 2323 1695 2363 559

1033 2396 1072 2433 p.
1089 2381 1206 2429 1104,
1221 2379 1604 2447 quiideminverbis.
1627 2381 1696 2430 νῆ-

1036 2450 1104 2484 σος
1137 2435 1180 2476 δὲ
1207 2433 1332 2477 ου’τω
1365 2433 1417 2476 ἂν
1446 2436 1506 2487 εἴη
1540 2447 1576 2474 κ.
1599 2450 1633 2474 τ.
1659 2438 1694 2474 λ.

1033 2495 1258 2546 particulam
1289 2489 1392 2533 ου’τω
1417 2492 1466 2530 ad
1485 2493 1694 2545 sequentia,

1033 2565 1111 2589 non
1128 2550 1176 2588 ad
1191 2563 1409 2602 praegressa
1423 2557 1590 2601 spectare
1605 2561 1695 2586 mo-

1032 2609 1116 2645 nuit
1133 2610 1168 2654 §.
1189 2608 1270 2648 470
1291 2615 1370 2646 not.
1392 2621 1432 2658 p.
1457 2609 1552 2648 871.
1597 2606 1693 2643 Ver-

1034 2667 1127 2702 bum
1148 2663 1288 2716 διέχων
1313 2665 1357 2714 (ἰ.
1379 2677 1414 2702 e.
1437 2676 1616 2714 separans,
1634 2662 1691 2699 ‹li-

1032 2723 1172 2770 rimens)
1214 2720 1323 2758 affert
1373 2719 1548 2758 Thomas
1586 2720 1691 2768 Mag.

1032 2793 1062 2818 s.
1082 2793 1118 2819 v.
1140 2777 1258 2831 διέχει
1284 2790 1371 2830 pag.
1400 2775 1495 2819 134.
1513 2797 1582 2806 -›
1608 2776 1691 2812 Hoc
