1839 3292
71 811 138 856 77

542 233 883 270 URANIA.
942 233 1066 269 V111.

1358 236 1438 274 107

205 361 256 389 τοι
292 342 473 397 μάλιστα
512 339 796 394 ἐξοισομένων
829 343 917 383 τῶν
955 356 999 383 τε
1039 340 1214 394 ἀνδρῶν
1249 341 1320 382 καὶ
1358 345 1445 384 τῶν

202 411 444 465 ναυηγίων,
494 409 568 459 (ἐν
607 409 689 463 γὰρ
729 406 781 463 δὴ
820 407 942 463 πόρῳ
981 412 1055 463 τῆς
1095 408 1332 463 ναυμαχίης
1371 413 1446 464 τῆς

203 475 439 533 μελλούσης
479 475 652 518 ἔσεσθαι
689 475 824 518 ἔκειτο
863 474 890 530 ἦ
930 478 1099 531 νῆσος,)
1139 477 1210 518 ἵνα
1238 475 1340 525 τούς
1368 475 1446 530 μὲν

174 549 482 597 4περιποιῶσι,
519 543 623 593 τούς
653 543 697 586 δὲ
737 544 1038 597 διαφθείρωσι.
1067 543 1242 585 ἐποίευν
1274 542 1318 586 δὲ
1349 546 1447 599 σιγῇ

202 616 358 664 ταῦτα,
398 610 455 661 ὥς
490 610 547 666 μή
578 611 879 653 πυνθανοίατο
912 613 954 653 οἱ
983 611 1183 653 ἐναντίοι.
1227 612 1269 652 οἵ
1296 612 1373 664 μὲν
1401 610 1504 666 δὴ45

201 683 336 722 ταῦτα
375 683 448 734 τῆς
483 676 662 730 νυκτὸς,
716 675 847 721 οὐδὲν
878 676 1255 734 ἀποκοιμηθέντες,
1285 693 1450 734 παραρ-

201 747 359 790 τέοντο.

314 816 559 869 Χρησμοῖσι
596 812 642 855 δὲ
671 810 751 855 οὐκ
784 812 862 868 ἔχω
894 811 1126 867 ἀντιλέγειν
1167 810 1223 862 ὡς
1254 810 1335 854 οὐκ
1365 811 1446 853 εἰσὶ

201 881 401 937 α’ληθὲες,
442 878 494 923 οὐ
524 878 792 935 βουλόμενος
829 880 1038 934 ἐναργέως
1067 879 1268 934 λέγοντας
1297 881 1445 933 πειρᾶ-

201 953 306 991 σθαι
340 947 648 1004 καταβάλλειν,
678 947 720 999 ἐς
747 946 893 990 τοιάδε
921 947 1149 1004 πρήγματα
1177 945 1395 1002 ἐσβλέψας.

200 1122 268 1161 ἵνα
291 1120 385 1169 τούς
410 1119 479 1174 ,μὲν
499 1123 736 1171 περιποιῶσι
755 1135 792 1161 κ.

144 1193 176 1218 τ.
196 1180 247 1226 λ.]
270 1180 375 1215 Bene
388 1193 475 1215 cum
495 1176 550 1214 his
564 1178 791 1226 VVesseling.

145 1234 340 1272 contendit
359 1234 532 1285 Aeschyl.
560 1235 664 1270 Pers.
699 1233 792 1274 540.

148 1314 198 1320 -
215 1290 276 1326 Ad
295 1290 558 1342 παραρτέοντο
576 1290 675 1326 cons.
697 1296 792 1326 nott.

145 1346 194 1383 ad
221 1348 312 1394 Vn,
349 1351 414 1388 20.
445 1347 546 1385 Add.
582 1347 689 1393 vm,
727 1347 795 1385 81.

144 1404 222 1451 IX,
252 1406 320 1443 29.

319 1492 409 1542 cap.
428 1491 620 1530 LXXVII.

203 1573 425 1622 Χρησμοῖσι
439 1567 481 1609 δὲ
497 1565 572 1609 ov’n
592 1568 665 1620 ἔχω
684 1565 796 1608 ἅντι-

143 1624 267 1678 λέγειν
284 1642 318 1666 κ.
337 1643 367 1666 τ.
399 1626 456 1677 λ.]
498 1628 567 1664 Vel
598 1625 659 1663 hic
690 1627 795 1664 locus

143 1682 340 1720 ostendere
378 1690 518 1734 potest,
558 1681 797 1720 Herodotum

143 1753 222 1777 non
252 1741 302 1776 ita
321 1741 581 1790 superstitione
606 1740 718 1776 fuisse
730 1753 796 1776 ca-

143 1803 265 1846 ptum,
296 1804 339 1833 ut
359 1797 534 1833 omnibus
550 1798 707 1834 oraculis
735 1803 795 1832 te-

143 1865 248 1888 mere
259 1852 413 1889 adderet
429 1853 557 1901 fidem,
579 1866 693 1905 quam
710 1860 795 1890 tum

146 1908 301 1945 demum
355 1907 533 1946 adhibere
579 1923 686 1960 posse
726 1910 796 1946 sibi

144 1964 363 2013 videbatur,
413 1967 443 2002 si
478 1974 632 2003 eventus
684 1979 795 2016 prae-

146 2020 253 2058 dictis
274 2021 528 2071 responderet.
587 2023 685 2059 Sunt
706 2035 794 2058 vero

143 2075 238 2114 haec
277 2080 477 2114 coniuncta
516 2092 604 2115 cum
641 2080 796 2115 notione

145 2133 193 2170 de
211 2134 287 2170 fato
302 2141 336 2170 et
352 2134 477 2171 divino
489 2137 657 2183 numine,
680 2148 796 2186 quam

143 2190 215 2227 sibi
231 2192 363 2227 Noster
384 2193 510 2227 animo
533 2192 795 2241 conformavit,

146 2246 297 2298 quaque
314 2248 426 2283 etiam
451 2250 572 2285 omnis
592 2250 723 2285 nititur
734 2262 796 2284 va-

145 2304 360 2339 ticiniorum
386 2304 477 2341 fides
505 2306 703 2356 omnisque
737 2304 796 2341 di-

145 2360 343 2397 vinationis
356 2362 494 2412 opinio.
526 2362 633 2402 Conf,
653 2364 796 2413 Iaeger.

146 2417 306 2467 Disputt.
334 2419 498 2457 Herodd.
519 2434 606 2472 pag.
628 2420 693 2461 48.
739 2421 796 2459 Ac

148 2475 282 2523 repetit
309 2477 441 2512 Noster
469 2478 509 2512 in
545 2478 621 2522 fine
652 2478 795 2527 capitis,

147 2530 228 2578 ipso
249 2533 397 2568 oraculo
421 2534 543 2580 allato,
572 2532 670 2570 hanc
689 2547 796 2570 suam

146 2587 382 2632 sententiam,
415 2602 489 2640 quo
511 2592 630 2640 magis
650 2591 713 2626 illa
729 2589 798 2626 ha-

147 2642 234 2678 beat
264 2642 409 2691 pondus
442 2650 798 2699 auctoritatemque3

148 2697 473 2748 quemadmodum
490 2701 592 2738 idem
610 2704 672 2739 ille
688 2716 799 2753 supra

149 2766 302 2805 quque
323 2767 379 2801 88,
407 2768 501 2806 qnae
522 2766 649 2796 contra
671 2772 800 2795 rel'uln

149 2817 324 2847 naturam
343 2811 423 2847 fieri
442 2815 617 2863 putabat,
652 2816 691 2851 in
707 2828 800 2852 exa-

846 1133 937 1156 men
951 1126 1124 1167 vocarat,
1152 1119 1282 1157 sedulo
1297 1119 1503 1170 inquirens,

846 1189 941 1212 num
957 1190 1085 1214 revera
1101 1178 1169 1212 ista
1184 1178 1235 1213 sic
1255 1176 1422 1212 accidere
1433 1189 1505 1226 po—

847 1234 999 1269 tuerint.
1083 1234 1150 1268 His
1195 1232 1354 1279 addam,
1407 1245 1504 1283 quae

859 1288 1238 1325 Valckenaerius
1258 1288 1303 1324 ad
1321 1287 1399 1328 h.l.
1420 1301 1505 1338 per-

849 1345 1019 1394 scripsit:
1043 1346 1167 1391 „Hinc
1196 1346 1308 1381 simul
1329 1346 1505 1381 aestima-

849 1414 890 1437 re
909 1401 1008 1447 licet,
1026 1402 1102 1436 iam
1120 1408 1203 1436 tum
1223 1399 1394 1437 homines
1416 1402 1506 1437 fuis·

850 1470 890 1494 se
910 1457 1025 1506 vulgo
1047 1458 1347 1507 perspicaciores,
1370 1457 1505 1506 quibus

852 1512 1086 1563 adparuerit‚
1123 1512 1227 1563 quod
1255 1511 1404 1549 Bacidis
1443 1511 1505 1561 [de

852 1583 928 1622 quo
949 1570 1050 1607 conf.
1070 1570 1176 1618 VIII,
1204 1572 1257 1609 20
1278 1570 1368 1620 ibiq.
1388 1569 1505 1617 noth]

850 1640 928 1663 esse
960 1627 1150 1663 ferebatur
1186 1627 1384 1662 oraculum
1403 1626 1498 1662 istoc

852 1684 1008 1720 articulo
1036 1683 1236 1733 temporis⁷
1265 1683 1380 1732 ipsius
1408 1682 1505 1718 forte

850 1753 963 1777 suasu
993 1738 1259 1776 Themistoclis
1280 1739 1391 1775 fnisse
1412 1751 1506 1775 con-

850 1796 994 1835 fictum.
1026 1797 1130 1841 Quae
1144 1797 1244 1833 bello
1263 1797 1505 1845 Peloponne-

851 1856 949 1890 siaco
989 1852 1036 1889 ad
1064 1854 1216 1903 plebem
1244 1853 1410 1889 Atticam
1446 1852 1506 1888 la-

853 1909 1032 1946 ctandam
1048 1911 1094 1946 ab
1115 1910 1359 1946 esurientibus
1380 1909 1507 1958 finge-

851 1968 988 2003 bantur
1009 1966 1226 2015 demagogis
1239 1996 1247 2012 ‚
1269 1966 1372 2002 velut
1393 1966 1507 2001 Baci-

853 2022 907 2060 dis
928 2030 991 2059 aut
1010 2024 1123 2073 ipsius
1143 2023 1327 2072 Apollinis
1353 2022 1504 2058 oracula

851 2078 1010 2116 Athenis
1043 2079 1257 2126 decantata,
1316 2078 1412 2114 ridet
1441 2079 1505 2113 illa

852 2149 993 2186 magna
1027 2149 1116 2172 cum
1157 2136 1326 2171 libertate
1358 2135 1506 2170 Aristo-

851 2191 993 2243 phanes
1022 2194 1061 2228 in
1085 2193 1196 2228 Avib.
1225 2193 1302 2231 963
1333 2204 1438 2242 seqq.
1469 2196 1506 2226 et

852 2251 981 2300 Equit.
1010 2248 1089 2289 995
1131 2255 1200 2285 etc.
1252 2246 1313 2283 Ad
1342 2247 1506 2284 veritatis

852 2307 983 2342 lumen
1021 2306 1205 2341 Eusebius
1250 2305 1353 2340 istius
1393 2305 1506 2339 etiam

853 2363 1026 2401 officinae
1060 2361 1209 2400 fraudes
1238 2368 1409 2412 retegens
1439 2360 1504 2398 lib.

851 2422 902 2459 IV
955 2423 1089 2472 Praep.
1128 2423 1275 2470 Evang.
1326 2421 1505 2471 pleraque

851 2479 963 2514 fuisse
1004 2485 1110 2528 putat
1154 2478 1305 2514 oracula
1351 2473 1506 2528 γοήτων

853 2531 1010 2584 εἷνδρῶν
1047 2530 1290 2584 τεχνάσματα
1306 2561 1315 2579 ,
1355 2540 1396 2569 ut
1431 2534 1506 2570 Oe-

853 2604 993 2627 nomao
1015 2599 1114 2627 certe
1135 2589 1358 2627 videbantur
1379 2589 1507 2626 Gada-

853 2660 946 2683 reno
965 2648 1003 2682 iu
1024 2648 1117 2683 libro
1134 2676 1142 2693 ‚
1175 2659 1288 2697 quem
1307 2646 1506 2696 inscripse-

854 2710 911 2739 rat
935 2700 1055 2751 Φωρᾶ
1074 2698 1243 2753 γοήτων.
1301 2701 1379 2739 Sed
1402 2704 1506 2738 mul-

855 2766 892 2795 ta
914 2759 1035 2808 potius
1054 2758 1206 2795 fuerunt
1221 2759 1388 2795 virorum
1401 2760 1506 2809 prin-

856 2816 1004 2865 cipum,
1036 2808 1196 2866 ἆνὸρῶν
1221 2829 1262 2855 τε
1282 2817 1421 2865 σοφῶν
1445 2829 1506 2854 τε-

1501 813 1621 841 Bacidis
1639 820 1742 839 oracu-

1500 848 1562 875 lum
1572 847 1626 873 huc
1638 850 1773 881 spectans

1503 881 1711 914 Graeciaeque
1727 888 1773 907 sa-

1502 915 1593 942 lutem
1611 919 1728 949 porten-

1501 948 1583 976 dens.
