<?xml version="1.0" encoding="UTF-8"?>
<!DOCTYPE html PUBLIC "-//W3C//DTD XHTML 1.0 Transitional//EN"
    "http://www.w3.org/TR/xhtml1/DTD/xhtml1-transitional.dtd">
<html xmlns="http://www.w3.org/1999/xhtml" xml:lang="en" lang="en">
 <head>
  <title>
</title>
<meta http-equiv="Content-Type" content="text/html;charset=utf-8" />
  <meta name='ocr-system' content='tesseract 3.04.00' />
  <meta name='ocr-capabilities' content='ocr_page ocr_carea ocr_par ocr_line ocrx_word'/>
</head>
<body>
  <div class='ocr_page' id='page_1' title='image "./musaeher04hero/musaeher04hero_0252.png"; bbox 0 0 1839 3292; ppageno 0'>
   <div class='ocr_carea' id='block_1_1' title="bbox 389 217 473 257">
    <p class='ocr_par' dir='ltr' id='par_1_1' title="bbox 389 217 473 257">
     <span class='ocr_line' id='line_1_1' title="bbox 389 217 473 257; baseline 0 0"><span class='ocrx_word' id='word_1_1' title='bbox 389 217 473 257; x_wconf 68' lang='lat'>241</span> 
     </span>
    </p>
   </div>
   <div class='ocr_carea' id='block_1_2' title="bbox 770 207 1247 250">
    <p class='ocr_par' dir='ltr' id='par_1_2' title="bbox 770 207 1247 250">
     <span class='ocr_line' id='line_1_2' title="bbox 770 207 1247 250; baseline -0.004 0"><span class='ocrx_word' id='word_1_2' title='bbox 770 207 1247 250; x_wconf 75' lang='lat' dir='ltr'>&#39;HERODOTI</span> 
     </span>
    </p>
   </div>
   <div class='ocr_carea' id='block_1_3' title="bbox 358 314 1713 716">
    <p class='ocr_par' dir='ltr' id='par_1_3' title="bbox 387 314 1713 716">
     <span class='ocr_line' id='line_1_3' title="bbox 387 314 1709 382; baseline -0.006 -15"><span class='ocrx_word' id='word_1_3' title='bbox 387 328 489 382; x_wconf 56' lang='lat' dir='ltr'>„niv</span> <span class='ocrx_word' id='word_1_4' title='bbox 499 321 720 377; x_wconf 78' lang='grc' dir='ltr'><em>πατρώὶόν</em></span> <span class='ocrx_word' id='word_1_5' title='bbox 736 321 842 371; x_wconf 81' lang='grc' dir='ltr'><em>ἔστι,</em></span> <span class='ocrx_word' id='word_1_6' title='bbox 856 321 973 364; x_wconf 75' lang='grc' dir='ltr'><em>ἐοῦσι</em></span> <span class='ocrx_word' id='word_1_7' title='bbox 987 323 1206 374; x_wconf 84' lang='grc' dir='ltr'><em>χοηστοΐσι</em></span> <span class='ocrx_word' id='word_1_8' title='bbox 1220 320 1315 371; x_wconf 84' lang='grc' dir='ltr'><em>αἰεὶ,</em></span> <span class='ocrx_word' id='word_1_9' title='bbox 1328 317 1538 373; x_wconf 82' lang='grc' dir='ltr'><em>πρώτοισι</em></span> <span class='ocrx_word' id='word_1_10' title='bbox 1551 314 1709 360; x_wconf 76' lang='grc' dir='ltr'><em>εἷναιδΟ</em></span> 
     </span>
     <span class='ocr_line' id='line_1_4' title="bbox 358 381 1657 449; baseline -0.005 -15.844"><span class='ocrx_word' id='word_1_11' title='bbox 358 391 443 449; x_wconf 80' lang='grc' dir='ltr'>3,,ἡ</span> <span class='ocrx_word' id='word_1_12' title='bbox 441 390 637 445; x_wconf 78' lang='grc' dir='ltr'><em>Ἀρκάσι.</em></span> <span class='ocrx_word' id='word_1_13' title='bbox 651 388 842 440; x_wconf 78' lang='grc' dir='ltr'><em>[Ιρακλε</em></span> <span class='ocrx_word' id='word_1_14' title='bbox 847 389 1046 440; x_wconf 83' lang='grc' dir='ltr'><em>ίδας,τών</em></span> <span class='ocrx_word' id='word_1_15' title='bbox 1058 381 1301 440; x_wconf 75' lang='grc' dir='ltr'><em>οὗτοίφασι</em></span> <span class='ocrx_word' id='word_1_16' title='bbox 1315 385 1566 429; x_wconf 74' lang='grc' dir='ltr'><em>ἀποκτεῖναι</em></span> <span class='ocrx_word' id='word_1_17' title='bbox 1577 383 1657 427; x_wconf 79' lang='grc' dir='ltr'><em>τόν</em></span> 
     </span>
     <span class='ocr_line' id='line_1_5' title="bbox 392 452 1654 516; baseline -0.006 -14"><span class='ocrx_word' id='word_1_18' title='bbox 392 458 610 516; x_wconf 82' lang='grc' dir='ltr'><em>,,ἡγεμόνα</em></span> <span class='ocrx_word' id='word_1_19' title='bbox 642 456 688 498; x_wconf 84' lang='grc' dir='ltr'><em>έν</em></span> <span class='ocrx_word' id='word_1_20' title='bbox 716 453 903 510; x_wconf 76' lang='grc' dir='ltr'>Ἰσθμῷ,</span> <span class='ocrx_word' id='word_1_21' title='bbox 944 459 1077 498; x_wconf 80' lang='grc' dir='ltr'><em>τοῦτο</em></span> <span class='ocrx_word' id='word_1_22' title='bbox 1109 455 1186 509; x_wconf 78' lang='grc' dir='ltr'><em>μὲν</em></span> <span class='ocrx_word' id='word_1_23' title='bbox 1212 453 1396 504; x_wconf 80' lang='grc' dir='ltr'><strong>τούτους</strong></span> <span class='ocrx_word' id='word_1_24' title='bbox 1425 452 1654 508; x_wconf 79' lang='grc' dir='ltr'><em>πρότερον,</em></span> 
     </span>
     <span class='ocr_line' id='line_1_6' title="bbox 394 520 1655 581; baseline -0.003 -13"><span class='ocrx_word' id='word_1_25' title='bbox 394 522 784 581; x_wconf 79' lang='grc' dir='ltr'><em>,,έξελαυνομένους</em></span> <span class='ocrx_word' id='word_1_26' title='bbox 814 522 900 566; x_wconf 66' lang='lat' dir='ltr'>mco*</span> <span class='ocrx_word' id='word_1_27' title='bbox 932 521 1106 565; x_wconf 73' lang='grc' dir='ltr'><em>πάντων</em></span> <span class='ocrx_word' id='word_1_28' title='bbox 1126 525 1211 563; x_wconf 79' lang='grc' dir='ltr'><em>τῶν</em></span> <span class='ocrx_word' id='word_1_29' title='bbox 1236 520 1466 576; x_wconf 84' lang='grc' dir='ltr'><em>Ελλήνων</em></span> <span class='ocrx_word' id='word_1_30' title='bbox 1488 520 1530 571; x_wconf 82' lang='grc' dir='ltr'>ἐς</span> <span class='ocrx_word' id='word_1_31' title='bbox 1550 520 1655 571; x_wconf 79' lang='grc' dir='ltr'>τούς</span> 
     </span>
     <span class='ocr_line' id='line_1_7' title="bbox 395 588 1654 647; baseline -0.003 -13"><span class='ocrx_word' id='word_1_32' title='bbox 395 592 651 647; x_wconf 56' lang='lat' dir='ltr'>„cinimiaco</span> <span class='ocrx_word' id='word_1_33' title='bbox 681 589 915 645; x_wconf 73' lang='grc' dir='ltr'><em>φεύγοντες</em></span> <span class='ocrx_word' id='word_1_34' title='bbox 945 588 1221 644; x_wconf 76' lang='grc' dir='ltr'><em>δουλοσύνην</em></span> <span class='ocrx_word' id='word_1_35' title='bbox 1241 604 1352 641; x_wconf 78' lang='grc' dir='ltr'><em>προς</em></span> <span class='ocrx_word' id='word_1_36' title='bbox 1364 589 1654 643; x_wconf 82' lang='grc' dir='ltr'><em>Μυκηναιων,</em></span> 
     </span>
     <span class='ocr_line' id='line_1_8' title="bbox 394 654 1713 716; baseline -0.006 -12"><span class='ocrx_word' id='word_1_37' title='bbox 394 663 582 716; x_wconf 65' lang='grc' dir='ltr'><em>,μοῦνοι</em></span> <span class='ocrx_word' id='word_1_38' title='bbox 611 657 938 711; x_wconf 71' lang='grc' dir='ltr'><em>ὑποδεξάμενοι,</em></span> <span class='ocrx_word' id='word_1_39' title='bbox 967 658 1045 714; x_wconf 74' lang='grc' dir='ltr'><em>τὴν</em></span> <span class='ocrx_word' id='word_1_40' title='bbox 1071 656 1328 712; x_wconf 80' lang='grc' dir='ltr'><em>Εὐρυσθέος</em></span> <span class='ocrx_word' id='word_1_41' title='bbox 1360 654 1491 711; x_wconf 81' lang='grc' dir='ltr'><em>ὕβριν</em></span> <span class='ocrx_word' id='word_1_42' title='bbox 1520 655 1713 698; x_wconf 63' lang='grc' dir='ltr'><em>κατά-65</em></span> 
     </span>
    </p>
   </div>
   <div class='ocr_carea' id='block_1_4' title="bbox 368 732 987 851">
    <p class='ocr_par' dir='ltr' id='par_1_4' title="bbox 368 732 987 851">
     <span class='ocr_line' id='line_1_9' title="bbox 392 732 572 782; baseline -0.006 -11"><span class='ocrx_word' id='word_1_43' title='bbox 392 732 552 782; x_wconf 83' lang='grc' dir='ltr'><em>,,λομεν</em></span> <span class='ocrx_word' id='word_1_44' title='bbox 563 760 572 777; x_wconf 84' lang='grc'>,</span> 
     </span>
     <span class='ocr_line' id='line_1_10' title="bbox 368 793 987 851; baseline -0.005 -13"><span class='ocrx_word' id='word_1_45' title='bbox 368 796 602 851; x_wconf 75' lang='grc' dir='ltr'><em>4,,ἔχοντας</em></span> <span class='ocrx_word' id='word_1_46' title='bbox 637 793 987 848; x_wconf 76' lang='grc' dir='ltr'><em>Πελοπόννησον.</em></span> 
     </span>
    </p>
   </div>
   <div class='ocr_carea' id='block_1_5' title="bbox 621 721 1656 844">
    <p class='ocr_par' dir='ltr' id='par_1_5' title="bbox 621 721 1656 844">
     <span class='ocr_line' id='line_1_11' title="bbox 621 721 1656 781; baseline -0.005 -12"><span class='ocrx_word' id='word_1_47' title='bbox 621 725 704 768; x_wconf 74' lang='grc' dir='ltr'><em>σὺν</em></span> <span class='ocrx_word' id='word_1_48' title='bbox 742 728 922 768; x_wconf 78' lang='grc' dir='ltr'><em>κείνοισι</em></span> <span class='ocrx_word' id='word_1_49' title='bbox 967 726 1080 781; x_wconf 79' lang='grc' dir='ltr'><em>μάχῃ</em></span> <span class='ocrx_word' id='word_1_50' title='bbox 1120 725 1374 779; x_wconf 74' lang='grc' dir='ltr'><em>νικήσαντες</em></span> <span class='ocrx_word' id='word_1_51' title='bbox 1415 721 1521 773; x_wconf 82' lang='grc' dir='ltr'>τούς</span> <span class='ocrx_word' id='word_1_52' title='bbox 1559 722 1656 765; x_wconf 86' lang='grc' dir='ltr'><em>τότε</em></span> 
     </span>
     <span class='ocr_line' id='line_1_12' title="bbox 1046 792 1276 844; baseline -0.009 -8"><span class='ocrx_word' id='word_1_53' title='bbox 1046 797 1177 836; x_wconf 85' lang='grc' dir='ltr'><em>τοῦτο</em></span> <span class='ocrx_word' id='word_1_54' title='bbox 1210 792 1276 844; x_wconf 78' lang='grc' dir='ltr'>ὁὲ,</span> 
     </span>
    </p>
   </div>
   <div class='ocr_carea' id='block_1_6' title="bbox 1306 789 1658 844">
    <p class='ocr_par' dir='ltr' id='par_1_6' title="bbox 1306 789 1658 844">
     <span class='ocr_line' id='line_1_13' title="bbox 1306 789 1658 844; baseline -0.003 -11"><span class='ocrx_word' id='word_1_55' title='bbox 1306 790 1524 844; x_wconf 80' lang='grc' dir='ltr'>Ἀργείους</span> <span class='ocrx_word' id='word_1_56' title='bbox 1552 789 1658 840; x_wconf 86' lang='grc' dir='ltr'>τούς</span> 
     </span>
    </p>
   </div>
   <div class='ocr_carea' id='block_1_7' title="bbox 395 855 1714 1145">
    <p class='ocr_par' dir='ltr' id='par_1_7' title="bbox 395 855 1714 1119">
     <span class='ocr_line' id='line_1_14' title="bbox 396 855 1657 918; baseline -0.005 -13"><span class='ocrx_word' id='word_1_57' title='bbox 396 862 528 918; x_wconf 58' lang='grc' dir='ltr'>,μετά</span> <span class='ocrx_word' id='word_1_58' title='bbox 578 863 868 911; x_wconf 78' lang='grc' dir='ltr'><em>Πολυνείκεος</em></span> <span class='ocrx_word' id='word_1_59' title='bbox 896 861 966 903; x_wconf 77' lang='grc' dir='ltr'>ἐπὶ</span> <span class='ocrx_word' id='word_1_60' title='bbox 999 860 1145 916; x_wconf 75' lang='grc' dir='ltr'><em>Θήβας</em></span> <span class='ocrx_word' id='word_1_61' title='bbox 1178 859 1434 909; x_wconf 71' lang='grc' dir='ltr'><em>ἐλάσαντας,</em></span> <span class='ocrx_word' id='word_1_62' title='bbox 1466 855 1657 913; x_wconf 81' lang='grc' dir='ltr'><em>τελευτή-</em></span> 
     </span>
     <span class='ocr_line' id='line_1_15' title="bbox 395 922 1714 986; baseline -0.006 -11"><span class='ocrx_word' id='word_1_63' title='bbox 395 945 579 986; x_wconf 81' lang='grc' dir='ltr'><em>,,σαντας</em></span> <span class='ocrx_word' id='word_1_64' title='bbox 615 927 693 971; x_wconf 86' lang='grc' dir='ltr'><em>τὸν</em></span> <span class='ocrx_word' id='word_1_65' title='bbox 725 929 883 978; x_wconf 72' lang='grc' dir='ltr'><em>αἰῶνα,</em></span> <span class='ocrx_word' id='word_1_66' title='bbox 924 929 996 972; x_wconf 76' lang='grc' dir='ltr'><em>καὶ</em></span> <span class='ocrx_word' id='word_1_67' title='bbox 1027 927 1226 984; x_wconf 78' lang='grc' dir='ltr'><em>ἀτάφους</em></span> <span class='ocrx_word' id='word_1_68' title='bbox 1255 926 1499 982; x_wconf 83' lang='grc' dir='ltr'><em>κειμένους,</em></span> <span class='ocrx_word' id='word_1_69' title='bbox 1532 922 1714 979; x_wconf 56' lang='grc' dir='ltr'><em>στραὲῚΟ</em></span> 
     </span>
     <span class='ocr_line' id='line_1_16' title="bbox 397 994 1658 1052; baseline -0.003 -11"><span class='ocrx_word' id='word_1_70' title='bbox 397 996 682 1052; x_wconf 77' lang='grc' dir='ltr'><em>,,τευσάμενοι</em></span> <span class='ocrx_word' id='word_1_71' title='bbox 712 996 779 1038; x_wconf 78' lang='grc' dir='ltr'>ἐπὶ</span> <span class='ocrx_word' id='word_1_72' title='bbox 809 1012 913 1047; x_wconf 88' lang='grc' dir='ltr'><em>τους</em></span> <span class='ocrx_word' id='word_1_73' title='bbox 943 998 1201 1051; x_wconf 82' lang='grc' dir='ltr'><em>Καδμείους,</em></span> <span class='ocrx_word' id='word_1_74' title='bbox 1233 994 1462 1038; x_wconf 75' lang='grc' dir='ltr'><em>ἀνελέσθαι</em></span> <span class='ocrx_word' id='word_1_75' title='bbox 1491 1011 1534 1037; x_wconf 85' lang='grc' dir='ltr'>τε</span> <span class='ocrx_word' id='word_1_76' title='bbox 1554 1010 1658 1044; x_wconf 89' lang='grc' dir='ltr'><em>τους</em></span> 
     </span>
     <span class='ocr_line' id='line_1_17' title="bbox 397 1060 1656 1145; baseline -0.004 -36"><span class='ocrx_word' id='word_1_77' title='bbox 397 1063 608 1119; x_wconf 81' lang='grc' dir='ltr'><em>,,νεκρου’ς</em></span> <span class='ocrx_word' id='word_1_78' title='bbox 639 1079 801 1118; x_wconf 75' lang='grc' dir='ltr'><em>φαμεν,</em></span> <span class='ocrx_word' id='word_1_79' title='bbox 830 1064 904 1106; x_wconf 85' lang='grc' dir='ltr'>καὶ</span> <span class='ocrx_word' id='word_1_80' title='bbox 939 1062 1082 1109; x_wconf 70' lang='grc' dir='ltr'><em>θάψαι</em></span> <span class='ocrx_word' id='word_1_81' title='bbox 1109 1068 1186 1145; x_wconf 78' lang='grc' dir='ltr'>τῆς</span> <span class='ocrx_word' id='word_1_82' title='bbox 1214 1063 1416 1118; x_wconf 75' lang='grc' dir='ltr'><em>ἡμετέρης</em></span> <span class='ocrx_word' id='word_1_83' title='bbox 1446 1063 1493 1105; x_wconf 85' lang='grc' dir='ltr'><em>ἐν</em></span> <span class='ocrx_word' id='word_1_84' title='bbox 1519 1060 1656 1105; x_wconf 88' lang='grc' dir='ltr'><em>Ἐλευ-</em></span> 
     </span>
    </p>
   </div>
   <div class='ocr_carea' id='block_1_8' title="bbox 369 1138 529 1186">
    <p class='ocr_par' dir='ltr' id='par_1_8' title="bbox 369 1138 529 1186">
     <span class='ocr_line' id='line_1_18' title="bbox 369 1138 529 1186; baseline 0.021 -14"><span class='ocrx_word' id='word_1_85' title='bbox 369 1138 411 1186; x_wconf 90' lang='grc'>5,</span> <span class='ocrx_word' id='word_1_86' title='bbox 417 1138 529 1185; x_wconf 86' lang='grc' dir='ltr'><em>.σῖνι</em></span> 
     </span>
    </p>
   </div>
   <div class='ocr_carea' id='block_1_9' title="bbox 338 1378 1003 2836">
    <p class='ocr_par' dir='ltr' id='par_1_9' title="bbox 338 1378 1003 2836">
     <span class='ocr_line' id='line_1_19' title="bbox 390 1378 996 1436; baseline -0.003 -13"><span class='ocrx_word' id='word_1_87' title='bbox 390 1378 602 1436; x_wconf 79' lang='grc' dir='ltr'><em>Ἀργείους</em></span> <span class='ocrx_word' id='word_1_88' title='bbox 619 1379 713 1430; x_wconf 82' lang='grc' dir='ltr'>τούς</span> <span class='ocrx_word' id='word_1_89' title='bbox 734 1379 828 1433; x_wconf 79' lang='grc' dir='ltr'>μετᾶ</span> <span class='ocrx_word' id='word_1_90' title='bbox 861 1384 996 1422; x_wconf 88' lang='grc' dir='ltr'><em>Πολυ-</em></span> 
     </span>
     <span class='ocr_line' id='line_1_20' title="bbox 338 1440 998 1488; baseline -0.006 -9"><span class='ocrx_word' id='word_1_91' title='bbox 338 1440 489 1487; x_wconf 81' lang='grc' dir='ltr'><em>νείκεος</em></span> <span class='ocrx_word' id='word_1_92' title='bbox 512 1456 547 1479; x_wconf 72' lang='lat' dir='ltr'>n.</span> <span class='ocrx_word' id='word_1_93' title='bbox 578 1456 609 1479; x_wconf 89' lang='grc' dir='ltr'>τ.</span> <span class='ocrx_word' id='word_1_94' title='bbox 631 1441 685 1488; x_wconf 87' lang='grc' dir='ltr'>λ.]</span> <span class='ocrx_word' id='word_1_95' title='bbox 730 1442 852 1476; x_wconf 79' lang='lat' dir='ltr'>llosce</span> <span class='ocrx_word' id='word_1_96' title='bbox 883 1453 998 1476; x_wconf 84' lang='lat' dir='ltr'>accu-</span> 
     </span>
     <span class='ocr_line' id='line_1_21' title="bbox 338 1498 1000 1534; baseline -0.003 0"><span class='ocrx_word' id='word_1_97' title='bbox 338 1499 476 1534; x_wconf 78' lang='lat' dir='ltr'>sativos</span> <span class='ocrx_word' id='word_1_98' title='bbox 490 1510 568 1534; x_wconf 90' lang='lat' dir='ltr'>non</span> <span class='ocrx_word' id='word_1_99' title='bbox 584 1498 682 1534; x_wconf 85' lang='lat' dir='ltr'>bene</span> <span class='ocrx_word' id='word_1_100' title='bbox 695 1498 897 1534; x_wconf 69' lang='lat' dir='ltr'>convenire</span> <span class='ocrx_word' id='word_1_101' title='bbox 910 1509 1000 1532; x_wconf 85' lang='lat' dir='ltr'>cnm</span> 
     </span>
     <span class='ocr_line' id='line_1_22' title="bbox 339 1552 997 1605; baseline -0.002 -15"><span class='ocrx_word' id='word_1_102' title='bbox 339 1555 404 1601; x_wconf 80' lang='lat' dir='ltr'>iis,</span> <span class='ocrx_word' id='word_1_103' title='bbox 444 1567 540 1605; x_wconf 86' lang='lat' dir='ltr'>quae</span> <span class='ocrx_word' id='word_1_104' title='bbox 581 1552 758 1604; x_wconf 79' lang='lat' dir='ltr'><strong>deinceps</strong></span> <span class='ocrx_word' id='word_1_105' title='bbox 797 1554 997 1603; x_wconf 64' lang='lat' dir='ltr'>leguntur:</span> 
     </span>
     <span class='ocr_line' id='line_1_23' title="bbox 339 1605 999 1660; baseline -0.003 -11"><span class='ocrx_word' id='word_1_106' title='bbox 339 1605 554 1649; x_wconf 82' lang='grc' dir='ltr'><em>ανελέσθαι</em></span> <span class='ocrx_word' id='word_1_107' title='bbox 602 1624 642 1648; x_wconf 88' lang='grc' dir='ltr'>τε</span> <span class='ocrx_word' id='word_1_108' title='bbox 685 1624 780 1655; x_wconf 86' lang='grc' dir='ltr'><em>τους</em></span> <span class='ocrx_word' id='word_1_109' title='bbox 834 1626 873 1648; x_wconf 69' lang='grc' dir='ltr'><em>νε</em></span> <span class='ocrx_word' id='word_1_110' title='bbox 860 1607 999 1660; x_wconf 79' lang='grc' dir='ltr'><em>εκοούς</em></span> 
     </span>
     <span class='ocr_line' id='line_1_24' title="bbox 339 1665 1000 1704; baseline -0.002 -1"><span class='ocrx_word' id='word_1_111' title='bbox 339 1679 456 1704; x_wconf 87' lang='lat' dir='ltr'>nemo</span> <span class='ocrx_word' id='word_1_112' title='bbox 476 1680 554 1703; x_wconf 89' lang='lat' dir='ltr'>non</span> <span class='ocrx_word' id='word_1_113' title='bbox 575 1665 690 1703; x_wconf 73' lang='lat' dir='ltr'>videt.</span> <span class='ocrx_word' id='word_1_114' title='bbox 747 1668 822 1703; x_wconf 87' lang='lat' dir='ltr'>Pro</span> <span class='ocrx_word' id='word_1_115' title='bbox 845 1679 1000 1703; x_wconf 79' lang='lat' dir='ltr'>accusa-</span> 
     </span>
     <span class='ocr_line' id='line_1_25' title="bbox 340 1723 998 1774; baseline -0.003 -14"><span class='ocrx_word' id='word_1_116' title='bbox 340 1724 424 1760; x_wconf 78' lang='lat' dir='ltr'>tivis</span> <span class='ocrx_word' id='word_1_117' title='bbox 445 1724 622 1760; x_wconf 75' lang='lat' dir='ltr'>absolutis</span> <span class='ocrx_word' id='word_1_118' title='bbox 654 1723 684 1759; x_wconf 88' lang='lat' dir='ltr'>si</span> <span class='ocrx_word' id='word_1_119' title='bbox 714 1724 796 1774; x_wconf 83' lang='lat' dir='ltr'>quis</span> <span class='ocrx_word' id='word_1_120' title='bbox 828 1724 998 1773; x_wconf 72' lang='lat' dir='ltr'>accipere</span> 
     </span>
     <span class='ocr_line' id='line_1_26' title="bbox 340 1778 999 1828; baseline -0.005 -11"><span class='ocrx_word' id='word_1_121' title='bbox 340 1780 451 1828; x_wconf 84' lang='lat' dir='ltr'>velit,</span> <span class='ocrx_word' id='word_1_122' title='bbox 501 1793 580 1816; x_wconf 87' lang='lat' dir='ltr'>non</span> <span class='ocrx_word' id='word_1_123' title='bbox 628 1778 884 1827; x_wconf 82' lang='lat' dir='ltr'>intercedain3</span> <span class='ocrx_word' id='word_1_124' title='bbox 930 1781 999 1816; x_wconf 83' lang='lat' dir='ltr'>nisi</span> 
     </span>
     <span class='ocr_line' id='line_1_27' title="bbox 340 1835 1001 1887; baseline 0 -15"><span class='ocrx_word' id='word_1_125' title='bbox 340 1843 504 1887; x_wconf 83' lang='lat' dir='ltr'><strong>praestat</strong></span> <span class='ocrx_word' id='word_1_126' title='bbox 524 1835 572 1873; x_wconf 86' lang='lat' dir='ltr'>ad</span> <span class='ocrx_word' id='word_1_127' title='bbox 592 1835 686 1872; x_wconf 88' lang='lat' dir='ltr'>illud</span> <span class='ocrx_word' id='word_1_128' title='bbox 701 1843 909 1872; x_wconf 76' lang='lat' dir='ltr'>structurae</span> <span class='ocrx_word' id='word_1_129' title='bbox 930 1850 1001 1887; x_wconf 77' lang='lat' dir='ltr'>ge-</span> 
     </span>
     <span class='ocr_line' id='line_1_28' title="bbox 341 1891 1002 1944; baseline 0.002 -15"><span class='ocrx_word' id='word_1_130' title='bbox 341 1906 414 1930; x_wconf 86' lang='lat' dir='ltr'>nus</span> <span class='ocrx_word' id='word_1_131' title='bbox 435 1894 586 1940; x_wconf 83' lang='lat' dir='ltr'>referre,</span> <span class='ocrx_word' id='word_1_132' title='bbox 614 1891 661 1929; x_wconf 86' lang='lat' dir='ltr'>de</span> <span class='ocrx_word' id='word_1_133' title='bbox 683 1905 757 1944; x_wconf 86' lang='lat' dir='ltr'>quo</span> <span class='ocrx_word' id='word_1_134' title='bbox 779 1891 913 1929; x_wconf 77' lang='lat' dir='ltr'>Matth.</span> <span class='ocrx_word' id='word_1_135' title='bbox 936 1895 1002 1930; x_wconf 85' lang='lat' dir='ltr'>Gr.</span> 
     </span>
     <span class='ocr_line' id='line_1_29' title="bbox 343 1948 1003 1999; baseline 0.002 -14"><span class='ocrx_word' id='word_1_136' title='bbox 343 1950 410 1986; x_wconf 88' lang='lat' dir='ltr'>Gr.</span> <span class='ocrx_word' id='word_1_137' title='bbox 442 1948 523 1990; x_wconf 76' lang='lat'>427</span> <span class='ocrx_word' id='word_1_138' title='bbox 557 1956 636 1988; x_wconf 87' lang='lat' dir='ltr'>not.</span> <span class='ocrx_word' id='word_1_139' title='bbox 669 1952 707 1989; x_wconf 85' lang='lat'>3.</span> <span class='ocrx_word' id='word_1_140' title='bbox 766 1951 822 1986; x_wconf 80' lang='lat' dir='ltr'>De</span> <span class='ocrx_word' id='word_1_141' title='bbox 844 1951 924 1999; x_wconf 89' lang='lat' dir='ltr'>ipso</span> <span class='ocrx_word' id='word_1_142' title='bbox 946 1963 1003 1986; x_wconf 88' lang='lat' dir='ltr'>ar-</span> 
     </span>
     <span class='ocr_line' id='line_1_30' title="bbox 343 2004 1003 2058; baseline 0 -16"><span class='ocrx_word' id='word_1_143' title='bbox 343 2012 529 2056; x_wconf 84' lang='lat' dir='ltr'>gumento</span> <span class='ocrx_word' id='word_1_144' title='bbox 550 2006 624 2042; x_wconf 80' lang='lat' dir='ltr'>loci</span> <span class='ocrx_word' id='word_1_145' title='bbox 644 2004 720 2042; x_wconf 76' lang='lat' dir='ltr'>vid.</span> <span class='ocrx_word' id='word_1_146' title='bbox 741 2007 785 2054; x_wconf 74' lang='lat' dir='ltr'>V,</span> <span class='ocrx_word' id='word_1_147' title='bbox 803 2008 854 2046; x_wconf 84' lang='grc'>67</span> <span class='ocrx_word' id='word_1_148' title='bbox 874 2007 1003 2058; x_wconf 85' lang='lat' dir='ltr'>ibique</span> 
     </span>
     <span class='ocr_line' id='line_1_31' title="bbox 343 2061 1003 2101; baseline 0 -2"><span class='ocrx_word' id='word_1_149' title='bbox 343 2069 442 2101; x_wconf 85' lang='lat' dir='ltr'>nott.</span> <span class='ocrx_word' id='word_1_150' title='bbox 501 2061 711 2098; x_wconf 86' lang='lat' dir='ltr'>Larcherns</span> <span class='ocrx_word' id='word_1_151' title='bbox 774 2063 1003 2100; x_wconf 74' lang='lat' dir='ltr'>excitaverat</span> 
     </span>
     <span class='ocr_line' id='line_1_32' title="bbox 342 2117 1002 2170; baseline 0 -15"><span class='ocrx_word' id='word_1_152' title='bbox 342 2117 568 2170; x_wconf 84' lang='lat' dir='ltr'>Apollodor.</span> <span class='ocrx_word' id='word_1_153' title='bbox 588 2120 653 2166; x_wconf 88' lang='lat'>111,</span> <span class='ocrx_word' id='word_1_154' title='bbox 680 2121 704 2158; x_wconf 84' lang='grc'>6</span> <span class='ocrx_word' id='word_1_155' title='bbox 735 2120 769 2164; x_wconf 81' lang='lat'>§.</span> <span class='ocrx_word' id='word_1_156' title='bbox 795 2123 830 2158; x_wconf 88' lang='lat'>1.</span> <span class='ocrx_word' id='word_1_157' title='bbox 848 2121 884 2158; x_wconf 80' lang='lat'>3.</span> <span class='ocrx_word' id='word_1_158' title='bbox 906 2122 943 2159; x_wconf 88' lang='grc'>6.</span> <span class='ocrx_word' id='word_1_159' title='bbox 965 2122 1002 2160; x_wconf 83' lang='grc'>8.</span> 
     </span>
     <span class='ocr_line' id='line_1_33' title="bbox 343 2173 1001 2226; baseline 0.002 -14"><span class='ocrx_word' id='word_1_160' title='bbox 343 2177 410 2224; x_wconf 90' lang='grc' dir='ltr'>ΙΙΙ,</span> <span class='ocrx_word' id='word_1_161' title='bbox 433 2178 457 2215; x_wconf 89' lang='grc'>7</span> <span class='ocrx_word' id='word_1_162' title='bbox 480 2177 517 2221; x_wconf 62' lang='grc' dir='ltr'>ξ.</span> <span class='ocrx_word' id='word_1_163' title='bbox 541 2178 575 2215; x_wconf 90' lang='lat'>1.</span> <span class='ocrx_word' id='word_1_164' title='bbox 594 2174 787 2212; x_wconf 83' lang='lat' dir='ltr'>Plutarch.</span> <span class='ocrx_word' id='word_1_165' title='bbox 810 2173 928 2212; x_wconf 79' lang='lat' dir='ltr'>Thes.</span> <span class='ocrx_word' id='word_1_166' title='bbox 943 2190 1001 2226; x_wconf 81' lang='lat' dir='ltr'>cp.</span> 
     </span>
     <span class='ocr_line' id='line_1_34' title="bbox 342 2229 1003 2282; baseline -0.002 -11"><span class='ocrx_word' id='word_1_167' title='bbox 342 2233 398 2272; x_wconf 81' lang='grc'>29</span> <span class='ocrx_word' id='word_1_168' title='bbox 419 2245 456 2282; x_wconf 85' lang='grc' dir='ltr'>Ρ.</span> <span class='ocrx_word' id='word_1_169' title='bbox 483 2229 533 2270; x_wconf 80' lang='grc'>14</span> <span class='ocrx_word' id='word_1_170' title='bbox 548 2232 598 2268; x_wconf 92' lang='grc' dir='ltr'>Α.</span> <span class='ocrx_word' id='word_1_171' title='bbox 613 2254 669 2259; x_wconf 86' lang='grc'>-</span> <span class='ocrx_word' id='word_1_172' title='bbox 724 2232 893 2268; x_wconf 56' lang='lat' dir='ltr'>Verbum</span> <span class='ocrx_word' id='word_1_173' title='bbox 915 2229 1003 2271; x_wconf 86' lang='grc' dir='ltr'><em>α’νε-</em></span> 
     </span>
     <span class='ocr_line' id='line_1_35' title="bbox 342 2285 1001 2326; baseline -0.003 0"><span class='ocrx_word' id='word_1_174' title='bbox 342 2285 486 2326; x_wconf 81' lang='grc' dir='ltr'><em>λέσθαι</em></span> <span class='ocrx_word' id='word_1_175' title='bbox 513 2287 554 2323; x_wconf 88' lang='lat' dir='ltr'>iu</span> <span class='ocrx_word' id='word_1_176' title='bbox 583 2287 827 2325; x_wconf 75' lang='lat' dir='ltr'>cadaveribus</span> <span class='ocrx_word' id='word_1_177' title='bbox 862 2287 909 2324; x_wconf 82' lang='lat' dir='ltr'>ad</span> <span class='ocrx_word' id='word_1_178' title='bbox 940 2303 1001 2325; x_wconf 84' lang='lat' dir='ltr'>se—</span> 
     </span>
     <span class='ocr_line' id='line_1_36' title="bbox 343 2343 1001 2394; baseline 0.003 -14"><span class='ocrx_word' id='word_1_179' title='bbox 343 2344 537 2394; x_wconf 85' lang='lat' dir='ltr'>pulturam</span> <span class='ocrx_word' id='word_1_180' title='bbox 574 2345 748 2381; x_wconf 85' lang='lat' dir='ltr'>tollendis</span> <span class='ocrx_word' id='word_1_181' title='bbox 789 2343 1001 2382; x_wconf 84' lang='lat' dir='ltr'>adhibitum</span> 
     </span>
     <span class='ocr_line' id='line_1_37' title="bbox 344 2400 1002 2451; baseline 0.002 -13"><span class='ocrx_word' id='word_1_182' title='bbox 344 2401 504 2438; x_wconf 83' lang='lat' dir='ltr'>illustrat</span> <span class='ocrx_word' id='word_1_183' title='bbox 533 2400 810 2451; x_wconf 80' lang='lat' dir='ltr'>VVesselingius</span> <span class='ocrx_word' id='word_1_184' title='bbox 831 2402 1002 2439; x_wconf 78' lang='lat' dir='ltr'>Isocratis</span> 
     </span>
     <span class='ocr_line' id='line_1_38' title="bbox 344 2457 1002 2508; baseline 0.008 -15"><span class='ocrx_word' id='word_1_185' title='bbox 344 2458 442 2494; x_wconf 86' lang='lat' dir='ltr'>loce.</span> <span class='ocrx_word' id='word_1_186' title='bbox 471 2459 662 2508; x_wconf 69' lang='lat' dir='ltr'>panegyr.</span> <span class='ocrx_word' id='word_1_187' title='bbox 682 2457 730 2497; x_wconf 89' lang='lat'>15</span> <span class='ocrx_word' id='word_1_188' title='bbox 753 2459 789 2503; x_wconf 63' lang='grc' dir='ltr'>ξ.</span> <span class='ocrx_word' id='word_1_189' title='bbox 817 2458 869 2497; x_wconf 87' lang='grc'>55</span> <span class='ocrx_word' id='word_1_190' title='bbox 890 2471 925 2508; x_wconf 90' lang='lat' dir='ltr'>p.</span> <span class='ocrx_word' id='word_1_191' title='bbox 949 2459 1002 2498; x_wconf 84' lang='grc'>52</span> 
     </span>
     <span class='ocr_line' id='line_1_39' title="bbox 344 2513 1002 2564; baseline 0.006 -14"><span class='ocrx_word' id='word_1_192' title='bbox 344 2514 393 2551; x_wconf 92' lang='grc' dir='ltr'>Α.</span> <span class='ocrx_word' id='word_1_193' title='bbox 413 2514 510 2552; x_wconf 83' lang='lat' dir='ltr'>Plat.</span> <span class='ocrx_word' id='word_1_194' title='bbox 535 2513 614 2564; x_wconf 86' lang='lat' dir='ltr'><strong>[cp.</strong></span> <span class='ocrx_word' id='word_1_195' title='bbox 635 2516 684 2554; x_wconf 91' lang='grc'>21</span> <span class='ocrx_word' id='word_1_196' title='bbox 710 2514 746 2559; x_wconf 82' lang='lat'>§.</span> <span class='ocrx_word' id='word_1_197' title='bbox 772 2514 843 2561; x_wconf 88' lang='lat'>53]</span> <span class='ocrx_word' id='word_1_198' title='bbox 866 2527 904 2564; x_wconf 91' lang='lat' dir='ltr'>p.</span> <span class='ocrx_word' id='word_1_199' title='bbox 922 2517 1002 2554; x_wconf 84' lang='lat'>306</span> 
     </span>
     <span class='ocr_line' id='line_1_40' title="bbox 344 2569 1000 2620; baseline 0.008 -15"><span class='ocrx_word' id='word_1_200' title='bbox 344 2571 392 2606; x_wconf 91' lang='lat' dir='ltr'>D.</span> <span class='ocrx_word' id='word_1_201' title='bbox 407 2591 455 2598; x_wconf 87' lang='lat'>—</span> <span class='ocrx_word' id='word_1_202' title='bbox 479 2569 641 2607; x_wconf 85' lang='lat' dir='ltr'>Panath.</span> <span class='ocrx_word' id='word_1_203' title='bbox 664 2571 766 2620; x_wconf 84' lang='lat' dir='ltr'>[cap.</span> <span class='ocrx_word' id='word_1_204' title='bbox 781 2572 834 2610; x_wconf 86' lang='lat'>70</span> <span class='ocrx_word' id='word_1_205' title='bbox 850 2571 885 2615; x_wconf 60' lang='grc' dir='ltr'>ξ.</span> <span class='ocrx_word' id='word_1_206' title='bbox 904 2571 1000 2619; x_wconf 83' lang='grc'><strong>171]</strong></span> 
     </span>
     <span class='ocr_line' id='line_1_41' title="bbox 343 2624 1000 2678; baseline 0.003 -16"><span class='ocrx_word' id='word_1_207' title='bbox 343 2639 383 2675; x_wconf 90' lang='lat' dir='ltr'>p.</span> <span class='ocrx_word' id='word_1_208' title='bbox 404 2628 484 2666; x_wconf 86' lang='grc'>269</span> <span class='ocrx_word' id='word_1_209' title='bbox 504 2627 552 2664; x_wconf 92' lang='lat' dir='ltr'>A.</span> <span class='ocrx_word' id='word_1_210' title='bbox 573 2628 664 2678; x_wconf 85' lang='lat' dir='ltr'><strong>Lys.</strong></span> <span class='ocrx_word' id='word_1_211' title='bbox 680 2624 860 2678; x_wconf 78' lang='lat' dir='ltr'>Epitaph.</span> <span class='ocrx_word' id='word_1_212' title='bbox 885 2627 1000 2677; x_wconf 77' lang='lat' dir='ltr'>[pag.</span> 
     </span>
     <span class='ocr_line' id='line_1_42' title="bbox 346 2683 1003 2734; baseline -0.003 -13"><span class='ocrx_word' id='word_1_213' title='bbox 346 2683 400 2721; x_wconf 87' lang='grc'>60</span> <span class='ocrx_word' id='word_1_214' title='bbox 430 2684 529 2732; x_wconf 86' lang='lat' dir='ltr'>seq.]</span> <span class='ocrx_word' id='word_1_215' title='bbox 562 2697 601 2734; x_wconf 90' lang='lat' dir='ltr'>p.</span> <span class='ocrx_word' id='word_1_216' title='bbox 633 2685 700 2730; x_wconf 85' lang='lat'>33,</span> <span class='ocrx_word' id='word_1_217' title='bbox 731 2684 796 2720; x_wconf 92' lang='lat' dir='ltr'>ubi</span> <span class='ocrx_word' id='word_1_218' title='bbox 825 2683 872 2721; x_wconf 77' lang='lat' dir='ltr'>cf,</span> <span class='ocrx_word' id='word_1_219' title='bbox 893 2685 1003 2734; x_wconf 81' lang='lat' dir='ltr'>Tay-</span> 
     </span>
     <span class='ocr_line' id='line_1_43' title="bbox 345 2737 1002 2788; baseline 0.006 -16"><span class='ocrx_word' id='word_1_220' title='bbox 345 2737 417 2773; x_wconf 88' lang='lat' dir='ltr'>lor.</span> <span class='ocrx_word' id='word_1_221' title='bbox 479 2739 543 2775; x_wconf 92' lang='lat' dir='ltr'>Tu</span> <span class='ocrx_word' id='word_1_222' title='bbox 563 2738 652 2776; x_wconf 88' lang='lat' dir='ltr'>add.</span> <span class='ocrx_word' id='word_1_223' title='bbox 667 2741 736 2788; x_wconf 88' lang='lat' dir='ltr'>IX,</span> <span class='ocrx_word' id='word_1_224' title='bbox 759 2743 812 2781; x_wconf 84' lang='grc'>23</span> <span class='ocrx_word' id='word_1_225' title='bbox 836 2746 872 2776; x_wconf 83' lang='lat' dir='ltr'>et</span> <span class='ocrx_word' id='word_1_226' title='bbox 890 2741 1002 2777; x_wconf 87' lang='lat' dir='ltr'>Bois—</span> 
     </span>
     <span class='ocr_line' id='line_1_44' title="bbox 347 2791 1001 2836; baseline 0.006 -5"><span class='ocrx_word' id='word_1_227' title='bbox 347 2791 480 2834; x_wconf 84' lang='lat' dir='ltr'>sonad.</span> <span class='ocrx_word' id='word_1_228' title='bbox 515 2794 563 2832; x_wconf 83' lang='lat' dir='ltr'>ad</span> <span class='ocrx_word' id='word_1_229' title='bbox 582 2794 797 2836; x_wconf 81' lang='lat' dir='ltr'>Philostrat.</span> <span class='ocrx_word' id='word_1_230' title='bbox 827 2798 1001 2835; x_wconf 83' lang='lat' dir='ltr'>Heroicc.</span> 
     </span>
    </p>
   </div>
   <div class='ocr_carea' id='block_1_10' title="bbox 588 1128 1656 1187">
    <p class='ocr_par' dir='ltr' id='par_1_10' title="bbox 588 1128 1656 1187">
     <span class='ocr_line' id='line_1_45' title="bbox 588 1128 1656 1187; baseline -0.002 -13"><span class='ocrx_word' id='word_1_231' title='bbox 588 1130 676 1174; x_wconf 85' lang='grc' dir='ltr'><em>ε’στι</em></span> <span class='ocrx_word' id='word_1_232' title='bbox 707 1130 753 1174; x_wconf 76' lang='grc' dir='ltr'>δὲ</span> <span class='ocrx_word' id='word_1_233' title='bbox 781 1128 886 1187; x_wconf 82' lang='grc' dir='ltr'><em>ημῖν</em></span> <span class='ocrx_word' id='word_1_234' title='bbox 917 1130 1043 1186; x_wconf 73' lang='grc' dir='ltr'><em>ἔργον</em></span> <span class='ocrx_word' id='word_1_235' title='bbox 1076 1133 1124 1174; x_wconf 81' lang='grc' dir='ltr'>εὐ</span> <span class='ocrx_word' id='word_1_236' title='bbox 1155 1131 1252 1186; x_wconf 77' lang='grc' dir='ltr'><em>ἔχον</em></span> <span class='ocrx_word' id='word_1_237' title='bbox 1281 1130 1353 1173; x_wconf 79' lang='grc' dir='ltr'><em>καὶ</em></span> <span class='ocrx_word' id='word_1_238' title='bbox 1374 1129 1416 1181; x_wconf 88' lang='grc' dir='ltr'>ές</span> <span class='ocrx_word' id='word_1_239' title='bbox 1438 1128 1656 1185; x_wconf 83' lang='grc' dir='ltr'><em>Ἀμαζονί-</em></span> 
     </span>
    </p>
   </div>
   <div class='ocr_carea' id='block_1_11' title="bbox 1054 1380 1717 2849">
    <p class='ocr_par' dir='ltr' id='par_1_11' title="bbox 1054 1380 1715 1492">
     <span class='ocr_line' id='line_1_46' title="bbox 1054 1380 1715 1435; baseline -0.009 -10"><span class='ocrx_word' id='word_1_240' title='bbox 1054 1398 1093 1435; x_wconf 79' lang='lat' dir='ltr'>p.</span> <span class='ocrx_word' id='word_1_241' title='bbox 1115 1382 1208 1424; x_wconf 79' lang='lat'>431.</span> <span class='ocrx_word' id='word_1_242' title='bbox 1231 1382 1327 1426; x_wconf 74' lang='lat'><strong>542.</strong></span> <span class='ocrx_word' id='word_1_243' title='bbox 1357 1384 1454 1421; x_wconf 83' lang='lat' dir='ltr'>Lex.</span> <span class='ocrx_word' id='word_1_244' title='bbox 1482 1380 1665 1434; x_wconf 88' lang='lat' dir='ltr'>Xenoph.</span> <span class='ocrx_word' id='word_1_245' title='bbox 1697 1383 1715 1418; x_wconf 91' lang='grc' dir='ltr'>Ι</span> 
     </span>
     <span class='ocr_line' id='line_1_47' title="bbox 1054 1440 1207 1492; baseline 0.007 -15"><span class='ocrx_word' id='word_1_246' title='bbox 1054 1454 1093 1492; x_wconf 88' lang='lat' dir='ltr'>p.</span> <span class='ocrx_word' id='word_1_247' title='bbox 1117 1440 1207 1480; x_wconf 80' lang='lat'>195.</span> 
     </span>
    </p>

    <p class='ocr_par' dir='ltr' id='par_1_12' title="bbox 1055 1493 1716 2044">
     <span class='ocr_line' id='line_1_48' title="bbox 1111 1493 1714 1548; baseline -0.003 -13"><span class='ocrx_word' id='word_1_248' title='bbox 1111 1496 1178 1535; x_wconf 76' lang='grc' dir='ltr'><em>καὶ</em></span> <span class='ocrx_word' id='word_1_249' title='bbox 1198 1493 1337 1545; x_wconf 73' lang='grc' dir='ltr'><em>θάψαι</em></span> <span class='ocrx_word' id='word_1_250' title='bbox 1358 1499 1429 1547; x_wconf 83' lang='grc' dir='ltr'>τῆς</span> <span class='ocrx_word' id='word_1_251' title='bbox 1447 1493 1640 1548; x_wconf 66' lang='grc' dir='ltr'><em>ἡμετέρης</em></span> <span class='ocrx_word' id='word_1_252' title='bbox 1671 1493 1714 1534; x_wconf 80' lang='grc' dir='ltr'><em>ἐν</em></span> 
     </span>
     <span class='ocr_line' id='line_1_49' title="bbox 1054 1549 1714 1602; baseline -0.006 -9.976"><span class='ocrx_word' id='word_1_253' title='bbox 1054 1549 1266 1602; x_wconf 75' lang='grc' dir='ltr'><em>Ἐλευσῖνι]</em></span> <span class='ocrx_word' id='word_1_254' title='bbox 1302 1552 1385 1592; x_wconf 61' lang='lat' dir='ltr'>vid.</span> <span class='ocrx_word' id='word_1_255' title='bbox 1405 1551 1540 1589; x_wconf 76' lang='lat' dir='ltr'>Matth.</span> <span class='ocrx_word' id='word_1_256' title='bbox 1563 1554 1628 1589; x_wconf 88' lang='lat' dir='ltr'>Gr.</span> <span class='ocrx_word' id='word_1_257' title='bbox 1646 1553 1714 1592; x_wconf 85' lang='lat' dir='ltr'>Gr.</span> 
     </span>
     <span class='ocr_line' id='line_1_50' title="bbox 1057 1609 1714 1660; baseline -0.008 -10"><span class='ocrx_word' id='word_1_258' title='bbox 1057 1612 1095 1656; x_wconf 55' lang='grc' dir='ltr'>ᾗ.</span> <span class='ocrx_word' id='word_1_259' title='bbox 1117 1613 1209 1656; x_wconf 77' lang='grc'>321,</span> <span class='ocrx_word' id='word_1_260' title='bbox 1233 1613 1256 1650; x_wconf 88' lang='grc'>6</span> <span class='ocrx_word' id='word_1_261' title='bbox 1279 1623 1364 1660; x_wconf 76' lang='lat' dir='ltr'>pag.</span> <span class='ocrx_word' id='word_1_262' title='bbox 1388 1611 1482 1650; x_wconf 80' lang='grc'>629.</span> <span class='ocrx_word' id='word_1_263' title='bbox 1520 1610 1578 1645; x_wconf 89' lang='lat' dir='ltr'>De</span> <span class='ocrx_word' id='word_1_264' title='bbox 1598 1609 1714 1645; x_wconf 82' lang='lat' dir='ltr'>verbo</span> 
     </span>
     <span class='ocr_line' id='line_1_51' title="bbox 1055 1662 1713 1711; baseline -0.008 -6"><span class='ocrx_word' id='word_1_265' title='bbox 1055 1662 1226 1705; x_wconf 72' lang='grc' dir='ltr'><em>θάπτειν</em></span> <span class='ocrx_word' id='word_1_266' title='bbox 1256 1666 1336 1703; x_wconf 80' lang='lat' dir='ltr'>dixi</span> <span class='ocrx_word' id='word_1_267' title='bbox 1365 1664 1412 1702; x_wconf 84' lang='lat' dir='ltr'>ad</span> <span class='ocrx_word' id='word_1_268' title='bbox 1432 1666 1477 1711; x_wconf 83' lang='lat' dir='ltr'>V,</span> <span class='ocrx_word' id='word_1_269' title='bbox 1499 1668 1537 1705; x_wconf 84' lang='lat'>8.</span> <span class='ocrx_word' id='word_1_270' title='bbox 1597 1666 1713 1701; x_wconf 86' lang='lat' dir='ltr'>Eleu-</span> 
     </span>
     <span class='ocr_line' id='line_1_52' title="bbox 1056 1723 1714 1771; baseline -0.005 -11"><span class='ocrx_word' id='word_1_271' title='bbox 1056 1725 1136 1760; x_wconf 85' lang='lat' dir='ltr'>sine</span> <span class='ocrx_word' id='word_1_272' title='bbox 1179 1725 1217 1771; x_wconf 84' lang='grc' dir='ltr'>(ἰ.</span> <span class='ocrx_word' id='word_1_273' title='bbox 1241 1737 1273 1761; x_wconf 85' lang='lat' dir='ltr'>e.</span> <span class='ocrx_word' id='word_1_274' title='bbox 1308 1724 1346 1759; x_wconf 88' lang='lat' dir='ltr'>in</span> <span class='ocrx_word' id='word_1_275' title='bbox 1379 1735 1470 1771; x_wconf 75' lang='lat' dir='ltr'>agro</span> <span class='ocrx_word' id='word_1_276' title='bbox 1507 1723 1714 1770; x_wconf 67' lang='lat' dir='ltr'>Eleminio,</span> 
     </span>
     <span class='ocr_line' id='line_1_53' title="bbox 1056 1779 1715 1830; baseline -0.003 -13"><span class='ocrx_word' id='word_1_277' title='bbox 1056 1793 1135 1817; x_wconf 84' lang='lat' dir='ltr'>non</span> <span class='ocrx_word' id='word_1_278' title='bbox 1165 1781 1203 1816; x_wconf 89' lang='lat' dir='ltr'>in</span> <span class='ocrx_word' id='word_1_279' title='bbox 1225 1781 1365 1830; x_wconf 80' lang='lat' dir='ltr'>templo</span> <span class='ocrx_word' id='word_1_280' title='bbox 1396 1779 1610 1829; x_wconf 79' lang='lat' dir='ltr'>Eleusinio)</span> <span class='ocrx_word' id='word_1_281' title='bbox 1632 1779 1715 1815; x_wconf 83' lang='lat' dir='ltr'>illos</span> 
     </span>
     <span class='ocr_line' id='line_1_54' title="bbox 1056 1837 1716 1887; baseline -0.005 -14"><span class='ocrx_word' id='word_1_282' title='bbox 1056 1837 1221 1887; x_wconf 81' lang='lat' dir='ltr'>sepultos</span> <span class='ocrx_word' id='word_1_283' title='bbox 1241 1850 1319 1873; x_wconf 70' lang='lat' dir='ltr'>esse</span> <span class='ocrx_word' id='word_1_284' title='bbox 1349 1843 1534 1872; x_wconf 70' lang='lat' dir='ltr'>testantur</span> <span class='ocrx_word' id='word_1_285' title='bbox 1563 1847 1716 1887; x_wconf 84' lang='lat' dir='ltr'>quoque</span> 
     </span>
     <span class='ocr_line' id='line_1_55' title="bbox 1059 1894 1716 1944; baseline -0.002 -15"><span class='ocrx_word' id='word_1_286' title='bbox 1059 1895 1222 1930; x_wconf 87' lang='lat' dir='ltr'>Pansan.</span> <span class='ocrx_word' id='word_1_287' title='bbox 1248 1895 1277 1941; x_wconf 83' lang='grc' dir='ltr'>Ι,</span> <span class='ocrx_word' id='word_1_288' title='bbox 1311 1896 1362 1933; x_wconf 80' lang='lat'>39</span> <span class='ocrx_word' id='word_1_289' title='bbox 1392 1894 1427 1938; x_wconf 56' lang='grc' dir='ltr'>ᾗ.</span> <span class='ocrx_word' id='word_1_290' title='bbox 1462 1895 1489 1932; x_wconf 91' lang='grc'>2</span> <span class='ocrx_word' id='word_1_291' title='bbox 1520 1899 1557 1929; x_wconf 88' lang='lat' dir='ltr'>et</span> <span class='ocrx_word' id='word_1_292' title='bbox 1584 1894 1716 1944; x_wconf 79' lang='lat' dir='ltr'>Lysias</span> 
     </span>
     <span class='ocr_line' id='line_1_56' title="bbox 1059 1946 1716 2001; baseline 0.005 -16"><span class='ocrx_word' id='word_1_293' title='bbox 1059 1948 1238 2000; x_wconf 80' lang='lat' dir='ltr'>Epitaph.</span> <span class='ocrx_word' id='word_1_294' title='bbox 1272 1964 1311 2001; x_wconf 87' lang='lat' dir='ltr'>p.</span> <span class='ocrx_word' id='word_1_295' title='bbox 1336 1951 1428 1989; x_wconf 76' lang='lat'><strong>191.</strong></span> <span class='ocrx_word' id='word_1_296' title='bbox 1458 1948 1513 1989; x_wconf 81' lang='lat'>25</span> <span class='ocrx_word' id='word_1_297' title='bbox 1543 1962 1575 1986; x_wconf 87' lang='lat' dir='ltr'>s.</span> <span class='ocrx_word' id='word_1_298' title='bbox 1595 1962 1633 2000; x_wconf 89' lang='lat' dir='ltr'>p.</span> <span class='ocrx_word' id='word_1_299' title='bbox 1662 1946 1716 1990; x_wconf 87' lang='grc'>65</span> 
     </span>
     <span class='ocr_line' id='line_1_57' title="bbox 1059 2005 1187 2044; baseline -0.016 0"><span class='ocrx_word' id='word_1_300' title='bbox 1059 2005 1187 2044; x_wconf 76' lang='lat' dir='ltr'>Reisk.</span> 
     </span>
    </p>

    <p class='ocr_par' dir='ltr' id='par_1_13' title="bbox 1056 2054 1717 2849">
     <span class='ocr_line' id='line_1_58' title="bbox 1118 2054 1717 2114; baseline -0.002 -12"><span class='ocrx_word' id='word_1_301' title='bbox 1118 2062 1197 2102; x_wconf 74' lang='grc' dir='ltr'><em>ἔστι</em></span> <span class='ocrx_word' id='word_1_302' title='bbox 1228 2059 1271 2101; x_wconf 80' lang='grc' dir='ltr'>δὲ</span> <span class='ocrx_word' id='word_1_303' title='bbox 1295 2059 1395 2114; x_wconf 71' lang='grc' dir='ltr'><em>ἡμῖν</em></span> <span class='ocrx_word' id='word_1_304' title='bbox 1423 2060 1538 2114; x_wconf 72' lang='grc' dir='ltr'><em>ἔργον</em></span> <span class='ocrx_word' id='word_1_305' title='bbox 1558 2054 1605 2102; x_wconf 75' lang='grc' dir='ltr'>εὖ</span> <span class='ocrx_word' id='word_1_306' title='bbox 1625 2060 1717 2113; x_wconf 76' lang='grc' dir='ltr'><em>ἕχον</em></span> 
     </span>
     <span class='ocr_line' id='line_1_59' title="bbox 1058 2114 1715 2169; baseline -0.005 -11"><span class='ocrx_word' id='word_1_307' title='bbox 1058 2118 1126 2158; x_wconf 75' lang='grc' dir='ltr'><em>καὶ</em></span> <span class='ocrx_word' id='word_1_308' title='bbox 1159 2119 1199 2166; x_wconf 78' lang='grc' dir='ltr'><em>ἐς</em></span> <span class='ocrx_word' id='word_1_309' title='bbox 1226 2114 1489 2169; x_wconf 80' lang='grc' dir='ltr'><em>Ἀμαζονίδας</em></span> <span class='ocrx_word' id='word_1_310' title='bbox 1520 2133 1557 2159; x_wconf 83' lang='grc' dir='ltr'>κ.</span> <span class='ocrx_word' id='word_1_311' title='bbox 1592 2132 1626 2156; x_wconf 89' lang='grc' dir='ltr'>τ.</span> <span class='ocrx_word' id='word_1_312' title='bbox 1659 2118 1715 2166; x_wconf 88' lang='grc' dir='ltr'>λ.]</span> 
     </span>
     <span class='ocr_line' id='line_1_60' title="bbox 1058 2175 1716 2225; baseline -0.002 -14"><span class='ocrx_word' id='word_1_313' title='bbox 1058 2178 1114 2211; x_wconf 86' lang='lat' dir='ltr'>Ita</span> <span class='ocrx_word' id='word_1_314' title='bbox 1144 2177 1272 2225; x_wconf 75' lang='lat' dir='ltr'>scripti</span> <span class='ocrx_word' id='word_1_315' title='bbox 1310 2175 1392 2211; x_wconf 84' lang='lat' dir='ltr'>libri</span> <span class='ocrx_word' id='word_1_316' title='bbox 1424 2181 1612 2225; x_wconf 86' lang='lat' dir='ltr'>quantum</span> <span class='ocrx_word' id='word_1_317' title='bbox 1638 2175 1716 2211; x_wconf 88' lang='lat' dir='ltr'>scio</span> 
     </span>
     <span class='ocr_line' id='line_1_61' title="bbox 1059 2229 1715 2282; baseline 0 -15"><span class='ocrx_word' id='word_1_318' title='bbox 1059 2245 1204 2279; x_wconf 78' lang='lat' dir='ltr'>onmes,</span> <span class='ocrx_word' id='word_1_319' title='bbox 1216 2245 1310 2282; x_wconf 86' lang='lat' dir='ltr'>quos</span> <span class='ocrx_word' id='word_1_320' title='bbox 1327 2230 1387 2267; x_wconf 82' lang='lat' dir='ltr'>hic</span> <span class='ocrx_word' id='word_1_321' title='bbox 1407 2229 1578 2268; x_wconf 84' lang='lat' dir='ltr'>deserere</span> <span class='ocrx_word' id='word_1_322' title='bbox 1597 2231 1715 2278; x_wconf 87' lang='lat' dir='ltr'>nolui,</span> 
     </span>
     <span class='ocr_line' id='line_1_62' title="bbox 1056 2288 1715 2339; baseline 0 -15"><span class='ocrx_word' id='word_1_323' title='bbox 1056 2289 1241 2339; x_wconf 80' lang='lat' dir='ltr'>probante</span> <span class='ocrx_word' id='word_1_324' title='bbox 1280 2288 1561 2337; x_wconf 71' lang='lat' dir='ltr'>VVesselingio‚</span> <span class='ocrx_word' id='word_1_325' title='bbox 1619 2288 1715 2324; x_wconf 88' lang='lat' dir='ltr'>Diss.</span> 
     </span>
     <span class='ocr_line' id='line_1_63' title="bbox 1056 2342 1716 2394; baseline 0 -14"><span class='ocrx_word' id='word_1_326' title='bbox 1056 2344 1198 2381; x_wconf 84' lang='lat' dir='ltr'>Herod.</span> <span class='ocrx_word' id='word_1_327' title='bbox 1218 2345 1274 2380; x_wconf 86' lang='lat' dir='ltr'>IX</span> <span class='ocrx_word' id='word_1_328' title='bbox 1295 2358 1331 2394; x_wconf 89' lang='lat' dir='ltr'>p.</span> <span class='ocrx_word' id='word_1_329' title='bbox 1357 2346 1447 2392; x_wconf 76' lang='lat'>132,</span> <span class='ocrx_word' id='word_1_330' title='bbox 1478 2345 1544 2380; x_wconf 86' lang='lat' dir='ltr'>ubi</span> <span class='ocrx_word' id='word_1_331' title='bbox 1575 2342 1622 2381; x_wconf 87' lang='lat' dir='ltr'>de</span> <span class='ocrx_word' id='word_1_332' title='bbox 1641 2342 1716 2380; x_wconf 89' lang='lat' dir='ltr'>hoc</span> 
     </span>
     <span class='ocr_line' id='line_1_64' title="bbox 1058 2401 1716 2450; baseline -0.002 -12"><span class='ocrx_word' id='word_1_333' title='bbox 1058 2402 1142 2438; x_wconf 91' lang='lat' dir='ltr'>loco</span> <span class='ocrx_word' id='word_1_334' title='bbox 1166 2402 1314 2437; x_wconf 81' lang='lat' dir='ltr'>uberius</span> <span class='ocrx_word' id='word_1_335' title='bbox 1337 2401 1426 2450; x_wconf 79' lang='lat' dir='ltr'>egit.</span> <span class='ocrx_word' id='word_1_336' title='bbox 1486 2401 1584 2438; x_wconf 83' lang='lat' dir='ltr'>Cum</span> <span class='ocrx_word' id='word_1_337' title='bbox 1612 2401 1716 2437; x_wconf 88' lang='lat' dir='ltr'>enim</span> 
     </span>
     <span class='ocr_line' id='line_1_65' title="bbox 1057 2454 1716 2508; baseline 0.005 -14"><span class='ocrx_word' id='word_1_338' title='bbox 1057 2459 1097 2494; x_wconf 89' lang='lat' dir='ltr'>in</span> <span class='ocrx_word' id='word_1_339' title='bbox 1118 2457 1256 2494; x_wconf 82' lang='lat' dir='ltr'>Aldina</span> <span class='ocrx_word' id='word_1_340' title='bbox 1277 2464 1361 2508; x_wconf 84' lang='lat' dir='ltr'>post</span> <span class='ocrx_word' id='word_1_341' title='bbox 1380 2458 1495 2494; x_wconf 82' lang='lat' dir='ltr'>verba</span> <span class='ocrx_word' id='word_1_342' title='bbox 1512 2454 1583 2504; x_wconf 78' lang='grc' dir='ltr'>τᾶς</span> <span class='ocrx_word' id='word_1_343' title='bbox 1598 2454 1716 2508; x_wconf 82' lang='grc' dir='ltr'><em>Ἀμα-</em></span> 
     </span>
     <span class='ocr_line' id='line_1_66' title="bbox 1060 2514 1716 2561; baseline -0.005 -8"><span class='ocrx_word' id='word_1_344' title='bbox 1060 2514 1218 2561; x_wconf 76' lang='grc' dir='ltr'><em>ζονίδας</em></span> <span class='ocrx_word' id='word_1_345' title='bbox 1264 2514 1529 2551; x_wconf 77' lang='lat' dir='ltr'>invenirentur</span> <span class='ocrx_word' id='word_1_346' title='bbox 1575 2515 1716 2551; x_wconf 86' lang='lat' dir='ltr'>inserta</span> 
     </span>
     <span class='ocr_line' id='line_1_67' title="bbox 1058 2567 1716 2621; baseline 0 -14"><span class='ocrx_word' id='word_1_347' title='bbox 1058 2572 1173 2608; x_wconf 84' lang='lat' dir='ltr'>verba</span> <span class='ocrx_word' id='word_1_348' title='bbox 1193 2587 1212 2609; x_wconf 93' lang='grc' dir='ltr'><em>τ</em></span> <span class='ocrx_word' id='word_1_349' title='bbox 1227 2567 1281 2617; x_wconf 65' lang='grc' dir='ltr'><em>οἷς</em></span> <span class='ocrx_word' id='word_1_350' title='bbox 1307 2567 1372 2609; x_wconf 59' lang='lat' dir='ltr'>dn</span> <span class='ocrx_word' id='word_1_351' title='bbox 1387 2567 1716 2621; x_wconf 52' lang='lat' dir='ltr'>oan&#39;mgflro-</span> 
     </span>
     <span class='ocr_line' id='line_1_68' title="bbox 1057 2623 1717 2678; baseline 0.003 -14"><span class='ocrx_word' id='word_1_352' title='bbox 1057 2629 1193 2665; x_wconf 77' lang='lat' dir='ltr'>novius</span> <span class='ocrx_word' id='word_1_353' title='bbox 1209 2627 1340 2678; x_wconf 81' lang='lat' dir='ltr'>reponi</span> <span class='ocrx_word' id='word_1_354' title='bbox 1351 2628 1520 2664; x_wconf 81' lang='lat' dir='ltr'>voluerat</span> <span class='ocrx_word' id='word_1_355' title='bbox 1536 2625 1607 2675; x_wconf 73' lang='grc' dir='ltr'><em>τοὶς</em></span> <span class='ocrx_word' id='word_1_356' title='bbox 1619 2623 1717 2666; x_wconf 75' lang='grc' dir='ltr'><em>ἄπο-</em></span> 
     </span>
     <span class='ocr_line' id='line_1_69' title="bbox 1058 2681 1716 2736; baseline -0.008 -13"><span class='ocrx_word' id='word_1_357' title='bbox 1058 2681 1203 2734; x_wconf 74' lang='grc' dir='ltr'><em>θήτας,</em></span> <span class='ocrx_word' id='word_1_358' title='bbox 1224 2685 1406 2735; x_wconf 80' lang='lat' dir='ltr'>probante</span> <span class='ocrx_word' id='word_1_359' title='bbox 1426 2682 1629 2732; x_wconf 74' lang='lat' dir='ltr'>Lambere,</span> <span class='ocrx_word' id='word_1_360' title='bbox 1651 2683 1716 2736; x_wconf 90' lang='lat' dir='ltr'>qui</span> 
     </span>
     <span class='ocr_line' id='line_1_70' title="bbox 1058 2741 1717 2789; baseline -0.003 -11"><span class='ocrx_word' id='word_1_361' title='bbox 1058 2741 1181 2778; x_wconf 82' lang='lat' dir='ltr'>reddit</span> <span class='ocrx_word' id='word_1_362' title='bbox 1205 2741 1420 2778; x_wconf 64' lang='lat' dir='ltr'>resloutables</span> <span class='ocrx_word' id='word_1_363' title='bbox 1441 2742 1655 2789; x_wconf 58' lang='lat' dir='ltr'>guerrieres,</span> <span class='ocrx_word' id='word_1_364' title='bbox 1679 2746 1717 2776; x_wconf 89' lang='lat' dir='ltr'>et</span> 
     </span>
     <span class='ocr_line' id='line_1_71' title="bbox 1059 2798 1715 2849; baseline 0.002 -14"><span class='ocrx_word' id='word_1_365' title='bbox 1059 2799 1213 2849; x_wconf 85' lang='lat' dir='ltr'>Toupio</span> <span class='ocrx_word' id='word_1_366' title='bbox 1235 2799 1273 2834; x_wconf 92' lang='lat' dir='ltr'>in</span> <span class='ocrx_word' id='word_1_367' title='bbox 1294 2798 1415 2849; x_wconf 86' lang='lat' dir='ltr'>Epist.</span> <span class='ocrx_word' id='word_1_368' title='bbox 1444 2799 1526 2835; x_wconf 87' lang='lat' dir='ltr'>crit.</span> <span class='ocrx_word' id='word_1_369' title='bbox 1543 2810 1582 2848; x_wconf 90' lang='lat' dir='ltr'>p.</span> <span class='ocrx_word' id='word_1_370' title='bbox 1603 2799 1656 2837; x_wconf 85' lang='lat'>82</span> <span class='ocrx_word' id='word_1_371' title='bbox 1684 2809 1715 2836; x_wconf 75' lang='lat' dir='ltr'>s-</span> 
     </span>
    </p>
   </div>
  </div>
 </body>
</html>
