1839 3292
523 227 913 265 CALLIOPE.

971 226 1049 263 IX.
1334 228 1415 269 241

170 338 392 395 ,,δυνευέιν
425 335 748 393 συμβάλλοντα·
788 334 834 378 ἐκ
857 333 910 395 ,οὲ
937 336 1017 377 τοῦ
1056 335 1418 390 Πελοποννησίου

167 405 509 461 ,,στρατοπέδου,
547 403 625 447 τὸν
654 401 709 445 ἂν
739 402 886 457 σφέων
916 400 1060 445 αὐτῶν
1088 403 1271 456 κρίνωσι
1307 398 1418 444 εἶναι

166 474 399 529 ,,ἅριστον,
438 470 593 516 τοῦτόν
631 472 674 514 οἱ
719 472 1050 524 μουνομαχῆσαι
1086 470 1153 513 ἐπὶ
1191 467 1410 523 διακειμὲ-
1426 474 1472 509 25

138 546 325 594 5,,νοισι.
362 539 477 591 ἔδοξέ
505 555 548 582 τε
575 543 687 581 τοῖσι
718 539 1109 590 Πελοποννησίοισι
1138 540 1273 578 ταῦτα
1304 534 1415 579 εἶναι

167 607 390 664 ,,ποιητέα,
428 607 498 650 καὶ
536 606 694 660 ἔταμον
737 603 864 658 ὅρκια
894 603 962 646 ἐπὶ
991 601 1106 657 λόγῳ
1136 605 1315 661 τοιῷδε·
1359 602 1415 659 ἢν

166 676 272 731 „niv
297 674 455 724 ‘'Tazog
496 672 650 727 νικήσῃ
690 672 768 714 τὸν
801 671 1171 724 Πελοποννησίων
1209 670 1413 725 ἡγεμόνα,

167 742 384 795 »κατιέναι
411 741 689 793 ΓΗρακλείδας
718 738 786 781 ἐπὶ
819 738 871 781 τοὶ
900 737 1117 790 πατρώϊα·
1148 736 1204 791 ἢν
1235 737 1280 780 δὲ
1296 753 1416 792 νικη-

165 813 273 865 ,,θῇ,
314 807 365 850 τὰ
411 807 592 862 ἔμπαλιν
626 805 907 860 ἹΙρακλείδας
937 804 1306 857 ἀπαλλάσσεσθαι,
1343 804 1473 847 mmo

164 874 372 930 ,,οἷπάγειυ
407 874 486 930 τήν
523 874 748 929 στρατιὴν,
788 871 943 916 ἑκατόν
972 887 1015 915 τε
1044 871 1172 914 ἐτέων
1200 871 1258 928 μή
1291 874 1416 927 ζητῆ-

138 950 271 996 6,,σαι
299 941 486 985 κάτοδον
517 942 558 993 ἐς
573 941 923 997 Πελοπόννησον.
956 942 1198 996 προεκρίθη
1220 955 1264 982 τε
1287 939 1339 995 δὴ
1369 940 1417 983 ἐκ

163 1007 368 1064 ,,πα’ντων
397 1009 631 1066 συμμάχων
661 1008 888 1066 ἐθελοντής
902 1007 1101 1064 Ἔχεμος,
1141 1008 1164 1051 ὁ
1193 1006 1417 1062 Ἠερόπου,

110 1191 171 1222 tur
198 1184 263 1221 tali
282 1183 510 1231 mutatione,
546 1183 647 1220 libris
672 1182 766 1220 scri-

110 1242 184 1292 ptis
213 1243 431 1292 praesertim
446 1242 582 1278 invitis.
617 1242 673 1276 De
692 1253 765 1277 vo-

113 1298 197 1334 cula
219 1292 274 1335 aiv
294 1298 442 1334 monuit
462 1296 596 1334 Matth.
619 1298 684 1334 Gr.
697 1298 764 1334 Gr.

112 1355 150 1399 ξ.
171 1354 250 1394 625
271 1367 309 1404 Ρ.
342 1357 461 1394 1273.

168 1408 231 1449 ἐπὶ
257 1408 559 1460 διακειμένοισι]
591 1410 614 1447 i.
633 1423 666 1445 e.
688 1421 764 1445 cer-

112 1467 159 1502 tis
183 1467 387 1515 quibusdam
414 1468 598 1516 propositis
628 1465 764 1513 legibus

112 1535 143 1559 s.
163 1522 427 1569 conditionibus,
449 1523 495 1558 de
512 1523 645 1574 quibus
665 1524 763 1558 inter

111 1584 288 1629 utrosque
308 1587 547 1616 convenerat.
577 1579 761 1615 CitatHe-

111 1633 265 1671 rodotea
285 1635 454 1672 Eustath.
475 1635 521 1672 ad
542 1636 585 1672 ΙΙ.
606 1649 643 1686 p.
665 1637 759 1682 233,

111 1693 201 1730 335.
225 1693 315 1738 177,
338 1692 374 1732 5.
414 1691 527 1728 Haud
547 1692 652 1728 aliter
671 1692 761 1727 Plu-

110 1745 230 1783 tarch.
255 1746 372 1784 Thes.
402 1751 450 1789 17
477 1747 541 1787 ἐπὶ
567 1752 649 1793 τοῖς
677 1746 761 1798 ὁρι-

112 1807 280 1842 σθεῖσιν.
319 1806 416 1841 Mor.
452 1807 488 1840 ΙΙ
515 1819 554 1856 Ρ.
598 1806 678 1845 808
712 1805 760 1840 Α.

111 1857 175 1898 ἐπὶ
196 1862 293 1898 πᾶσι
317 1859 496 1907 δικαίοις.
555 1860 616 1897 Ad
646 1873 761 1910 argu-

112 1923 286 1952 mentum
328 1918 401 1954 loci
445 1919 498 1955 sic
541 1917 625 1954 Val
642 1916 761 1953 chen.

112 1973 244 2020 „Quae
265 1972 311 2009 de
331 1975 444 2024 Hyllo
464 1980 663 2010 narrantur
685 1975 764 2008 He-

113 2028 255 2065 raclida
275 2031 381 2066 certis
397 2031 464 2066 sub
487 2029 764 2067 conditionibus

114 2084 162 2121 ad
191 2087 380 2135 singulare
419 2094 610 2123 certamen
649 2087 764 2122 Pelo-

111 2145 380 2192 ponnesiorum
405 2144 764 2194 praestantissimum

110 2206 351 2248 provocante,
369 2201 577 2250 comparari
589 2205 765 2249 poterunt

114 2267 203 2290 cum
221 2255 377 2293 Diodor.
408 2257 484 2293 Sic.
505 2257 566 2303 IV,
589 2256 654 2296 58.
686 2255 764 2292 Sed

114 2310 219 2347 iuxta
234 2312 455 2360 Diodorum,
468 2314 581 2364 Hyllo
592 2312 763 2360 cadente,

115 2366 214 2402 intra
243 2381 359 2405 annos
387 2371 661 2421 quinquaginta
687 2382 764 2405 non

116 2430 388 2462 reverterentur
405 2427 444 2461 in
456 2427 764 2476 Peloponnesum

117 2479 355 2517 Heraclidae:
378 2483 499 2519 verius
519 2484 582 2518 ille
597 2483 765 2532 scripsis-

115 2540 172 2571 set
205 2548 293 2572 cum
317 2537 505 2575 Herodoto
535 2536 641 2585 ἐντὸς
668 2537 765 2577 ἐτῶν

117 2588 273 2639 ἓκατόν,
302 2593 424 2629 iudice
451 2595 529 2631 viro
545 2607 695 2631 summo
717 2593 764 2630 ad

115 2646 271 2687 Diodor.
295 2649 403 2686 Conf.
422 2651 558 2687 Meurs.
579 2653 635 2687 De
660 2663 765 2700 regn.

118 2703 258 2742 Laced.
289 2718 370 2755 cap.
403 2707 469 2746 7.“
527 2708 667 2751 Quibus
698 2707 765 2744 ad-

121 2759 230 2808 dam,
271 2774 368 2812 quae
413 2761 764 2813 IVesselz'ngz'us

118 2816 166 2854 ad
186 2819 292 2853 illum
309 2816 468 2856 Diodori
486 2819 612 2858 locum
627 2821 768 2858 adscri-

173 2875 394 2913 Hssnonor.
413 2875 478 2912 IV.

818 1183 909 1234 psit:
931 1181 1177 1235 „Frequentis
1199 1182 1289 1220 olim
1304 1195 1392 1220 usus
1411 1183 1473 1220 in-

819 1247 876 1276 ter
896 1239 1113 1277 dissidentes
1133 1253 1240 1290 reges
1269 1240 1474 1290 singularia

820 1303 926 1332 erant
955 1298 1182 1343 certamina,
1211 1297 1324 1347 longe
1344 1297 1474 1347 profe-

821 1359 881 1389 cto
910 1351 1127 1389 honestiora
1163 1360 1200 1389 et
1227 1354 1346 1403 magis
1377 1367 1397 1389 e
1431 1367 1472 1390 re

820 1409 974 1456 civium,
1007 1422 1122 1461 quam
1147 1421 1243 1460 quae
1262 1410 1378 1459 vulgo
1399 1410 1474 1447 levi

819 1478 929 1515 saepe
958 1479 1007 1501 ex
1042 1478 1153 1501 causa
1180 1466 1278 1501 inter
1310 1467 1474 1516 privatos

817 1528 1032 1560 sumuntur.
1102 1522 1292 1571 Exempla
1331 1523 1475 1572 princi-

815 1591 922 1629 pum,
956 1585 997 1615 ut
1020 1579 1261 1629 popularium
1298 1579 1474 1629 sanguini

815 1642 1049 1685 parceretur,
1092 1637 1189 1671 inter
1235 1648 1274 1671 se
1310 1648 1474 1686 congre-

818 1691 1004 1728 dientium
1024 1704 1102 1727 non
1125 1690 1246 1728 addo:
1267 1699 1355 1728 sunt
1371 1693 1476 1729 enim

817 1749 857 1784 in
885 1747 942 1784 his
970 1749 1072 1784 libris
1106 1747 1207 1785 haud
1243 1761 1326 1785 rara
1367 1756 1403 1786 et
1426 1750 1473 1786 ab

816 1806 1103 1855 incomparabili
1122 1807 1169 1842 Is.
1199 1805 1408 1847 casaubon,
1426 1805 1475 1842 ad

818 1860 958 1900 Athen.
994 1862 1057 1909 IV,
1084 1865 1132 1901 13
1163 1860 1363 1912 diligenter
1393 1864 1475 1900 col-

818 1918 952 1954 lectas<
984 1940 1034 1945 —-
1086 1917 1147 1954 Ad
1187 1919 1302 1955 verba
1332 1918 1475 1970 ἔταμον

820 1970 935 2026 ὅρκια
963 1974 1063 2012 conf.
1092 1975 1155 2022 IV,
1181 1977 1248 2014 70.
1277 1976 1357 2022 VII,
1380 1979 1474 2016 132.

876 2025 1012 2069 ἑκατόν
1028 2044 1067 2068 τε
1095 2030 1238 2079 ἐτέων]
1272 2032 1297 2068 i.
1322 2045 1355 2068 e.
1376 2034 1474 2069 intra

819 2090 950 2123 centum
971 2100 1092 2127 annos,
1148 2089 1226 2124 Nec
1258 2089 1364 2123 aliter
1380 2089 1475 2124 sim-

820 2144 909 2193 plex
929 2145 1115 2193 genitivus
1136 2145 1183 2191 II,
1208 2143 1300 2184 115.
1322 2145 1384 2191 VI,
1407 2144 1474 2185 58.

818 2201 862 2235 In
907 2213 1094 2236 annorum
1125 2207 1280 2236 centum
1312 2213 1475 2238 numero

820 2258 993 2306 congruit
1013 2270 1100 2292 cum
1121 2255 1313 2293 Herodoto
1343 2255 1476 2294 Schol-

821 2312 1001 2364 Tliucyd.
1022 2314 1050 2359 Ι,
1078 2316 1149 2360 123
1192 2314 1256 2364 qui
1272 2312 1342 2350 liae
1365 2312 1410 2349 de
1433 2327 1474 2349 re

821 2372 989 2419 egerint,
1019 2370 1145 2420 plures
1168 2368 1298 2406 laudat
1317 2371 1478 2407 Wesse-

820 2427 912 2475 ling.
938 2425 985 2462 ad
1005 2425 1162 2464 Diodor.
1184 2426 1210 2463 l.
1231 2427 1258 2463 1.

863 2480 1064 2533 ’Έχεμοςό
1083 2477 1284 2532 Ἠερόπου
1299 2483 1370 2520 τοῦ
1389 2484 1475 2533 <Dn-

819 2536 927 2590 γεός]
970 2540 1109 2576 Omnes
1136 2539 1221 2574 libri
1240 2539 1366 2588 scripti
1390 2540 1475 2589 Φη-

819 2594 924 2646 γέος,
966 2594 1069 2646 quod
1107 2594 1196 2630 inde
1234 2594 1475 2631 retinendum

821 2651 926 2687 duxi.
956 2654 1053 2687 Nam
1075 2665 1094 2687 e
1115 2651 1302 2687 Pausania
1329 2652 1426 2698 VIII,
1447 2649 1473 2690 4

821 2708 859 2752 ᾧ.
881 2710 920 2754 7,
936 2707 1001 2742 ubi
1024 2708 1087 2743 ille
1107 2713 1264 2744 vocatur
1295 2704 1473 2757 Κηφεὺς,

822 2762 923 2814 apud
947 2762 1184 2801 Herodotum
1200 2764 1385 2814 corrigere
1405 2776 1477 2801 vo-

806 2821 905 2857 .lunt
926 2818 1100 2871 Κηφέος,
1120 2819 1301 2858 suadente
1322 2833 1475 2873 quoque

1153 2879 1201 2916 16
