1839 3292
592 230 620 265 1.
651 228 811 264 INDEX
837 226 1028 264 RERUM.

124 343 267 384 secrata,
290 340 333 382 V,
354 338 399 373 77
422 340 492 371 not.
521 337 657 371 decima
688 348 787 380 pecu-

125 388 261 421 niarum
291 397 331 419 ex
363 385 488 425 praeda
527 384 591 416 diis
615 384 786 424 dedicata,

124 433 184 470 lx,
207 432 262 465 81.
287 431 324 470 V,
348 429 394 463 77
417 436 484 462 not.
510 428 677 467 V11‚132.

78 478 228 520 Dejectio
245 475 328 509 solis
352 476 419 508 vid.
443 476 603 518 Eclipsis.

77 524 223 563 Deieces,
249 521 429 555 Phraortis
453 521 515 561 fit,
539 520 566 557 Ι,
590 520 647 560 16,
671 520 725 553 73.
738 518 784 552 96

122 573 191 601 not.
234 567 289 600 vir
319 567 453 608 sapiens
477 570 509 599 et
541 566 626 599 iuris
649 565 783 598 dicendi

119 613 260 656 peritus,
284 613 311 653 Ι,
334 612 391 645 96.
424 611 552 644 callido
575 623 654 643 usus
677 610 786 643 consi-

121 659 182 700 lio,
205 670 266 692 rex
290 658 470 691 Medorum
487 657 693 697 declaratus,
716 656 784 687 Ec-

119 705 249 738 batana
271 704 397 746 condit,
421 704 447 742 I,
461 701 606 735 96-98.
630 701 664 734 in
688 712 786 733 exer-

121 750 231 784 cenda
256 749 388 783 iustitia
410 759 558 789 severus,
588 758 642 780 res
674 747 785 789 impe-

122 795 167 829 rii
197 795 343 837 ordinat,
366 795 394 837 I,
418 793 463 827 99
484 804 555 835 seq.
587 793 660 825 eius
691 804 786 825 mors

122 847 158 874 et
173 841 251 874 anni
276 840 385 884 regni,
408 840 436 878 I,
460 838 527 872 102
549 842 618 871 not.
641 838 785 871 Deioces

121 891 174 920 est
191 885 447 919 Dschemschid.
478 884 522 917 T.
548 884 563 917 I
588 896 620 927 p.
644 883 724 917 928.
751 884 784 927 ⁸)

77 943 279 1021 Delilihoggts,
304 942 427 976 Euenii
459 942 524 983 fil„
546 940 783 985 Apolloniata,

73 1014 282 1079 Delib'eratio
304 1044 490 1078 Persarum
520 1043 563 1077 de
585 1043 687 1077 rebus
709 1053 784 1076 ma-

117 1091 211 1169 {iiim
233 1090 331 1125 seriis
360 1090 449 1124 inter
479 1090 618 1134 pocula,
656 1089 686 1131 I,
716 1088 785 1124 133

74 1193 168 1227 Delii
186 1193 227 1225 de
249 1191 487 1236 Hyperboreis
510 1191 660 1224 maxime
684 1191 786 1224 fabu-

118 1239 245 1280 lantur,
279 1239 337 1280 lv,
370 1237 417 1270 33
447 1241 516 1270 not.
555 1237 727 1281 fugientes
744 1248 785 1270 ex

119 1284 233 1318 insula
256 1295 277 1317 a
300 1284 412 1317 Persis
436 1283 598 1323 revocati,
623 1283 680 1324 x'l,
704 1282 761 1315 97.

74 1342 222 1382 Delium,
257 1341 508 1373 Thebanorum
532 1352 609 1384 opp.
634 1341 692 1382 VI,
717 1339 784 1373 118

122 1391 190 1420 not.
223 1387 285 1427 IX,
310 1386 355 1420 15
379 1391 448 1419 not.

75 1444 202 1487 Delphi
233 1441 291 1486 (oz
316 1441 497 1485 Δελφοὶ),
522 1442 550 1482 Ι,
574 1440 631 1475 51.
664 1452 785 1475 eorum

119 1490 201 1522 urbs
224 1489 339 1533 Pytho
364 1487 539 1532 (Πυθώ),
549 1489 577 1530 1,
589 1487 633 1521 54
646 1492 714 1520 not.
726 1487 785 1530 *ἢ

120 1535 166 1568 ad
189 1546 246 1568 eos
271 1535 374 1567 missa
399 1535 541 1566 donaria
564 1544 584 1566 a
610 1534 722 1577 Gyge,
753 1533 783 1573 I,

120 1579 176 1614 14.
201 1591 222 1613 a
245 1581 382 1620 Croeso,
404 1580 433 1621 I,
456 1578 602 1612 50-52.
612 1579 668 1612 92.
694 1578 786 1622 apud

119 1627 271 1668 Delphos
302 1626 433 1668 primus
456 1625 531 1668 quis
554 1635 699 1658 munera
723 1636 783 1667 po-

117 1671 236 1712 suerit,
256 1671 346 1712 1‚14.
371 1671 496 1704 Croeso
511 1671 684 1715 Lydisque
706 1682 784 1713 per-

117 1721 260 1761 petuum
292 1716 442 1750 civitatis
481 1716 534 1749 ius
572 1717 784 1760 Delphenses

118 1763 286 1804 deferunt,
317 1762 344 1803 Ι,
368 1762 424 1795 51.
460 1763 638 1795 oraculum
662 1773 724 1804 pro
747 1772 783 1794 se

118 1813 153 1842 et
189 1808 338 1841 Graecia
379 1809 571 1849 consulunt,
607 1808 683 1849 VII,
702 1807 782 1841 178.

117 1855 305 1888 exercitum
328 1854 550 1887 formidantes
568 1854 701 1894 Xerxis,
726 1864 783 1885 ur-

118 1901 200 1933 bem
222 1900 392 1941 deserunt,
416 1899 509 1940 VIII,
533 1899 577 1932 36
600 1904 670 1932 not.
702 1900 785 1931 bar-

119 1946 224 1979 baros
261 1956 283 1978 a
316 1945 379 1978 deo
412 1956 473 1977 suo
510 1945 603 1978 male
628 1945 785 1978 adfectos

119 1991 278 2031 caedunt,
310 2002 340 2024 c.
362 1990 407 2023 37
431 1994 497 2026 not.
526 2002 594 2033 seq.
636 1989 785 2033 Delphi-

119 2049 201 2070 cum
231 2036 421 2076 oraculum,
460 2036 488 2076 I,
512 2036 568 2068 46.
604 2047 708 2070 verax
730 2046 782 2068 re-

119 2087 256 2127 pertum
280 2093 301 2115 a
324 2082 462 2121 Croeso,
487 2082 515 2122 I,
539 2081 585 2115 48
609 2086 673 2115 etc.
712 2081 784 2115 vid.

122 2129 320 2161 Graculum.
362 2127 522 2170 Delphici
546 2127 678 2160 oraculi
709 2138 784 2160 ma—

119 2175 214 2208 xima
237 2173 424 2207 auctoritas
445 2174 535 2215 apud
558 2175 667 2206 Dores
679 2173 783 2216 Spar-

119 2223 293 2263 tanosque,
317 2219 413 2260 *242
424 2224 493 2251 not.
517 2219 678 2262 Delphici
697 2224 785 2253 tem-

120 2265 170 2308 pli
203 2264 381 2309 antistites,
412 2265 502 2305 VIII,
528 2264 572 2298 36
596 2269 666 2298 not.
697 2265 784 2298 silus

121 2311 268 2350 VIIL37
291 2314 360 2344 not.
385 2310 593 2352 Delphicum
617 2312 783 2354 templum

122 2357 360 2399 conflagravit,
398 2356 426 2397 I,
460 2356 506 2389 50
538 2362 607 2389 not.
646 2358 690 2397 II,
716 2356 784 2389 180

123 2405 192 2434 not.
225 2402 320 2434 aliud
353 2402 622 2445 Amphictyones
663 2403 784 2436 aedifi-

126 2447 275 2480 candum
306 2447 450 2490 elocant,
485 2448 531 2492 II,
565 2447 634 2481 180
656 2453 726 2482 not.
750 2452 784 2482 et

1469 229 1552 268 487

887 333 1152 370 Alcmaeonidae
1190 333 1394 375 conducunt,
1432 335 1474 376 V,
1505 336 1550 369 62

887 387 958 415 not.

841 427 1044 471 Delphinus,
1067 425 1095 466 Ι,
1116 424 1163 458 23
1185 427 1255 459 not.

839 474 943 506 Delta
966 472 1230 517 Aegyptiorum,
1254 470 1301 511 II,
1325 469 1381 503 13.
1391 468 1435 502 15
1458 481 1548 512 seqq.

884 520 932 560 II,
956 519 1001 552 16
1024 523 1093 551 not.
1117 516 1195 550 179.
1227 517 1339 550 solum
1356 516 1460 549 Delta
1483 516 1549 548 Ac—

883 568 1031 608 gyptum
1055 575 1128 596 esse
1150 562 1246 596 aiunt
1262 563 1382 602 Iones;
1405 572 1473 595 non
1494 572 1548 594 re-

887 614 951 648 cte,
975 610 1018 649 II,
1044 607 1099 641 15.

840 654 1026 689 Delubrum
1066 655 1216 687 Latonae
1255 663 1297 686 ex
1333 663 1400 686 uno
1435 652 1550 695 lapide

886 701 1080 733 confectum
1118 698 1153 731 in
1186 699 1279 732 Buto
1313 698 1462 740 oppido,
1502 698 1549 742 II,

886 744 952 779 155
975 749 1045 778 not.
1068 744 1163 779 aliud
1186 744 1256 776 tale
1279 743 1464 776 delubrum
1494 744 1550 776 de-

885 791 1057 832 scribitur,
1089 791 1136 832 ΙΙ,
1168 787 1246 823 175.
1278 789 1460 822 delubrum
1496 790 1549 822 Ιο-

887 838 939 870 vis
970 838 1033 869 sub
1056 837 1140 880 fago
1171 835 1346 869 conditum
1376 835 1550 875 Dodonae,

886 883 901 916 Ι
908 884 931 922 l,
952 882 1008 916 56.
1043 881 1160 915 Protei
1183 881 1277 926 regis
1297 881 1551 925 Aegyptiorum

885 927 1055 971 Memphi,
1080 928 1125 968 II,
1145 927 1222 960 112.
1250 927 1401 969 Phylaci
1425 930 1458 959 et
1481 926 1550 958 Au-

886 975 980 1007 touoi
1007 974 1096 1016 apud
1113 974 1278 1017 Delphos,
1302 971 1393 1016 VIII,
1407 971 1464 1005 39.
1481 972 1551 1004 vid.

888 1021 1073 1064 Templum.

840 1067 944 1099 Delus
969 1068 1044 1105 ins„
1066 1064 1127 1107 IV,
1151 1061 1297 1097 33-35.
1323 1061 1391 1105 (ibi
1415 1062 1551 1096 orbicu-

887 1113 976 1145 latus
999 1112 1107 1150 lacus,
1131 1110 1175 1149 ΙΙ,
1200 1108 1268 1142 170
1291 1110 1383 1152 not.)
1416 1109 1553 1152 expiata

888 1168 911 1190 a
942 1157 1134 1195 Pisistrato,
1169 1155 1197 1197 Ι,
1234 1155 1279 1187 6}
1309 1159 1378 1188 not.
1422 1154 1551 1193 tremit,

886 1206 987 1236 antea
1004 1203 1216 1241 inconcussa,
1229 1199 1340 1241 VIAJS
1351 1203 1418 1235 not.
1443 1201 1551 1233 Grae-

874 1249 936 1281 “cis
958 1248 1143 1290 aliquando
1166 1246 1353 1289 navigandi
1376 1246 1552 1287 terminus,

886 1294 978 1335 wll,
1011 1293 1077 1326 132
1101 1297 1169 1325 not.
1210 1292 1288 1324 Deli
1311 1292 1371 1324 diu
1393 1292 1554 1325 sedebant

886 1340 1011 1373 Graeci
1042 1340 1077 1372 in
1111 1339 1202 1370 bello
1237 1337 1386 1379 Persico,
1421 1338 1484 1377 IX,
1507 1336 1553 1370 90

888 1387 932 1418 cf.
961 1385 1054 1426 VIII,
1086 1384 1162 1419 133.
1199 1383 1367 1426 Apollinis
1399 1387 1434 1416 et
1471 1383 1552 1416 Dia-

886 1442 950 1463 nae
978 1432 1073 1463 locus
1096 1429 1230 1470 natalis,
1257 1429 1313 1469 VI,
1336 1428 1382 1462 97
1405 1433 1474 1462 not.

842 1478 1050 1511 Demaratus
1075 1475 1239 1508 Corintho
1264 1475 1394 1518 migrat
1425 1474 1460 1507 in
1482 1474 1553 1508 Ita-

887 1524 984 1563 liam,
1010 1523 1052 1563 V,
1073 1521 1118 1554 92
1143 1524 1175 1563 ς.
1200 1519 1222 1553 5
1246 1525 1317 1553 not.

841 1581 1062 1620 Demaratus,
1087 1577 1254 1611 Aristonis
1276 1577 1341 1617 fil„
1363 1587 1423 1609 rex
1446 1575 1552 1619 Spar-

885 1630 953 1665 tae,
978 1636 1019 1657 ex
1043 1629 1154 1656 matre
1177 1628 1288 1664 natus,
1312 1634 1400 1665 quae
1413 1633 1453 1654 ex
1477 1623 1553 1655 foe-

884 1670 1024 1703 dissima
1051 1670 1136 1703 olim
1161 1670 1275 1711 puella
1300 1668 1554 1702 formosissima

883 1719 1051 1756 evaserat,
1076 1716 1132 1756 VI,
1156 1715 1200 1748 61
1222 1727 1294 1757 seq.
1318 1726 1338 1748 a
1362 1718 1458 1757 patre
1480 1714 1553 1756 pri-

884 1774 943 1796 mo
978 1761 1114 1805 spurius
1144 1761 1335 1802 iudicatus,
1358 1771 1439 1793 mox
1469 1770 1553 1793 vero

885 1808 1036 1852 agnitus,
1062 1808 1106 1840 ob
1131 1807 1250 1850 populi
1273 1812 1355 1839 vota
1378 1803 1551 1848 Δημάρη-

884 1866 948 1892 τος
972 1864 1095 1887 nomen
1120 1853 1258 1896 acc-ipit,
1286 1865 1315 1885 c.
1340 1852 1385 1885 63
1411 1856 1480 1885 not.
1507 1852 1551 1884 cs.

884 1911 914 1932 c.
940 1898 994 1931 65.
1021 1898 1092 1939 vll,
1116 1898 1138 1931 3
1162 1903 1230 1930 not.
1255 1898 1298 1930 T.
1323 1897 1375 1930 III
1406 1909 1439 1940 p.
1472 1896 1552 1930 818.

885 1963 929 1970 —
954 1944 1140 1987 Olympica
1162 1944 1308 1976 victoria
1331 1943 1419 1976 inter
1443 1942 1552 1986 Spar-

885 1994 984 2023 tanos
1008 1991 1133 2026 clarus.
1157 1989 1214 2032 VI,
1237 1989 1283 2022 70
1299 1992 1369 2022 not.
1394 1989 1549 2022 Cleome—

883 2047 974 2076 nem,
997 2036 1094 2068 nulla
1117 2034 1288 2068 discordia
1310 2038 1409 2067 antea
1423 2033 1551 2068 aliena-

885 2086 949 2121 tus,
982 2081 1017 2114 in
1041 2081 1256 2124 expeditione
1288 2085 1407 2113 contra
1438 2080 1550 2113 Athe-

882 2138 943 2160 nas
965 2127 1101 2170 deserit,
1127 2127 1166 2167 V,
1183 2126 1239 2160 75.
1265 2136 1412 2168 eumque
1434 2125 1468 2158 in
1486 2126 1550 2158 Ae-

884 2174 968 2218 gina
1000 2173 1177 2206 absentem
1210 2172 1452 2211 calumniatur,
1484 2171 1549 2203 Ae-

883 2219 1010 2262 ginetis
1043 2218 1180 2261 quidem
1222 2230 1290 2250 non
1324 2218 1456 2259 favens,
1489 2217 1550 2256 Vl,

884 2266 929 2299 50
953 2276 1022 2307 seq.
1046 2265 1090 2297 cs.
1116 2276 1145 2296 c.
1172 2264 1214 2297 61
1241 2263 1339 2297 etffl.
1366 2274 1428 2306 per
1452 2263 1551 2294 Cleo·

885 2311 993 2344 menis
1010 2310 1281 2343 machinationes
1297 2309 1550 2352 aLeotychide,

884 2368 951 2389 non
975 2368 1046 2388 esse
1070 2356 1118 2388 fil.
1142 2356 1312 2388 Aristonis
1329 2355 1475 2394 iurante,
1497 2365 1550 2386 re-

884 2403 945 2446 gia
978 2406 1098 2435 exutus
1128 2402 1309 2445 dignitate,
1346 2412 1375 2433 c.
1410 2398 1456 2433 65
1480 2411 1551 2441 seq.

885 2453 919 2482 et
941 2449 1068 2492 probro
1085 2447 1251 2488 adfectus,
1277 2450 1423 2480 matrem
1448 2450 1550 2480 testa-

179 2629 207 2670 *)
232 2628 319 2661 Add.
343 2629 368 2661 1.
389 2629 433 2662 de
457 2630 625 2663 Hammer.
649 2629 783 2664 Annali.
807 2628 929 2663 Vienn.
953 2628 1049 2661 LXII
1072 2640 1109 2672 p.
1133 2628 1178 2662 46
1202 2627 1282 2660 coll.
1298 2628 1550 2672 Pott.Etymol.

79 2675 220 2707 Forsch.
245 2687 279 2717 p.
303 2673 408 2707 LVIII
431 2675 474 2707 de
498 2677 642 2709 nominis
670 2683 797 2720 etymo.

169 2733 215 2775 ⁰)
239 2731 411 2774 Reliquias
439 2733 598 2774 quasdam
622 2736 791 2766 moenium
816 2732 915 2764 molis
939 2731 1132 2773 grandioris
1157 2730 1310 2762 exhibuit
1332 2730 1498 2763 Dodwell.
1517 2730 1552 2762 in

79 2777 191 2810 Views
216 2778 282 2809 and
305 2777 538 2818 Descriptions
562 2780 602 2810 of
621 2779 807 2823 Cyclopian
830 2789 870 2811 or
892 2777 1046 2821 Pelasgia
1081 2777 1240 2809 Rem-dius
1269 2777 1303 2808 in
1332 2777 1463 2810 Greece
1486 2776 1552 2810 and

80 2823 168 2867 Italy
191 2823 278 2856 Tab.
303 2821 348 2856 34
371 2828 406 2854 et
427 2822 470 2856 35
495 2823 543 2868 (p.
557 2825 628 2868 19.)
