1839 3292
474 245 930 284 CALLIOPE.
988 245 1070 282 IX.
1317 247 1402 287 323

150 369 229 403 στα
258 357 338 400 τοῦ
367 358 542 411 βωμοῦ·
589 354 662 398 καὶ
697 358 758 413 τῷ
789 355 835 399 ἐν
858 353 1076 412 Ὀλυμπίῃ
1111 354 1204 408 θεῷ’
1242 352 1459 405 ἐξελόν-75

148 440 236 476 τες,
269 421 340 466 ἀπ’
369 419 419 479 ἧς
453 421 702 478 δεκάπηχυν
734 422 916 478 χάλκεον
944 424 1033 467 Δία
1053 419 1300 476 ἀνέθηκαν·
1330 422 1403 464 καὶ

147 496 208 550 τῷ
247 492 294 536 ἐν
333 488 492 549 Ἰσθμῷ
517 495 631 546 θεῷ,
662 488 731 532 ἀπ’
761 485 810 546 ἧς
840 491 1079 547 ἑπτάπηχυς
1107 488 1286 544 χάλκεος
1317 493 1403 533 Πο-

148 559 327 604 σειδέων
353 558 585 614 ἐξεγένετο·
629 561 764 600 ταῦτα
793 556 1016 609 ἐξελόντες,
1057 554 1107 597 τὰ
1137 555 1269 600 λοιποὶ
1297 559 1404 601 διαι-

149 629 316 683 ρέοντο,
347 627 419 669 καὶ
438 627 594 681 ἔλαβον
614 625 784 666 ἕκαστοι
813 626 901 666 τῶν
930 622 1041 675 ἄξιοι
1070 617 1195 678 ἦσαν,
1225 625 1299 668 καὶ
1326 626 1402 677 τὰς

148 694 368 745 παλλακάς
396 697 484 737 τῶν
515 691 744 746 Περσέων,
791 691 864 733 καὶ
892 690 970 734 τόν
998 691 1180 746 χρυσὸν,
1222 693 1296 735 καὶ
1324 694 1402 737 τόν
1415 701 1458 734 80

118 762 361 817 Ξᾶργυρον,
393 761 466 804 καὶ
495 760 604 803 ἄλλα
632 757 825 814 χρήματά
858 775 901 801 τε
930 759 1003 802 καὶ
1028 756 1254 813 ὑποζύγια.
1285 759 1403 804 ‘'00‘oe

150 831 229 886 μέν
258 845 342 872 νυν
370 828 564 882 ἐξαίρετα
592 832 705 870 τοῖσι
734 824 1010 881 ἀριστεύσασι
1036 825 1201 869 αὐτέων
1222 827 1269 870 ἐν
1289 832 1404 872 Πλα-

148 900 294 954 ταιῇσι
321 894 474 952 ἐδόθη,
493 895 548 938 ου’
578 894 743 951 λέγεται
773 895 880 950 πρὸς
911 893 1278 950 οὐδαμῶυ,δοκέω
1313 894 1350 938 δ’
1366 896 1401 939 ἔ-

117 971 261 1021 3γωγε
303 964 377 1007 καὶ
422 962 616 1006 τούτοισι
651 965 852 1018 δοθῆναι.
914 963 1146 1018 Παυσανίῃ
1187 962 1232 1006 δὲ
1260 963 1402 1007 πάντα

147 1031 250 1075 δέκα
277 1031 477 1087 ἐξαιρέθη
506 1046 550 1073 τε
578 1031 650 1074 καὶ
680 1029 829 1086 ἐδόθη,
858 1031 1224 1085 γυναῖκες,ἴπποι,
1244 1030 1402 1074 τάλαν·
1414 1037 1456 1072 85

144 1115 224 1152 τα,
264 1098 472 1155 κάμηλοι,
514 1098 572 1149 ὡς
610 1098 656 1141 δὲ
688 1098 827 1149 αὕτως
856 1098 929 1141 καὶ
963 1096 1015 1141 τοὶ
1055 1095 1162 1141 ἄλλα
1190 1099 1398 1154 χρήματα.

0 1183 80 1273 ξ82
148 1167 328 1223 Λέγεται
359 1166 404 1208 δὲ
433 1165 506 1208 καὶ
535 1165 636 1208 τάδε
670 1165 893 1221 γενέσθαι·
952 1163 1010 1216 ὥς
1039 1165 1198 1221 Ξέρξης
1226 1166 1402 1222 φεύγων

149 1234 196 1278 ἐκ
235 1238 308 1290 τῆς
334 1232 536 1282 Ελλάδος
564 1235 811 1290 Μαρδονίῳ
851 1232 929 1287 τήν
959 1233 1230 1288 κατασκευὴν
1258 1250 1397 1277 κατα-
1456 1254 1645 1290 Comparatvo
1666 1257 1728 1284 sm

144 1303 265 1345 λίποι
314 1317 396 1356 την
435 1299 621 1343 ἑωυτοῦ·
682 1303 940 1356 Παυσανίην
971 1318 1051 1352 ων,
1104 1299 1284 1354 ὁρέοντα
1317 1290 1728 1356 m‘yv9offigtgfflsfflffim‘

145 1371 410 1423 Μαρδονίου
447 1369 718 1424 κατασκευὴν
756 1372 904 1426 χρυσῷ
943 1385 987 1411 τε
1017 1369 1090 1411 καὶ
1119 1367 1297 1425 ἀργύρῳ
1327 1371 1400 1412 καὶ
1457 1356 1662 1385 barbarorum.

146 1435 502 1493 παραπετάσμασι
543 1438 779 1480 ποικίλοισι
806 1435 1224 1491 κατασκευασμένην,
1258 1441 1399 1480 κελεῦ-

0 1265 1 1322 l

0 1337 3 1367 l

89 1653 216 1677 meam
232 1653 311 1677 non
331 1641 441 1677 facio.
472 1640 515 1677 Si
533 1647 663 1677 tamen
682 1653 748 1678 ve-

88 1711 175 1734 rum
206 1710 390 1745 amamus,
428 1709 520 1733 unus
548 1695 611 1734 hic
642 1697 748 1734 draco

91 1761 127 1790 et
149 1756 276 1804 triceps
306 1753 527 1790 describitur
543 1783 552 1801 ⁷
587 1749 748 1805 δράκων

88 1813 257 1861 χαλκοῦς
277 1811 497 1857 Pausaniae,
513 1822 748 1846 monumen-

89 1874 173 1903 tum
204 1873 331 1903 autem
362 1867 747 1917 Constantinopolita-

88 1936 184 1958 mun
198 1929 271 1959 tres
287 1921 439 1958 exhibet
459 1930 663 1973 serpentes,
674 1923 746 1959 sci-

88 1980 229 2015 tissime
261 1979 598 2029 coutortiplicatos:
634 1978 747 2015 dubi-

91 2048 159 2071 um
185 2042 398 2085 praeterea,
429 2034 639 2085 Delphisne
663 2037 748 2086 By-

89 2093 257 2128 zantium
277 2092 444 2138 venerit3
477 2091 555 2136 sed,
576 2093 657 2128 fieri
673 2090 746 2128 hoc

88 2150 265 2198 potuisse,
286 2149 375 2184 nolo
400 2147 567 2188 infitiari.
624 2150 744 2184 Porro

89 2205 186 2242 Iovis
216 2205 383 2256 Olympii
408 2217 456 2240 ex
477 2217 562 2241 aere
581 2211 744 2242 statuam

91 2262 272 2311 copiosius
310 2261 515 2298 Pausanias
560 2262 743 2312 expingit,

91 2316 138 2362 V,
155 2319 206 2356 23
223 2318 258 2362 ξ.
281 2319 301 2356 1
338 2317 404 2366 [de
430 2330 506 2369 quo
534 2319 619 2355 loco
640 2331 743 2354 nunc

94 2371 171 2408 vid.
186 2372 428 2412 Broendsted.
449 2376 466 2410 I
484 2388 522 2425 p.
547 2377 623 2415 102
638 2388 744 2426 seqq.

95 2426 194 2464 Add.
235 2430 394 2467 Pausan.
426 2431 489 2480 VI,
524 2434 575 2471 10
615 2432 654 2477 §.
689 2431 742 2481 2.]

104 2482 171 2520 We
183 2498 198 2519 s
209 2498 225 2519 s
238 2497 254 2520 e
264 2485 301 2520 l·
287 2497 299 2521 ι
314 2499 335 2522 n
347 2499 386 2534 g.

156 2541 365 2595 Παυσανίη
412 2539 453 2581 δὲ
482 2538 614 2582 πάντα
653 2541 747 2582 δέκα

97 2594 312 2646 ἐξαιρέθη]
358 2596 419 2634 Ad
455 2611 590 2636 vocem
618 2597 748 2638 πάντα

97 2652 141 2700 (i.
164 2666 197 2688 e.
217 2666 283 2689 von
304 2652 441 2702 Allem)
471 2654 517 2693 cf.
548 2655 681 2693 Matth.
709 2658 746 2702 ξ.

98 2710 193 2748 266.
239 2710 446 2746 Hermann.
479 2710 525 2747 ad
552 2713 677 2762 Viger.
708 2727 748 2763 p.

97 2767 192 2804 727.
249 2766 299 2801 Et
326 2764 402 2802 vid.
424 2766 602 2804 Herodot.
630 2771 660 2816 Ι,
680 2769 747 2811 50.

99 2822 233 2858 Nostro
268 2823 351 2858 loco
379 2823 475 2859 bene
494 2824 609 2860 utitur
638 2826 680 2863 C.
702 2827 746 2864 O.

802 1641 952 1676 Miiller.
976 1642 1067 1678 Dor.
1083 1642 1119 1677 II
1138 1655 1174 1693 p.
1189 1643 1290 1689 2093
1312 1655 1360 1679 ex
1380 1656 1457 1694 quo

802 1698 878 1733 scil.
900 1699 1132 1748 perspicitur,
1162 1699 1313 1749 regibus
1339 1700 1459 1750 Spar-

803 1760 980 1790 tanorum
1010 1756 1157 1791 licuisse
1187 1768 1322 1791 aurum
1342 1764 1457 1807 atque

803 1817 1014 1860 argentum,
1038 1813 1142 1848 cuius
1167 1825 1278 1848 usum
1300 1813 1458 1863 Spartae

799 1865 1043 1903 interdictum
1062 1868 1172 1904 fuisse
1183 1870 1297 1918 vulgo
1314 1869 1458 1918 dicunt,

800 1922 1003 1973 possidere.
1062 1925 1188 1975 Atque
1218 1925 1327 1962 affert
1352 1925 1457 1962 idem

800 1980 980 2015 Miillerus
994 1980 1112 2030 plura,
1135 1994 1232 2031 quae
1249 1981 1384 2018 eodem
1396 1982 1457 2018 fa-

801 2036 917 2084 ciunt,
937 2050 975 2072 v.
1005 2049 1037 2072 c.
1067 2037 1227 2074 mulctas
1253 2039 1456 2088 ipsumque

800 2092 967 2129 studium
998 2106 1114 2144 equos
1134 2093 1259 2129 alendi
1280 2093 1327 2130 ad
1347 2094 1457 2131 ludos

799 2150 970 2199 publicos
1011 2150 1084 2197 (cf.
1121 2149 1262 2189 Herod.
1291 2151 1354 2194 VI,
1387 2153 1454 2191 70.

803 2206 928 2253 103),
968 2204 1071 2242 haud
1101 2218 1235 2256 parvas
1265 2207 1455 2258 impensas

800 2263 969 2312 exigens.

969 2351 1061 2402 Gap.
1089 2353 1288 2390 LXXXII.

857 2427 930 2481 τήν
960 2428 1224 2482 κατασκευὴν]
1256 2429 1456 2480 Schweig-

800 2486 1003 2524 haeuserus
1023 2489 1115 2524 olim
1143 2489 1324 2538 scriptum
1343 2488 1456 2523 fuisse

801 2544 1060 2594 suspicabatur
1079 2541 1152 2594 τήν
1173 2541 1327 2594 σκηνήν
1340 2557 1348 2590 3
1361 2545 1455 2579 scri-

803 2601 857 2651 pti
880 2601 978 2646 libri,
995 2607 1181 2651 quantum
1200 2601 1289 2646 scio,
1311 2613 1455 2647 omnes,

802 2670 881 2693 nou
899 2656 1091 2693 addicunt.
1147 2658 1350 2707 Descripsit
1376 2657 1457 2691 He-

801 2712 958 2750 rodotea
986 2710 1204 2749 Athenaeus
1223 2714 1285 2760 lv,
1307 2715 1330 2753 6
1350 2726 1377 2751 s.
1405 2713 1456 2754 15

802 2782 889 2821 pag.
922 2771 997 2809 138
1024 2769 1067 2807 C.
1093 2767 1199 2807 haud
1231 2782 1353 2821 pauca
1381 2770 1456 2805 im—

801 2833 967 2865 mutans.

1090 2878 1186 2921 21³*
