1839 3292
385 175 470 216 234
781 167 1245 209 HERODOTI

261 285 324 331 21
385 287 499 327 λεον.
557 280 682 325 Κατὰ
714 282 950 335 συντυχίην
980 278 1025 322 δε
1046 280 1309 333 ΜεγαρέεςἸ
1288 295 1439 334 ετυχον
1468 277 1645 333 ταχθέν-

385 367 454 401 τες
484 352 510 407 ᾑ
541 348 588 393 τό
621 346 946 403 ἐπιμαχώτατον
975 341 1031 402 ἦν
1059 349 1140 389 τοῦ
1170 348 1330 400 χωρίου
1358 346 1541 397 παντός·
1572 347 1646 390 καὶ

357 419 606 472 Ξπρόσοδος
636 415 819 471 μαλιστα
850 415 985 470 ταύτῃ
1024 413 1187 469 ἐγίνετο
1228 417 1281 470 τῇ
1321 416 1450 470 ι’ππῳ.
1510 426 1647 469 προσ-

387 484 632 543 βαλλούσης
663 485 723 526 ὠν
760 487 836 538 τῆς
866 485 1026 534 ι’,ππου
1066 483 1108 524 οἱ
1137 481 1361 536 Μεγαρέες
1403 485 1704 538 πιεζόμενοι30

387 555 574 608 ἔπεμπον
608 553 674 596 ἐπὶ
706 569 810 602 τους
843 549 1111 605 στρατηγούς
1147 567 1236 592 των
1261 548 1481 604 Ελλήνων
1510 549 1646 606 κη’ρυ-

357 629 456 664 Βκα.
489 619 746 676 ἀπικόμενος
777 620 822 662 δὲ
853 619 876 663 ὁ
907 618 1046 674 κήρυξ
1075 618 1184 670 πρὸς
1215 615 1377 668 αὐτούς
1399 617 1512 671 ἔλεγε
1533 616 1645 661 τάδε·

382 688 635 744 ,,Μεγαρεές
675 688 873 743 λέγουσι,
909 685 1073 741 “Ημεῖς,
1116 685 1269 739 ἄνδρες
1309 685 1556 741 σύμμαχοι,
1588 691 1648 729 ου’

384 758 593 809 ,,δυνατοι’
626 758 742 810 εἰμεν
776 756 853 810 τὴν
886 755 1095 808 Περσέων
1135 755 1270 796 ἵππον
1305 754 1506 797 δέκεσθαι
1537 756 1649 808 μοῦ-

383 842 503 878 ,,νοι,
536 825 704 880 ἔχοντες
735 823 888 867 στάσιν
909 821 1072 878 ταύτην
1100 821 1143 873 ἐς
1172 822 1251 878 τὴν
1280 822 1460 878 ἔστημεν
1495 820 1645 877 ἀρχήν.
1659 827 1703 861 35

355 892 520 945 4,,ἄλλα
552 895 625 936 καὶ
655 893 697 943 ἐς
725 892 822 936 τόδε
851 892 1028 947 λιπαρίῃ
1058 906 1103 933 τε
1132 891 1205 933 καὶ
1235 891 1368 946 α’ρετῇ
1400 887 1648 945 ἀντέχομεν,

384 964 483 1014 ,,καί
513 978 592 1014 περ
623 959 904 1015 πιεζεύμενοι.
963 962 1047 1001 νῦν
1077 974 1140 1009 τε,
1173 961 1208 1001 εἰ
1239 958 1297 1013 μή
1327 974 1449 1008 τινας
1482 958 1644 1008 ἄλλους

385 1031 597 1085 ,πέμψετε
629 1028 859 1081 διαδόχους
888 1030 964 1082 τῆς
1003 1026 1172 1077 τάξιος,
1222 1029 1311 1069 ἰ’στε
1340 1025 1474 1082 ἡμέας
1513 1025 1648 1068 ἐκλεί-

385 1106 574 1150 ,,ψοντας
611 1097 690 1151 τὴν
728 1097 893 1146 τάξιν.“
953 1092 976 1136 ὁ
1018 1094 1096 1147 μὲν
1134 1093 1186 1149 δή
1218 1106 1299 1149 σφι
1339 1098 1476 1137 ταῦτα
1506 1092 1644 1149 ἀπήγ-

355 1171 513 1222 5γειλε.
630 1164 886 1218 Παυσανίης
925 1161 970 1205 δὲ
1001 1160 1262 1214 ἀπεπειρᾶτο
1305 1164 1394 1203 τῶν
1419 1159 1703 1217 Ἑλλήνων,4ο

385 1237 425 1279 εἴ
451 1251 564 1285 τινες
604 1232 798 1276 ἐθέλοιεν
837 1230 961 1274 ἄλλοι
1002 1229 1226 1273 ἐθελονταὶ
1265 1229 1378 1271 ἰέναι
1412 1244 1457 1271 τε
1498 1228 1540 1279 ἐς
1569 1228 1646 1272 τὸν
1704 1238 1782 1276 701

355 1307 529 1359 6χῶρον
569 1305 738 1352 τοῦτον,
769 1301 841 1343 καὶ
870 1297 1108 1342 τάσσεσθαι
1149 1295 1347 1351 διάδοχοι
1382 1299 1644 1350 Μεγαρεῦσι.

381 1370 435 1416 ου’
465 1367 745 1427 βουλομένων
775 1367 821 1411 δὲ
843 1370 931 1410 τῶν
961 1366 1105 1410 ἄλλων
1122 1399 1134 1419 ,
1161 1364 1389 1420 Ἀθηναῖοι
1417 1362 1645 1416 ὑπεδέξαν-

382 1456 450 1491 το,
480 1438 554 1482 καὶ
578 1435 826 1493 Ἀθηναίων
856 1437 899 1478 οἱ
926 1434 1171 1491 τριηκόσιοι
1200 1431 1403 1488 λογοῖδες,
1433 1436 1522 1475 τῶν
1553 1433 1647 1476 ἐλο-

257 1511 321 1555 22
380 1506 502 1564 χήγεε
531 1504 883 1560 Ὀλυμπιόδωρος
913 1501 936 1546 ὁ
969 1503 1230 1558 Λάμπωνος.
1294 1494 1428 1543 Οὗτοι
1460 1496 1573 1556 ἦσαν
1602 1503 1701 1545 οῖ’45

51 1575 327 1649 ξζὲζξᾷζῦξζζῆξξΐζ]
384 1592 428 1620 τε
456 1572 796 1630 ὑποδεξάμενοι,
833 1572 907 1617 καὶ
938 1573 980 1615 οἱ
1012 1570 1095 1627 πρὸ
1136 1573 1225 1614 τῶν
1257 1570 1403 1614 ἄλλων
1441 1573 1531 1614 τῶν
1560 1584 1646 1612 πα·-

51 1649 100 1672 tus
117 1643 241 1672 Persici.

540 1746 633 1797 Cap.
652 1745 762 1781 XXI.

384 1820 410 1859 ἠ
433 1820 476 1844 το
496 1799 792 1854 ἐπιμαχώτατον
824 1815 878 1851 ην
898 1815 932 1839 κ.
949 1813 983 1840 τ.

327 1862 381 1910 λ.]
415 1862 579 1899 Sensum
599 1861 672 1896 loci
691 1857 794 1895 hunc
813 1871 890 1894 esse
909 1869 984 1908 pu-

326 1925 390 1955 to:
415 1918 514 1969 forte
536 1922 652 1954 autem
673 1915 828 1962 accidit,
846 1921 898 1961 ut,
924 1915 986 1964 qui

325 1978 477 2012 maxime
506 1974 658 2011 hostibus
693 1975 769 2009 erat
807 1974 984 2022 expositus

325 2032 421 2069 iocus
445 2032 630 2080 (maxime
647 2030 725 2067 scil.
740 2035 846 2079 aptus
875 2029 985 2079 equi-

325 2095 408 2126 tum
430 2087 739 2135 incursionibus),
770 2099 806 2122 eo
825 2085 987 2122 collocati

325 2150 447 2186 essent.
484 2147 542 2182 De
563 2158 658 2182 voce
678 2142 866 2194 ἐπίμαχος
885 2142 985 2179 conf.

324 2204 363 2251 1,
395 2202 462 2244 84.
494 2203 565 2248 Vl,
601 2203 691 2242 133.
725 2224 774 2228 —
806 2201 849 2235 In
879 2212 984 2250 seqq.

322 2259 376 2296 ‘ad
394 2255 517 2312 ταύτῃ
550 2258 651 2295 conf.
672 2255 807 2294 Matth.
829 2257 894 2292 Gr.
918 2257 984 2292 Gr.

327 2318 367 2362 ᾗ·
401 2315 503 2363 472,
536 2318 559 2355 3
596 2327 681 2365 pag.
712 2315 803 2353 881.
863 2313 984 2349 Paulo

326 2373 484 2410 inferius
505 2384 636 2408 omnes
660 2369 769 2407 codd.
789 2368 880 2405 dant
897 2383 984 2407 πιε-

328 2427 499 2481 ζόμενοι,
528 2435 611 2465 tum
629 2440 717 2464 vero
740 2425 814 2463 duo
833 2420 984 2472 πιεζεύ-

328 2501 461 2537 μενοι,
509 2485 613 2538 quod
641 2485 755 2534 vulgo
789 2489 984 2533 receptum

329 2550 394 2580 est.
424 2542 506 2579 vid.
528 2543 639 2579 allata
666 2540 713 2577 ad
731 2541 834 2587 V111,
868 2538 960 2578 141.

387 2598 536 2649 ἔχοντες
567 2595 722 2648 στάσιν]
756 2595 865 2641 Quod
891 2609 984 2646 pro-

328 2656 432 2692 xime
468 2655 657 2692 antecedit
690 2656 856 2705 μοῦνοι,
896 2651 984 2689 dili-

327 2719 461 2763 genter
490 2711 790 2762 seiungeudum,
821 2723 910 2747 cum
935 2708 984 2746 ad

328 2781 589 2821 praegressum
634 2767 821 2809 δέκεσθαι
864 2767 983 2819 perti·

1040 1748 1145 1779 neat.
1205 1741 1254 1779 Se
1273 1744 1364 1779 enim
1392 1741 1482 1779 solos
1512 1740 1702 1779 Persarum

1040 1802 1195 1849 equitum
1213 1802 1375 1849 impetum
1409 1800 1578 1836 sustinere
1603 1810 1703 1848 posse

1039 1863 1184 1906 negant
1203 1857 1458 1907 Megarenses.
1517 1856 1640 1900 Quam
1659 1853 1701 1892 h.

1040 1914 1065 1950 l.
1099 1909 1237 1951 στάσιν
1279 1913 1368 1950 dicit
1403 1914 1586 1950 stationem
1620 1912 1702 1949 scil.

1041 1982 1159 2021 quam
1179 1971 1218 2005 iu
1233 1971 1312 2007 acie
1332 1977 1463 2007 tenere
1479 1970 1567 2006 iussi
1580 1962 1700 2015 erant,

1041 2039 1134 2063 mox
1175 2034 1285 2064 vocat
1318 2024 1392 2076 τήν
1433 2022 1546 2073 τάξιν
1581 2024 1701 2077 (quod

1040 2083 1144 2120 idem
1174 2084 1275 2120 libris
1309 2083 1526 2119 iubentibus
1556 2082 1703 2132 reposi-

1040 2147 1124 2177 tum
1150 2141 1227 2189 IX,
1262 2143 1330 2181 26.
1360 2139 1434 2188 48)
1465 2146 1501 2175 et
1529 2135 1598 2177 τὸν
1628 2139 1701 2188 χῶ-

1043 2212 1114 2248 ρον
1145 2199 1302 2235 τοῦτον.
1335 2217 1384 2224 -
1442 2196 1561 2232 Voces
1589 2197 1701 2233 λιπα-

1044 2253 1109 2306 ρίῃ
1130 2267 1170 2291 τε
1187 2253 1254 2291 καὶ
1280 2248 1403 2306 α’ρετῇ
1421 2248 1703 2304 (perseverantia

1039 2314 1071 2347 et
1104 2310 1252 2358 virtute)
1284 2308 1422 2345 eodem
1468 2315 1577 2359 pacto
1611 2309 1701 2344 iuu-

1041 2373 1122 2403 ctae
1142 2367 1321 2416 leguntur
1341 2367 1410 2413 IX,
1434 2368 1500 2405 70.
1531 2363 1592 2401 Ad
1612 2378 1700 2402 ver-

1039 2424 1134 2460 bum
1155 2419 1394 2475 οἷπεπειρᾶτο
1421 2422 1521 2459 conf.
1541 2423 1611 2471 IX,
1635 2424 1699 2463 18.

1244 2513 1336 2564 Cap.
1365 2513 1492 2551 XXII.

1098 2588 1220 2633 Οὗτοι
1244 2586 1349 2644 ἦσαν
1371 2592 1413 2631 οἵ
1436 2608 1477 2632 τε
1503 2586 1700 2638 ’ὑποδεξά-

1040 2648 1173 2702 μενοι]
1198 2652 1300 2687 Haec
1322 2662 1475 2701 quoque
1490 2648 1579 2685 talia
1599 2653 1698 2693 suut,

1040 2721 1139 2760 quae
1188 2721 1208 2743 a
1242 2708 1423 2757 scriptore
1452 2704 1698 2742 Atheniensi-

1039 2766 1110 2803 bus
1132 2765 1319 2804 benevolo
1347 2765 1507 2802 istorum
1527 2763 1698 2813 ipsorum
