1839 3292
210 306 309 354 135
366 305 457 349 δενὶ
487 304 644 348 αὐτόθι
664 304 1098 360 ἐγκατακοιμηθῆναι.

373 373 575 430 μέγιστον
600 372 802 427 γενέσθαι
845 371 1008 425 λέγεται
1051 369 1137 413 ὑπὸ
1187 373 1405 426 Θηβαίων.

36 371 143 411 Aqua
176 372 288 406 Ptous,

70 406 102 440 )“ι’
124 405 226 441 lingua
253 393 309 433 Ca-

34 439 99 467 rica
114 439 307 477 respondens.

362 197 447 238 186

754 195 1214 234 HERODOTI

1163 302 1273 347 Τόδε
1294 305 1339 348 δὲ
1358 300 1518 359 θώνμοέ
1539 319 1614 357 μοι
1625 309 1670 345 50

1471 371 1613 414 ἐλθεῖν

366 457 453 495 αρα
489 440 566 483 τὸν
596 437 810 493 Εὐρωπέα
840 441 972 487 Μῦν,
1015 438 1434 493 περιστρωφώμενον
1471 437 1614 481 πάντα

334 508 417 552 Qvo?
444 505 700 563 χρηστήρια,
731 507 804 550 καὶ
830 507 872 556 ἐς
901 508 981 548 τοῦ
1009 504 1169 548 Πτωόυ
1186 504 1453 557 ’Λπόλλωνος
1471 505 1519 549 τὸ
1549 505 1612 549 τέ-

362 592 502 633 μενος.

561 579 691 619 τοῦτο
723 575 769 618 δὲ
797 574 845 618 τό
866 573 963 628 ῖρόν
992 574 1184 617 καλέεται
1212 573 1290 628 μὲν
1314 576 1501 624 Πτῶον,
1524 572 1613 616 ἔστι

365 645 410 688 δὲ
451 644 681 700 Θηβαίων,
716 644 855 686 κέεται
884 643 929 687 δὲ
958 641 1064 695 ὑπὲρ
1095 646 1168 697 τῆς
1197 643 1433 691 Κωπαΐδος
1461 641 1615 694 λίμνης

362 711 473 766 πρὸς
503 710 645 765 οὔρεϊ,
674 709 891 767 ἀγχοτάτω
916 709 1169 765 Ἀκραιφίης
1197 708 1356 759 πόλιος.

363 778 411 823 τὸ
444 780 540 834 ἱρόν
578 779 667 822 ἐπεί
701 794 745 821 τε
774 783 1007 833 παρελθεῖν
1045 777 1124 820 τόν
1147 775 1412 831 καλεόμενον
1451 779 1612 818 τοῦτον
1626 782 1672 816 56

362 851 484 899 Μῦν,
507 847 836 890 ἕπεσθαίοῖτῶν
851 845 993 888 ἀστῶν
1008 843 1206 899 αἱρετούς
1228 843 1390 897 ἄνδρας
1400 848 1513 896 τρεῖς
1526 840 1613 886 ἀπὸ

361 918 442 958 τοῦ
472 918 626 958 κοινοῦ
643 947 654 965 ,
686 912 744 965 ως
765 913 1157 969 ἀπογραψομένους
1183 911 1235 955 τὰ
1251 911 1469 955 θεσπιέειν
1497 910 1615 966 ἔμελ-

474 1154 566 1204 Cap.
598 1151 792 1189 cxxxv.

367 1227 464 1271 Τόδε
499 1229 541 1270 δὲ
576 1225 727 1281 θῶυμά
760 1244 827 1280 μοι
850 1227 961 1281 μέγι-

310 1301 403 1328 στον
423 1286 609 1338 γενέσθαι
620 1285 786 1338 λέγεται]
808 1282 960 1337 θώυμα

305 1346 456 1396 reposui
476 1357 544 1395 pro
573 1345 709 1394 θῶμα.
738 1344 959 1379 Pronomen

305 1417 373 1453 μοι
389 1400 437 1438 ad
453 1397 613 1451 θώυμα,
662 1412 742 1436 non
773 1398 821 1435 ad
853 1398 960 1450 λέγε-

304 1473 368 1497 ται
397 1464 565 1508 spectare
593 1462 725 1492 monet
751 1454 960 1493 Larcherus

305 1521 454 1553 vertens
475 1515 499 1550 ιὶ
515 1526 590 1550 mon
611 1514 700 1549 avis.

361 1591 401 1639 ἐς
437 1594 508 1632 τοῦ
537 1588 683 1631 Πτώου
711 1586 962 1637 ’Λπόλλωνος

304 1645 350 1690 τό
389 1647 581 1700 τέμενος]
642 1646 752 1694 Quod
789 1649 959 1699 sequitur

303 1707 419 1745 τοῦτο
455 1702 497 1744 δὲ
523 1702 568 1744 τό
600 1702 698 1756 ἱρὸν,
729 1717 777 1740 ex
797 1717 841 1741 eo
874 1705 959 1741 satis

304 1762 539 1813 perspicitur,
567 1760 606 1802 h.
636 1762 660 1798 l.
681 1762 732 1797 sic
759 1762 846 1798 satis
870 1773 960 1797 con-

304 1820 435 1856 veuire
451 1816 494 1857 τό
513 1816 673 1868 τέμενος
689 1825 801 1869 atque
817 1814 858 1856 τὸ
874 1814 961 1867 ἱρὸν

303 1888 394 1912 cum
432 1873 480 1911 ad
510 1887 632 1910 uuum
654 1873 834 1926 idemque
862 1880 963 1910 tem-

302 1932 411 1982 plum
447 1938 608 1982 utraque
646 1944 722 1967 vox
762 1931 960 1981 pertineat.

302 1989 448 2024 Auctor
469 1995 521 2024 est
532 1990 642 2024 Paus.
658 1989 726 2034 IX,
740 1990 791 2028 23
811 1988 847 2031 ξ.
863 1990 899 2033 3,
920 1987 959 2022 iu

303 2048 416 2081 monte
437 2042 525 2080 Ptoo
544 2045 658 2080 situm
679 2057 756 2080 esse
776 2043 958 2092 Acraeph-

302 2103 397 2138 m'um
427 2099 632 2150 oppidum,
662 2099 765 2136 unde
797 2098 960 2150 quinde-

303 2158 378 2194 cim
399 2156 605 2195 stadiorum
625 2157 758 2193 itinere
790 2155 837 2192 ad
865 2155 961 2192 dex-

302 2220 402 2250 tram
441 2214 653 2249 inveniatur
681 2212 852 2263 Apollinis
876 2211 963 2248 Ptoi

304 2270 512 2320 templum,
553 2282 574 2305 a
605 2271 722 2317 Ptoo‚
751 2266 958 2319 priscohe-

303 2330 382 2373 roe,
415 2325 655 2362 Athamantis
685 2333 720 2362 et
736 2322 956 2361 Tliemistiis

303 2382 394 2430 filio,
423 2383 488 2433 qui
515 2389 550 2418 et
570 2383 692 2418 monti
722 2380 866 2418 dederit
887 2394 960 2417 uo-

302 2452 406 2485 men,
425 2441 477 2475 ita
502 2440 827 2488 cognominatum.
858 2436 959 2473 Add.

303 2494 494 2533 Plutarch.
516 2496 649 2545 Pelop.
674 2497 723 2534 16
755 2502 791 2531 et
813 2496 848 2530 II
868 2507 955 2545 pag.

301 2550 385 2590 414
416 2552 461 2588 A.
501 2552 669 2602 Etymol.
699 2565 734 2601 p.
766 2549 860 2594 413,
889 2553 956 2591 28.

303 2607 464 2646 Pausan.
500 2609 562 2654 IV,
598 2611 650 2648 32
683 2609 719 2652 ξ.
748 2607 787 2648 5.
828 2607 954 2644 Strab.

302 2664 359 2699 IX
380 2677 418 2713 p.
449 2662 528 2703 413
554 2677 582 2700 5.
616 2666 695 2704 633
724 2665 768 2700 Β.
800 2670 836 2699 et
857 2675 955 2714 quae

1018 1129 1125 1155 versa
1143 1116 1244 1152 urbis
1261 1115 1511 1165 appellatione
1539 1112 1672 1165 dispu-

1017 1180 1112 1228 taus,
1144 1185 1240 1224 quae
1268 1173 1314 1208 ab
1350 1172 1429 1208 aliis
1449 1170 1585 1209 dicitur
1602 1168 1674 1209 'A-

1017 1230 1210 1281 κραίφιον
1255 1234 1291 1264 et
1326 1222 1584 1278 Ἀκραιφίαι,
1625 1227 1671 1264 ab

1017 1285 1211 1322 Herodoto
1228 1279 1462 1335 Ἀκραιφίη,
1486 1296 1506 1319 a
1526 1285 1673 1320 Pausa-

1015 1344 1078 1379 nia
1097 1337 1367 1390 Ἀκραίφνιον.
1405 1342 1515 1377 Nunc
1531 1340 1583 1376 ibi
1601 1352 1673 1390 pa-

1015 1412 1109 1449 gum
1140 1399 1305 1435 Kortitza
1333 1411 1363 1434 s.
1392 1396 1574 1434 Kardztza
1594 1409 1673 1434 esse

1015 1454 1227 1506 perhibent,
1250 1454 1312 1490 alii
1331 1460 1468 1490 vocant
1490 1452 1674 1500 Proscina‚

1016 1513 1078 1548 alii
1102 1511 1266 1559 Cachino,
1290 1522 1365 1562 quo
1386 1510 1543 1546 nomine
1568 1522 1672 1547 nunc

1017 1569 1132 1605 etiam
1148 1569 1288 1604 Ptoum
1307 1573 1479 1603 montem
1491 1566 1674 1616 appellari

1018 1624 1172 1662 dicunt:
1204 1625 1255 1660 ibi
1276 1624 1378 1659 euim
1394 1621 1582 1675 quaedam
1602 1636 1673 1660 ve-

1015 1683 1102 1718 teris
1113 1681 1213 1716 urbis
1226 1681 1407 1731 reliquiae
1423 1678 1538 1731 idque
1555 1680 1669 1716 etiam

1015 1739 1138 1789 placet
1154 1739 1273 1774 Kruse
1292 1737 1389 1773 Hell.
1407 1737 1455 1783 11,
1480 1738 1499 1775 1
1531 1749 1569 1786 p.
1592 1737 1673 1776 572

1016 1808 1122 1846 seqq.
1145 1794 1231 1833 coll.
1254 1792 1348 1833 635.
1388 1794 1536 1829 Locum
1565 1790 1669 1829 aedis

1016 1851 1203 1901 Apollinis
1260 1848 1433 1885 nondum
1470 1850 1671 1884 inventum

1019 1921 1097 1944 esse
1128 1906 1232 1943 idem
1253 1904 1375 1953 addit,
1416 1904 1462 1941 de
1503 1903 1671 1955 Copaide

1016 1965 1102 2001 lacu
1123 1961 1376 2000 consulendus
1394 1962 1420 1999 l.
1433 1962 1457 2000 l.
1477 1974 1566 2013 pag.
1586 1960 1668 2003 449

1016 2034 1121 2073 seqq.

1074 2094 1150 2137 (Ξπὸ
1174 2099 1246 2136 τοῦ
1258 2097 1416 2145 κοινοῦ]
1441 2097 1464 2134 ἰ.
1481 2110 1513 2136 e.
1529 2096 1669 2146 publice

1016 2157 1146 2191 missos.
1202 2153 1264 2190 Ad
1305 2166 1465 2204 sequens
1493 2148 1669 2203 ἀπογρα-

1016 2209 1220 2260 ψομένους
1250 2209 1351 2246 conf.
1383 2210 1463 2256 VII,
1489 2211 1565 2249 100
1594 2209 1670 2244 ibi-

1015 2281 1089 2318 que
1110 2267 1233 2304 allata.
1291 2264 1493 2304 θεσπιέειν
1526 2278 1546 2300 e
1567 2263 1668 2301 duo-

1014 2324 1084 2360 bus
1105 2321 1216 2359 codd.
1235 2324 1451 2377 ,repositum
1471 2334 1538 2371 pro
1563 2322 1667 2371 vulg.

1014 2382 1211 2419 θεσπιεῖν.
1232 2378 1293 2414 Ad
1309 2385 1577 2428 argumentum
1592 2378 1667 2414 loci

1014 2437 1112 2473 bene
1133 2435 1523 2472 Valckenaerius:
1546 2436 1665 2482 „qu-

1015 2500 1052 2529 ta
1103 2490 1341 2528 Herodotum
1383 2490 1538 2528 aderant
1580 2491 1666 2527 Cari

1013 2543 1344 2599 ἀπογραψάμενοι
1391 2545 1439 2587 τὰ
1484 2550 1666 2586 θεσπιεῖν

1012 2605 1142 2656 ε’μελλε
1176 2606 1298 2641 Deus:
1347 2606 1439 2642 tales
1475 2618 1668 2673 ταχυγρα-

1013 2664 1185 2713 φοῦντες
1212 2659 1279 2699 καὶ
1316 2676 1363 2699 τα
1394 2657 1561 2710 μαντικὰ
1589 2659 1663 2709 ἔπη

303 2720 375 2755 alia
396 2720 517 2756 attulit
538 2720 695 2756 Siebelis
722 2719 769 2756 ad
790 2720 955 2770 priorem
1009 2714 1568 2770 μεταλαμβάνοντεςΕωῒᾶὼίο
1581 2729 1663 2752 me·

299 2776 508 2813 Pausaniae
529 2776 656 2813 locum
679 2789 716 2827 p.
739 2775 805 2826 74,
831 2775 878 2813 de
898 2774 955 2813 di-

1009 2781 1207 2812 morantur
1230 2773 1280 2811 ad
1309 2773 1382 2813 Od.
1399 2775 1486 2813 VIII
1505 2787 1543 2825 p.
1568 2774 1664 2820 523,

1415 707 1457 759 ἐς
1484 710 1614 750 τοῦτο
1672 714 1752 758 684
