1839 3292
435 220 520 261 306
849 221 1315 260 HERODOTI

435 329 609 386 γέηται,
650 327 764 380 ὅκως
803 329 860 372 ἂν
899 328 1037 373 αὐτὸν
1084 329 1246 386 ὁρέωσι
1298 335 1493 390 σπουδῆς
1541 334 1707 391 ἔχοντα.

405 402 575 441 εταῦτα
613 398 931 451 παραγγείλας,
973 396 1032 449 ὥς
1070 397 1113 449 ές
1152 398 1295 456 μάχην
1331 396 1408 457 ἦγε
1448 404 1586 459 δῆθεν
1629 403 1710 448 τόν

434 464 646 518 στρατόν·
676 465 926 519 προτερέων
957 465 1003 509 δὲ
1032 470 1108 522 τῆς
1125 466 1250 521 ὁδοῦ,
1284 467 1380 522 ὥρα
1409 470 1483 513 καὶ
1514 470 1567 528 δὴ
1598 471 1766 527 φεύ-4ο

430 549 590 588 γοντας
627 531 733 583 τοὺς
775 534 967 590 Πέρσας·
1011 533 1129 578 οὕτω
1170 536 1223 592 δή
1265 535 1410 580 οὐκέτι
1446 537 1525 581 τόν
1565 537 1705 583 αὐτὸν

430 599 600 656 κόσμον
628 601 879 657 κατηγέετο,
910 602 1017 646 ἀλλά
1043 603 1124 661 τὴν
1143 607 1348 662 ταχίστην
1365 605 1563 661 ἐτρόχαζε
1594 606 1705 662 φεύ·

429 685 541 724 γων,
579 669 679 712 οὔτε
719 670 763 722 ἐς
792 670 841 715 to*
874 671 1053 723 ξύλινον
1084 672 1184 716 οὔτε
1213 673 1258 724 ἐς
1299 672 1348 718 τὸ
1383 675 1593 730 Θηβαίων
1622 678 1704 718 τεῖ-

428 753 526 791 χος,
570 734 660 780 ἀλλ’
698 738 739 790 ἐς
772 740 973 791 Φωκέας,
1012 739 1175 784 ἐθέλων
1213 741 1274 794 ὦς
1312 740 1490 797 τάχιστα
1521 743 1588 787 ἐπὶ
1623 741 1705 787 τόν
1761 734 1839 775 723

424 802 751 860 Ἑλλήσποντον
795 806 1052 852 ἀπικέσθαι·
1093 810 1166 853 καὶ
1207 810 1260 867 δὴ
1293 805 1420 854 οὗτοι
1450 811 1530 867 μὲν
1566 810 1762 869 ταύτῃ45

304 875 372 921 6Ί
429 871 680 926 ἐτράποντο.
745 878 843 919 Τῶν
875 876 921 920 δὲ
955 876 1099 920 ἄλλων
1124 878 1342 936 Ἑλλήνων
1366 883 1461 923 ιτῶν
1490 878 1597 934 μετὰ
1627 882 1706 935 βα-

98 940 379 1002 ξξῇζζΰῇἃξξᾱξιξξξθῑ
436 941 578 992 σιλέος
616 941 1013 996 ἐθελοκακεόντων,
1048 948 1235 991 Βοιωτοὶ
1264 947 1534 1005 Ἀθηναίοισι
1561 945 1705 1002 ἐμαχέ-

410 1016 583 1053 Ξσαντο
612 1009 777 1065 χρόνον
806 1013 875 1056 ἐπὶ
905 1012 1078 1068 συχνόν.
1137 1016 1182 1057 οῖ
1208 1014 1293 1070 γὰρ
1323 1017 1575 1071 μηδίζοντες
1611 1017 1704 1057 τῶν

96 1012 211 1069 ἱῑὶἷὲιῑοε
228 1017 385 1045 pugnave-

386 1077 390 1079 ’
435 1079 666 1135 Θηβαίων,
711 1074 837 1124 οὗτοι
866 1079 983 1138 εἶχον
1010 1084 1271 1140 προθυμίην
1301 1083 1387 1128 οὐκ
1416 1082 1591 1140 ὀλίγην,
1619 1099 1702 1140 μα-

371 1293 597 1340 sequerentur
623 1302 737 1327 omnes
761 1290 876 1328 eodem
902 1291 1034 1339 gradu,
1090 1287 1224 1344 χάζειν
1242 1287 1295 1331 01’1'
1314 1301 1415 1341 φασι
1433 1287 1666 1342 δεῖνῴέγειν
1688 1284 1755 1329 oi).-

370 1360 438 1397 (μιν
458 1349 571 1397 ipsum
592 1347 759 1384 vidissent
766 1349 1035 1398 praeeuntem.“

370 1405 443 1441 Ubi
454 1405 741 1455 praepositionis
757 1402 856 1443 κατὰ
869 1417 925 1451 ea,
947 1406 1034 1456 opi-

369 1473 452 1509 nor,
476 1469 530 1498 est
550 1468 732 1512 potestas,
756 1474 872 1514 quam
891 1463 961 1508 lx,
979 1463 1031 1502 53

369 1517 721 1555 animadvertimus.
768 1542 820 1548 —
909 1519 1029 1570 Seqq.

367 1575 549 1625 σπουδῆς
575 1574 712 1626 ἔχοντα
739 1576 863 1626 attigit
892 1574 1028 1613 matth.

365 1631 431 1668 Gr.
455 1632 569 1678 Gr.§.
592 1634 670 1672 337
692 1646 731 1682 p.
754 1631 848 1673 644.
869 1634 1029 1669 VVesse-

362 1688 505 1738 lingius
545 1689 684 1725 similia
714 1691 946 1727 excitaverat
980 1702 1028 1726 ex

362 1744 543 1796 Aeschyl.
581 1745 718 1797 Suppl.
755 1744 850 1786 844.
882 1746 1027 1785 Herod.

362 1802 426 1850 VI,
453 1804 540 1842 116.
555 1803 654 1850 Vlll,
668 1805 758 1843 107.
775 1804 933 1854 Dionys.
949 1806 1032 1840 Ha-

362 1857 427 1896 lic.
451 1859 500 1895 A.
522 1860 568 1896 R.
588 1860 645 1895 XI
661 1873 696 1909 p.
712 1862 806 1900 626.
831 1860 1028 1899 Heliodor.

364 1913 480 1952 Aeth.
519 1917 537 1952 I
568 1929 607 1967 p.
637 1918 706 1957 23.
736 1916 816 1968 [cp.
850 1918 922 1967 13]
962 1919 1028 1960 56.

365 1972 476 2023 [cap.
500 1974 584 2022 30]

422 2028 478 2075 ὥς
499 2027 537 2075 ἐς
557 2024 688 2081 μάχην
711 2024 784 2081 ἦγε
803 2030 933 2082 δῆθεν
958 2028 1026 2071 τὸν

363 2081 556 2137 στρατὸν]
602 2087 846 2136 „Exercitum
877 2088 1025 2126 ducebat

360 2146 531 2193 tanquam
573 2144 623 2181 acl
662 2157 826 2194 pugnam
863 2146 1019 2183 scilicet:

359 2199 490 2249 δῆθεν
508 2202 715 2250 poniturut
735 2203 798 2249 Vl,
822 2204 839 2242 1
866 2203 950 2252 [ubi
972 2203 1020 2241 cf.

358 2256 457 2305 cim]
490 2263 527 2293 et
560 2258 649 2294 alibi
681 2260 871 2310 saepius.“
910 2259 969 2297 Va
984 2261 1019 2296 l-

358 2312 481 2354 cken.
515 2312 616 2353 Add.
636 2316 706 2360 IX,
726 2318 789 2356 80.
812 2318 879 2356 99.
926 2317 1021 2354 Mox

357 2382 426 2419 pro
442 2370 544 2420 vulg.
566 2367 820 2423 προτερεύων
836 2385 927 2409 cum
955 2387 1019 2410 re-

357 2434 472 2465 centt.
503 2428 675 2478 rescripsi
709 2429 944 2480 προτερέων,
976 2437 1018 2468 ut

354 2484 497 2530 1X‚57.
518 2485 577 2520 De
597 2486 765 2535 genitivo
782 2485 929 2524 adiecto
943 2488 1017 2537 τῆς

356 2537 459 2578 ὁδοῦ
485 2541 586 2580 conf.
617 2541 754 2582 Matth.
778 2544 844 2581 Gr.
881 2544 947 2583 Gr.
977 2545 1015 2590 §-

353 2597 435 2636 338
458 2611 495 2648 p.
519 2597 683 2640 645.—
700 2596 902 2652 τροχάζειν
915 2601 1016 2650 (cur-

353 2652 443 2700 rere)
466 2654 602 2692 eodem
623 2656 740 2695 modo
760 2659 899 2708 legitur
913 2656 1015 2709 apud

351 2707 546 2749 Plutarch.
587 2713 765 2766 Sympos.
800 2716 836 2751 11
863 2729 900 2766 p.
933 2717 1014 2756 639

350 2764 397 2803 D.
457 2767 567 2804 Unde
598 2770 692 2809 falso
723 2772 821 2809 tradi
844 2772 885 2808 iu
907 2770 1016 2809 Bek-

349 2818 433 2862 ker.
463 2824 641 2866 Anecdd.
674 2830 693 2866 1
712 2843 752 2880 p.
784 2828 886 2872 114:
926 2843 1015 2883 τρο·

1089 1346 1140 1389 λὰ
1158 1347 1320 1403 τρέχειν,
1350 1349 1438 1386 satis
1460 1339 1632 1399 apparet.

1287 1439 1379 1491 Cap.
1399 1438 1558 1477 LXVII.

1144 1518 1187 1561 οἴ
1204 1516 1278 1572 γοὲρ
1309 1519 1544 1570 μηδίζοντες
1572 1519 1654 1557 τῶν
1672 1518 1756 1569 Θη-

1084 1577 1232 1629 βαίων]
1249 1577 1432 1625 „Scilicet
1451 1577 1576 1612 maior
1592 1575 1754 1627 quidem

1085 1641 1121 1672 et
1143 1635 1332 1685 potentior
1360 1645 1446 1684 pars
1467 1631 1748 1670 Thebanorum

1083 1705 1173 1729 cum
1182 1690 1303 1728 Medis
1312 1691 1525 1728 sentiebant
1537 1689 1748 1726 faciebant-

1084 1762 1172 1801 que,
1194 1762 1267 1785 nec
1292 1760 1382 1785 vero
1412 1759 1560 1784 omnes.
1600 1746 1659 1783 Cf.
1678 1746 1748 1794 IX,

1087 1809 1139 1846 86
1171 1813 1208 1843 et
1227 1805 1459 1855 VVesseling.
1489 1809 1586 1840 nott.
1609 1801 1658 1839 ad
1677 1804 1748 1850 IX,

1087 1864 1183 1904 87.“
1215 1860 1486 1910 Sclzwez'gk.
1528 1859 1629 1900 Add.
1650 1860 1748 1896 Plu-

1083 1918 1204 1957 tarch.
1223 1917 1380 1956 Aristid.
1406 1920 1456 1958 19
1477 1931 1517 1968 p.
1534 1918 1673 1958 330D.
1690 1935 1747 1946 —-

1083 1976 1146 2013 Ad
1182 1975 1383 2013 autecedd.
1415 1973 1561 2025 χρόνον
1584 1973 1650 2013 ἐπὶ
1679 1985 1747 2012 συ-

1081 2030 1191 2088 χνὸνἢ
1201 2034 1303 2071 conf.
1321 2033 1389 2081 IX,
1408 2034 1477 2072 22.

1139 2088 1253 2130 οὑτοι
1293 2086 1399 2140 εἶχον
1422 2089 1440 2137 ]
1509 2083 1616 2139 εἶχον
1653 2098 1745 2125 cum

1079 2146 1302 2197 Schweigh.
1336 2153 1373 2183 et
1403 2144 1523 2182 Gaisf.
1545 2143 1635 2181 dedi
1673 2155 1743 2194 pro

1073 2205 1176 2255 vulg.
1192 2203 1293 2256 ἔχον,
1316 2201 1420 2255 quod
1440 2208 1525 2252 post
1545 2199 1743 2238 Schaefer.

1077 2262 1193 2298 etiam
1223 2259 1390 2297 Bekker.
1407 2259 1576 2295 retinuit.
1631 2256 1743 2295 Idem

1075 2318 1150 2355 secl
1182 2319 1252 2365 lx,
1283 2319 1350 2358 70.
1376 2318 1424 2356 71
1459 2316 1552 2365 (ubi
1574 2310 1651 2365 εἶχε
1669 2327 1740 2366 pro

1077 2374 1154 2425 ἔχε)
1191 2378 1257 2416 77.
1292 2375 1360 2413 99.
1393 2375 1485 2413 106.
1519 2374 1609 2412 108.
1643 2374 1738 2427 110.

1078 2432 1173 2473 115.
1204 2434 1296 2472 118.
1355 2429 1601 2467 Pronominis
1625 2429 1737 2467 οὑτοι

1072 2500 1186 2525 usum
1216 2489 1377 2524 illustrat
1407 2485 1544 2525 Matth.
1580 2487 1646 2524 Gr.
1667 2486 1734 2524 Gr.

1073 2546 1110 2590 ᾗ.
1131 2544 1226 2585 472.
1249 2547 1274 2585 2
1290 2558 1329 2595 Ρ.
1348 2547 1430 2586 878
1443 2574 1452 2591 ‚
1484 2544 1551 2594 qui
1569 2541 1674 2578 idem
1696 2543 1735 2588 §-

1070 2601 1165 2649 496,
1204 2603 1231 2643 3
1270 2614 1357 2653 pag.
1388 2599 1471 2642 934
1506 2599 1650 2638 consul.
1683 2598 1731 2635 ad

1069 2654 1150 2697 ὑπὸ
1170 2653 1418 2709 Ἀθηναίων.
1438 2678 1486 2684 -
1518 2659 1563 2693 In
1583 2656 1660 2692 fine
1670 2669 1730 2706 cp.

1070 2716 1243 2766 rescripsi
1261 2729 1351 2753 cum
1371 2713 1627 2754 eddseceutt.
1640 2708 1732 2751 οὕτε

1070 2787 1108 2810 τι
1129 2769 1518 2824 ἅποδεξιίμενος,ι11)ἰ
1532 2770 1648 2819 vulgo
1665 2781 1732 2805 or-

1070 2827 1161 2868 dine
1189 2830 1341 2870 inverso
1370 2827 1462 2872 οὕτε
1487 2820 1728 2878 ἆποόεξᾶμε·
