1839 3292
496 210 958 248 CALLIOPE.

172 331 328 373 ,,στους
359 317 438 361 δύο
468 317 658 373 κλήρους
686 322 774 362 τῶν

1017 213 1095 249 ΙΧ.
1356 217 1437 257 3ss

804 319 851 362 ἐν
880 323 934 376 τῇ
960 318 1247 375 Ἀπολλωνίῃ·
1277 321 1351 363 καὶ
1382 323 1440 364 οἰ’-

171 397 322 441 ,,κησιν
361 384 473 439 πρὸς
512 385 727 436 τούτοισι,
768 386 846 442 την
885 386 985 444 ᾔδεε
1016 389 1248 443 καλλίστην
1278 387 1440 430 ἐοῦσαν

167 457 281 507 ,πῶν
312 452 358 495 ἐν
387 457 438 509 τῇ
470 453 588 496 πόλι·
615 454 782 496 τούτων
817 454 879 504 δὲ,
913 455 1018 510 ἔφη,
1061 455 1277 511 ἐπήβολος
1314 453 1431 508 γενό-
1488 450 1570 490 735

167 537 348 576 ,,μενος,
387 525 467 564 τοῦ
505 526 662 564 λοιποῦ
701 519 904 576 ἀμήνιτος
941 521 1072 575 εἶναι,
1114 523 1187 565 καὶ
1228 524 1352 577 δίκην
1393 524 1437 565 οἷ

138 589 356 644 5,,ταύτην
385 586 583 643 ἀποχρᾶν
612 588 894 643 γενομένην.“
952 591 1037 632 Καὶ
1070 587 1092 633 ὁ
1117 591 1197 644 μὲν
1226 593 1365 632 ταῦτα
1395 590 1432 633 ἔ-

163 661 282 711 λεγε,
313 658 355 699 οἱ
385 655 430 699 δὲ
458 655 670 710 πάρεδροι
699 653 823 698 εἶπαν
852 654 1169 713 ὑπολαβόντες·
1226 656 1431 712 ,,Ευή’νιε,

160 721 350 778 ,,ταυ’την
379 725 504 778 δίκην
528 721 867 779 Ἀπολλωνιῆται
892 728 966 780 τῆς
996 724 1295 781 ἐκτυφλώσιος
1324 725 1486 768 {uzi-90

132 792 316 844 6,,νουσί
344 807 412 834 τοι
441 788 550 833 κατὰ
579 791 827 845 θεοπρόπια
870 792 922 835 τοὶ
956 792 1208 848 γενόμενα.“
1263 792 1318 835 ‘O
1347 792 1428 847 μὲν

159 857 213 913 δὴ
242 857 352 913 πρὸς
381 861 517 900 ταῦτα
548 858 668 900 δεινοὶ
699 859 912 914 ἐποιέετο,
944 861 1148 905 ἐνθεῦτεν
1173 859 1425 915 πυθόμενος

155 925 233 969 τὸν
263 924 402 968 πάντα
422 924 579 980 λόγον,
611 928 667 976 ὠς
694 927 1000 983 ἐξαπατηθείς·
1034 930 1077 972 οἵ
1095 929 1160 979 δὲ,
1191 928 1422 984 πριάμενοι

129 992 279 1048 7παρὰ
318 997 403 1036 τῶν
440 992 705 1048 ἐκτημένων,
759 997 931 1038 διδοῦσί
970 998 1013 1038 οἵ
1051 997 1103 1039 to}
1142 997 1290 1039 εἵλετο.

156 1060 261 1117 μετὰ
300 1065 438 1103 ταῦτα
478 1060 633 1103 αὐτίκα
672 1062 866 1117 ἔμφυτον
903 1064 1115 1120 μαντικὴν
1155 1061 1257 1119 εἶχε,
1307 1062 1414 1107 ὥστε
1431 1068 1476 1103 95

156 1129 229 1172 καὶ
261 1127 532 1183 οὐνομαστός
558 1129 772 1183 γενέσθαι.

1348 995 1423 1038 καὶ

272 1197 441 1239 Τούτου
470 1195 521 1251 δὴ
553 1195 575 1238 ὁ
605 1199 829 1253 Δηίφονος
857 1196 940 1240 ἐών
968 1202 1068 1248 παῖς
1097 1201 1178 1239 τοῦ
1210 1195 1418 1252 Εὐηνίου,

159 1265 355 1319 ἀγόντων
384 1265 667 1319 Κορινθίων,
703 1265 956 1321 ἐμαντεύετο
988 1270 1040 1321 τῇ
1070 1269 1260 1321 στρατιῇ.
1302 1264 1415 1320 ’Ήδη

156 1333 201 1376 δὲ
238 1333 310 1376 καὶ
347 1330 445 1375 τόδε
486 1330 674 1388 ἥκουσα,
730 1331 789 1383 ὣς
829 1332 852 1376 ὁ
885 1336 1110 1389 Δηίφονος
1150 1332 1418 1388 ἐπιβατεύων

99 1538 213 1591 ὄψει,
243 1541 311 1578 hac
331 1540 442 1590 specie
460 1539 596 1588 decepti
615 1537 754 1587 BIega-

94 1611 218 1636 renses.

152 1663 225 1705 δύο
256 1660 445 1715 κλήρους]
469 1663 510 1700 C.
533 1663 576 1699 Ο.
598 1663 750 1699 Miiller.

93 1725 185 1763 Dor.
206 1724 240 1758 ΙΙ
260 1734 346 1772 pag.
369 1723 417 1760 61
443 1719 535 1756 haec
547 1721 746 1769 attingens,

92 1778 193 1816 hanc
212 1780 250 1815 in
271 1778 474 1828 Apollonia
494 1777 654 1812 valuisse
685 1789 748 1811 ra-

91 1838 238 1873 tionem
256 1835 383 1885 ponit,
414 1840 457 1869 ut
478 1834 602 1869 coloni
632 1831 747 1868 adve-

92 1906 185 1940 nae,
216 1893 281 1943 qui
303 1888 487 1927 Corinthii
514 1890 639 1935 fuere,
670 1895 748 1925 ter-

92 1963 174 1985 ram
212 1961 233 1984 a
261 1961 300 1985 se
337 1952 560 1996 occupatam
592 1958 748 1982 omnem

91 2007 131 2042 in
159 2018 297 2055 aequas
332 2003 525 2039 diviserint
562 2009 678 2038 sortes
718 2015 747 2038 s.

91 2058 260 2112 κλήρους
280 2058 507 2111 ipsiquehoc
527 2057 642 2094 modo
663 2071 746 2094 rem

91 2120 280 2169 publicam
301 2117 571 2153 constituerint.
587 2137 643 2141 —
682 2113 745 2150 Ad

90 2189 168 2226 seq.
194 2170 387 2224 ἐπήβολος
410 2173 508 2208 conf.
529 2172 635 2218 VIII,
668 2173 739 2209 111

91 2233 216 2284 ibique
242 2238 337 2267 nott.
368 2225 560 2280 οἷμήνιτος
594 2229 623 2264 is
659 2227 743 2276 opi-

92 2301 163 2324 nor
193 2295 366 2334 vocatur‚
409 2287 474 2337 qui
518 2286 592 2321 irae
623 2296 742 2333 expers

93 2351 169 2390 est,
215 2345 280 2394 qui
315 2343 603 2380 satisfactionem
654 2353 742 2376 cum

92 2402 299 2449 acceperit,
327 2412 405 2436 non
436 2399 596 2448 amplius
615 2397 742 2432 infen-

91 2470 151 2493 sus
172 2456 309 2491 damna
337 2456 414 2491 aliis
444 2455 581 2491 inferre
601 2452 740 2494 studet.

92 2512 200 2550 Conf.
230 2512 328 2549 Plut.
357 2513 452 2548 Mor.
474 2513 539 2561 (11)
570 2523 654 2561 pag.
684 2512 739 2549 90

90 2572 144 2616 D,
184 2569 248 2604 ubi
288 2565 443 2617 ἄθυμος
482 2575 518 2604 et
546 2563 738 2618 α’μήνιτος

90 2629 309 2676 iunguntur.
369 2625 471 2659 Alios
503 2624 606 2660 locos
634 2622 737 2658 dabit

87 2677 360 2733 VVyttenbach.
416 2678 498 2714 Ind.
574 2680 737 2716 Graecit.

88 2736 278 2775 Plutarch.
303 2737 398 2786 Opp.
421 2735 542 2785 (Vm,
573 2738 614 2785 1)
645 2748 732 2786 pag.

89 2799 153 2836 37.
172 2816 226 2823 —
260 2790 524 2843 ὑπολαβόντες
562 2799 616 2829 est
643 2792 735 2829 alte-

809 1541 885 1576 rius
903 1552 1088 1577 sermonem
1117 1540 1346 1588 excspz'entes,
1375 1545 1416 1575 ut
1436 1541 1466 1585 Ι,

806 1595 903 1636 214.
935 1597 1009 1643 Vl,
1036 1597 1125 1635 139.
1162 1597 1252 1643 VII,
1282 1597 1374 1636 101.
1405 1595 1468 1632 Ad

805 1653 1040 1689 locutionem
1055 1649 1166 1690 δεινοὶ
1178 1650 1350 1693 ἐποιέετο
1362 1651 1466 1689 conf.

803 1716 900 1746 nott.
924 1709 972 1746 ad
991 1710 1065 1756 ΠΙ,
1089 1707 1154 1747 14.

860 1775 1036 1827 ἔμφυτον
1048 1771 1241 1825 μαντικὴν
1258 1769 1352 1823 εἶχε]
1365 1772 1463 1822 „Di-

803 1836 936 1870 vz'nz'tus
960 1835 1104 1869 insitam
1117 1862 1126 1880 ‚
1158 1839 1199 1868 ut
1217 1831 1281 1867 ille
1301 1830 1460 1867 Homeri

802 1891 984 1939 gloriatur
1016 1885 1112 1935 Θεὸς
1134 1887 1175 1926 δέ
1199 1903 1266 1938 μοι
1295 1885 1338 1925 ἐν
1365 1900 1458 1938 φρε-

803 1945 868 1984 σὶν
902 1945 1017 1995 οἴμας
1036 1942 1238 1990 Παντοίας
1265 1942 1458 1991 ἐνέφυσεν

801 2002 934 2053 Odyss.
958 2002 1098 2045 XXII,
1122 2000 1215 2041 348,
1271 2000 1356 2034 Alia
1376 2001 1457 2034 De-

800 2057 1008 2095 mosthenis
1029 2057 1201 2107 ἔμφυτος
1230 2052 1455 2105 αἰσχροκέρ-

800 2116 886 2154 δεια
922 2113 988 2153 καὶ
1034 2113 1207 2162 πονηρία
1240 2113 1454 2162 penitissime

800 2175 916 2209 animo
929 2185 977 2207 ex
992 2177 1069 2207 toto
1091 2171 1189 2206 vitae
1209 2181 1348 2218 genere
1368 2168 1455 2204 leae-

796 2242 893 2275 rens,
923 2229 1031 2264 iuxta
1058 2224 1239 2263 Dinarchi
1276 2224 1456 2261 crimina-

796 2287 939 2322 tionem
961 2286 1060 2321 Orat.
1089 2284 1129 2318 in
1148 2279 1346 2318 Demosth.
1365 2292 1454 2330 pag.

799 2340 890 2381 104.
949 2342 1033 2377 Alia
1062 2339 1246 2376 Demetrii
1276 2335 1452 2373 Phalerei

797 2396 972 2446 ἔμφυτος
995 2392 1164 2446 οἷκρασία
1183 2396 1222 2431 in
1236 2395 1453 2443 fragmento

795 2453 947 2490 Dnridis
980 2452 1082 2502 apud
1102 2450 1242 2488 Athen.
1268 2451 1343 2486 XII
1360 2461 1449 2501 pag.

796 2510 875 2551 542
898 2512 964 2547 C.“
992 2508 1264 2556 Wesseling.

998 2599 1092 2649 Cap.
1120 2597 1238 2633 XCV.

849 2673 1050 2729 α’γόντων]
1084 2677 1170 2712 Duo
1192 2672 1303 2713 codd.
1345 2670 1443 2724 οἷγα-

787 2731 949 2786 γὸντων,
965 2732 1067 2785 quod
1078 2738 1301 2782 receperunt
1310 2728 1443 2769 Matth.

788 2798 826 2828 et
844 2790 1013 2828 Bekker.
1056 2789 1164 2829 Conf.
1191 2789 1268 2840 IX,
1299 2789 1378 2829 119
1407 2793 1445 2823 et

1476 1183 1577 1212 Huius
1596 1186 1749 1216 Eueniifi-

1475 1218 1533 1245 lius
1566 1219 1749 1258 Deiphonus,

1473 1252 1611 1280 Graecae
1628 1254 1735 1284 classis

1472 1288 1534 1314 tum
1552 1290 1647 1322 vateS.
