1839 3292
165 198 250 238 390
714 197 1096 236 COMMENTATIO

166 308 271 349 idem
291 309 499 346 Creuzerus
537 322 642 346 nunc
660 306 757 346 haec
778 307 932 345 adiicit:
979 310 1081 356 „Est
1105 309 1220 346 etiam
1243 316 1418 360 protome
1446 322 1664 348 marmorea

166 368 207 404 in
222 380 354 404 museo
377 366 571 403 Comitum
592 365 638 403 de
657 364 810 412 Erlach‚
836 378 953 417 quam
985 364 1168 402 Herodoti
1196 380 1274 402 esse
1295 366 1450 416 dicunt,
1484 381 1556 404 nec
1577 368 1663 405 Vis-

169 424 296 462 contio
323 436 450 475 neque
482 425 683 474 cuiquam,
724 420 827 474 quod
859 422 989 469 sciam,
1023 429 1261 473 memorata3
1308 425 1413 460 cuius
1445 431 1622 475 ectypam
1642 438 1663 461 e

167 493 289 533 gypso
308 481 518 530 imaginem
538 479 728 517 Francisci
767 475 924 517 Comitis
951 480 1024 519 τοῦ
1044 477 1264 532 μακαρίτου
1284 480 1567 519 munificentiae
1596 494 1663 519 ac-

168 545 320 591 ceptam
339 536 579 575 referimus.“

849 661 888 706 §.
934 662 973 700 7.

279 762 350 802 Vel
365 776 414 800 ex
432 761 476 799 iis
490 791 500 811 ,
530 774 630 814 quae
660 767 748 798 ante
769 758 958 813 disputata
973 768 1084 811 sunt,
1119 762 1218 798 bene
1238 761 1461 812 intelligitur
1482 774 1562 799 non
1581 775 1663 801 uno

169 818 537 872 eodemquertenore
547 816 786 855 Herodotum
805 832 871 856 sua
889 820 1091 857 absolvisse
1102 819 1236 856 itinera
1247 832 1318 855 nec
1330 826 1478 855 certum
1491 826 1663 857 constare

168 877 364 936 ordinem,
397 889 473 928 quo
494 876 557 912 illa
581 875 795 926 perfecerit.
853 875 897 913 Id
923 889 1046 913 unum
1074 877 1155 913 iure
1184 875 1352 927 quodam
1383 876 1490 912 nobis
1511 890 1662 914 sumere

166 947 276 986 posse
295 933 495 980 videmur,
527 932 638 968 illum
653 939 860 983 antequam
884 933 1084 984 Olympiae
1106 933 1295 969 recitasset
1316 931 1561 984 Thuriosque
1592 935 1664 970 ab-

167 992 291 1038 iisset,
324 996 565 1042 peragratam
586 987 762 1026 habuisse
783 996 819 1025 et
839 990 971 1026 Asiam
993 997 1030 1026 et
1051 989 1221 1026 Africam
1243 996 1290 1036 et,
1322 988 1426 1041 quod
1447 990 1543 1026 mibi
1563 998 1665 1028 certe

168 1055 225 1085 est
244 1048 325 1086 veri
344 1047 596 1094 simillimum,
619 1046 818 1097 plerasque
842 1047 957 1082 etiam
979 1047 1092 1097 ipsius
1115 1046 1297 1083 Graeciae
1318 1053 1461 1096 partes3
1503 1060 1525 1083 a
1546 1047 1663 1084 Thu-

167 1106 230 1142 riis
258 1103 350 1141 inde
378 1105 482 1140 Eum
513 1116 582 1154 per
607 1103 756 1139 Italiam
787 1103 1031 1152 inferiorem,
1072 1103 1264 1150 Siciliam,
1308 1110 1344 1139 et
1373 1103 1528 1140 forsitan
1550 1106 1665 1141 etiam

168 1162 308 1200 iterum
326 1174 395 1212 per
413 1161 535 1211 ipsam
559 1161 759 1197 Graeciam
779 1160 980 1197 instituisse
1001 1161 1159 1207 itinera‘,
1198 1158 1431 1196 indefessum
1461 1166 1497 1196 et
1527 1160 1566 1196 in
1595 1173 1664 1198 suo

168 1232 284 1270 opere
305 1216 538 1269 perficiendo
557 1223 683 1254 totum
704 1224 948 1268 occupatum.
999 1216 1078 1255 Sed
1099 1218 1209 1268 plura
1230 1223 1266 1253 et
1287 1217 1518 1253 accuratiora
1540 1215 1587 1253 de
1607 1216 1666 1254 his

167 1276 368 1313 itineribus
395 1273 530 1311 afferre
552 1273 714 1312 vixdum
735 1274 876 1313 licebit.
936 1276 1069 1326 Neque
1090 1275 1193 1310 enim
1214 1274 1243 1310 is
1263 1280 1317 1310 est
1338 1272 1553 1310 Herodotus
1567 1303 1578 1321 ,
1601 1275 1666 1326 qui

169 1331 219 1371 de
239 1347 279 1370 se
297 1334 378 1383 ipse
393 1332 546 1383 suisque
574 1332 774 1368 itineribus
794 1344 864 1368 nos
886 1333 1096 1369 accuratius
1125 1338 1161 1367 et
1182 1331 1352 1368 consulto
1383 1329 1566 1368 edoceat:
1588 1332 1666 1367 im-

169 1403 236 1428 mo
252 1403 333 1427 non
353 1389 426 1426 nisi
446 1395 598 1425 coactus
617 1388 697 1425 fere
721 1387 768 1425 de
797 1387 855 1425 his
875 1389 1066 1440 loquitur,
1100 1389 1165 1424 ubi
1190 1388 1331 1424 scilicet
1347 1388 1500 1424 testibus
1522 1386 1666 1440 aliquid

169 1444 428 1499 probandum,
449 1451 514 1481 aut
533 1446 654 1482 mirae
677 1453 791 1497 atque
812 1446 985 1482 insolitae
1006 1447 1060 1482 rei
1080 1445 1172 1482 fides
1193 1443 1369 1481 facienda
1390 1451 1468 1481 erat
1502 1445 1667 1495 legenti—

170 1506 266 1552 bus,
296 1510 361 1540 aut
380 1500 663 1539 incredibilium
683 1516 813 1539 rerum
833 1503 872 1538 in
894 1504 1112 1540 narratione
1143 1515 1256 1540 suum
1281 1502 1395 1552 ipsius
1426 1508 1559 1552 utpote
1589 1503 1666 1540 suis
1713 1536 1717 1539 ,

170 1559 267 1599 haec
297 1561 414 1597 oculis
441 1560 674 1610 inspicientis
701 1561 901 1596 auribusve
933 1560 1150 1611 accipientis
1192 1559 1455 1596 testimonium
1497 1565 1575 1596 erat
1595 1558 1667 1596 ad-

171 1615 410 1669 ponendum.
468 1617 601 1667 ltaque
619 1630 692 1653 nec
723 1616 769 1653 de
789 1624 974 1667 tempore,
997 1617 1035 1664 *)
1066 1630 1138 1653 nec
1159 1614 1206 1652 de
1227 1615 1380 1663 ordine,
1402 1628 1478 1666 quo
1499 1617 1667 1666 singulas

172 1675 254 1712 illas
274 1673 475 1711 instituerit
496 1675 833 1723 peregrinationes,
862 1687 934 1710 nec
958 1672 1004 1710 de
1025 1675 1182 1719 ratione,
1214 1671 1290 1723 qna
1310 1673 1390 1708 illas
1411 1672 1553 1720 fecerit,
1576 1685 1667 1710 cum

173 1732 267 1770 certi
286 1729 378 1782 quid
401 1731 578 1766 constitui
598 1731 734 1780 possit,
765 1729 804 1766 id
834 1742 956 1767 unum
978 1738 1109 1778 restat,
1145 1736 1187 1766 ut
1208 1730 1382 1779 regiones
1404 1736 1439 1765 et
1458 1729 1543 1765 loca
1562 1728 1668 1766 indi-

174 1801 327 1836 cemus,
377 1785 424 1822 ad
455 1799 551 1838 quae
577 1788 792 1837 pervenisse
820 1787 1002 1824 Nostrum
1031 1801 1080 1824 ex
1105 1788 1186 1837 ipso
1209 1799 1322 1837 opere
1343 1787 1541 1835 superstite
1562 1793 1666 1823 certo

175 1845 304 1895 colligi
328 1844 457 1895 possit.
516 1844 598 1889 Qua
617 1844 657 1880 in
678 1857 719 1880 re
740 1857 830 1880 cum
850 1851 934 1895 post
955 1845 1046 1881 alios
1070 1845 1169 1881 viros
1191 1843 1320 1880 doctos
1343 1838 1415 1892 ⁴*²0‘)
1436 1842 1668 1880 laudabilem

176 1914 335 1953 operam
356 1901 549 1937 collocarit
569 1903 695 1952 Heyse
714 1902 740 1937 1.
761 1902 786 1938 l.
809 1914 889 1952 cap.
904 1901 937 1938 V
958 1915 996 1952 p.
1017 1899 1070 1941 84
1087 1913 1194 1952 seqq,
1217 1913 1261 1937 eo
1282 1900 1473 1937 breviores
1495 1913 1573 1937 esse
1593 1912 1668 1951 po·-

176 1959 348 1997 terimus.
405 1958 462 1993 De
487 1956 758 2008 peregrinandi
786 1957 904 1995 modo
942 1959 974 1995 si
1005 1970 1188 2009 quaeras,
1227 1956 1340 1995 valde
1377 1957 1572 2007 probabile
1611 1957 1667 2005 fit,

175 2013 449 2053 mercatoribus
485 2015 813 2065 peregrinantibus
864 2028 903 2052 se
943 2021 1091 2066 patrem
1130 2013 1307 2051 historiae
1346 2013 1564 2051 adiunxisse
1584 2016 1669 2051 'so-

177 2073 303 2121 cium3
334 2067 436 2121 im³³³)
475 2084 551 2122 quo
583 2073 687 2108 enim
713 2072 786 2108 alio
817 2070 934 2109 modo
964 2071 1030 2108 ill-21
1059 2072 1282 2123 praesertim
1312 2077 1435 2107 aetate
1476 2069 1525 2107 ad
1553 2071 1668 2108 Asiae

176 2130 307 2181 plagas
327 2128 537 2177 interiores,
559 2127 607 2165 ad
627 2130 870 2180 Aegyptum,
899 2135 942 2164 ut
963 2127 1029 2165 has
1050 2129 1288 2179 potissimum
1317 2128 1516 2164 nominem
1542 2128 1667 2177 regio-

176 2199 264 2235 nes,
304 2191 502 2236 penetrare
529 2186 748 2238 multosque
767 2186 858 2222 alios
888 2185 1048 2221 aliarum
1074 2193 1262 2222 terrarum
1282 2183 1456 2221 homines
1477 2190 1667 2221 mercatu-

176 2255 241 2282 rae
265 2255 378 2280 causa
397 2242 487 2280 illuc
510 2242 744 2281 confluentes
769 2255 999 2293 cognoscere
1019 2254 1063 2279 ac
1083 2242 1263 2279 sciscitari
1281 2236 1495 2292 potuisset?

269 2455 308 2498 *)
332 2454 372 2487 In
396 2451 597 2487 Artaxerxis
621 2454 789 2492 aetatem,
814 2452 871 2497 qui
895 2452 1020 2486 Xerxis
1043 2453 1132 2487 filius
1155 2452 1233 2486 huic
1256 2452 1323 2497 ipsi
1347 2451 1524 2494 successit,
1552 2452 1666 2486 Hero-

179 2500 250 2535 doti
271 2501 394 2534 itinera
410 2499 518 2533 reiicit.
541 2498 739 2532 Dahlmann.
766 2498 786 2531 l.
814 2498 835 2531 l.
858 2511 890 2543 p.
915 2499 971 2532 54.
1019 2499 1091 2532 Nos
1117 2499 1195 2532 illud
1226 2499 1322 2532 modo
1356 2499 1528 2532 affirmare
1561 2498 1666 2532 aude-

177 2557 270 2590 mus,
293 2547 416 2580 itinera
439 2546 480 2579 ab
500 2544 674 2578 Herodoto
698 2555 757 2589 per
784 2544 899 2578 Asiam
924 2549 959 2577 et.
982 2545 1130 2578 Africam
1155 2546 1246 2579 facta
1278 2545 1400 2579 cadere
1431 2549 1509 2578 ante
1540 2544 1667 2578 recita-

179 2592 303 2626 tionem
333 2591 577 2636 Olympiacam.
632 2590 709 2627 vid.
732 2602 835 2635 supra
860 2592 892 2632 ἓ.
918 2590 951 2624 4.

237 2660 327 2741 5Ξ*)
352 2660 473 2694 Ukert.
498 2660 628 2704 Geogr.
655 2660 802 2694 Graece.
829 2665 864 2693 et
886 2661 1016 2695 Romm.
1039 2658 1068 2702 I,
1095 2661 1112 2694 1
1138 2670 1171 2704 p.
1195 2661 1238 2694 71
1262 2670 1358 2704 seqq.
1372 2657 1572 2692 Dahhnann.
1596 2657 1618 2691 1.
1640 2655 1663 2690 l·

178 2716 212 2752 p.
306 2717 400 2750 seqq.

268 2772 348 2817 ***)
372 2772 460 2805 Hinc
483 2773 556 2816 ipse
578 2778 680 2818 pater
700 2773 861 2809 historiae
883 2773 966 2808 talia
989 2776 1212 2808 mercatorum
1235 2772 1361 2808 itinera
1384 2769 1667 2817 descripsissevi-

179 2817 302 2862 detur3
325 2818 395 2854 vid.
420 2818 464 2862 V,
489 2820 533 2854 52
556 2819 670 2865 ibique
694 2825 780 2854 nott.
