1839 3292
396 173 481 216 272

395 283 548 342 γνώμῃ
564 299 573 309 ·

798 173 1260 212 HERODOTI

619 283 669 326 τὸ
697 282 782 338 γὰρ
812 281 972 337 κράτος
1010 280 1092 338 εἶχε
1130 286 1204 339 τῆς
1234 288 1434 342 στρατιῆς
1456 280 1586 337 οὗτος
1614 285 1662 329 ἐκ
1674 291 1718 331 50

369 352 625 409 Ξβασιλέος,
663 349 762 393 ἄλλ’
807 348 891 394 οὐκ
926 347 1199 404 Ἀρτάβαζος.

1256 353 1664 409 Μεταπεμψάμενος

397 416 462 464 οἶν
490 419 594 470 τοὺς
610 417 867 473 ταξιάρχους
888 420 979 460 τῶν
1008 416 1186 469 τελέων,
1216 419 1288 461 καὶ
1316 423 1405 463 τῶν
1428 420 1521 476 μετ’
1555 421 1665 465 ἑωυ-

396 491 478 532 τοῦ
507 486 668 529 ἐόντων
696 484 916 547 Ἑλλήνων
952 483 1056 536 τούς
1095 485 1388 541 στρατηγούς,
1426 489 1585 542 εἰρώτα
1627 490 1669 533 εἰ’

395 572 438 599 τι
466 556 618 598 εἰδεῖεν
645 553 798 609 λόγιον
833 553 932 608 περὶ
962 553 1189 606 Περσέων,
1230 553 1289 605 ὠς
1319 556 1666 610 διαφθαρέονται

359 622 439 666 3ἐν
466 626 520 679 τῇ
545 621 730 665 Ἑλλάδι.
762 622 986 677 σιγώντων
1017 622 1062 666 δὲ
1081 627 1168 666 τῶν
1197 621 1448 678 ἐπικλήτων,
1474 626 1564 666 τῶν
1590 624 1721 679 μὲν55

398 690 484 734 οὐκ
507 689 687 734 εἰδότων
705 690 810 740 τούς
838 690 1074 771 χρησμούς,
1102 695 1188 734 τῶν
1211 691 1257 734 δὲ
1277 690 1455 734 εἰδότων
1484 691 1562 745 μὲν
1577 724 1587 744 ,
1618 692 1666 736 ἐν

397 757 520 814 ἀδείῃ
557 758 603 801 δὲ
635 756 688 800 οὐ
702 759 973 812 ποιευμένων
1001 759 1048 802 τὸ
1082 758 1233 814 λέγειν,
1263 757 1395 809 αὐτός
1412 759 1668 813 Μαρδόνιος

398 826 524 882 ε’·λεγε
547 825 846 879 ,,Ἐπεὶτοι’νυν
858 824 1018 882 ὑμεῖςη
1038 829 1127 870 ἴστε
1144 826 1286 877 οὐδὲν,
1300 826 1328 883 ἠ
1340 843 1393 869 ου
1405 832 1585 881 τολιιατε
1605 829 1667 871 λέ-

371 897 532 951 4,,γειν,
543 891 630 937 αλλ
649 893 731 949 ἐγώ
749 893 866 948 ἐρέω,
887 894 944 946 ὠς
955 896 1002 938 εὐ
1018 894 1309 951 ἐπιστάμενος.
1341 896 1429 938 ε’στι
1447 895 1597 952 λόγιον
1609 895 1667 949 ὥς

400 961 558 1018 ,,χρεόν
574 961 663 1005 ἐστι
679 961 851 1016 Πέρσας
874 961 1166 1018 ἀπικομένους
1187 964 1228 1014 ἐς
1246 963 1324 1019 τήν
1333 962 1525 1017 Ἑλλάδα,
1548 966 1666 1018 διαρ-
1679 974 1724 1007 60

399 1029 564 1084 „adom
583 1029 633 1072 τὸ
655 1028 754 1084 ἱρόν
773 1028 824 1072 τὸ
841 1029 888 1072 ἐν
900 1035 1124 1085 Δελφοῖσι,
1144 1031 1248 1086 μετὰ
1268 1032 1404 1086 δὲτὴν
1422 1033 1670 1088 διαρπαγήν

368 1098 667 1152 5,,οέπολέσθαι
695 1094 876 1147 πάντας.

500 1165 511 1179 Ι
726 1162 747 1178 5!

930 1095 1050 1152 ἡμεῖς
1079 1100 1255 1149 τοίνυν,
1287 1097 1392 1142 αὐτὸ
1421 1104 1554 1143 τοῦτο
1577 1101 1669 1144 ε’πι-

1284 1170 1302 1178 -
1434 1167 1454 1181 ‚1

947 1165 1171 1181 ιιιι

401 1231 626 1288 ,,ρη’σομεν
662 1232 933 1288 διαρπάζειν·
972 1233 1130 1290 ταύτης
1168 1250 1213 1277 τε
1253 1235 1394 1277 εἵνεκα
1422 1238 1497 1290 τῆς
1533 1237 1726 1293 αἰτίης65

371 1309 396 1343 6
403 1300 518 1354 »οὐκ
570 1300 862 1359 ἀπολεόμεθα.

345 1478 389 1502 ra
409 1471 446 1502 et
466 1463 514 1502 ad
535 1477 648 1502 voces
675 1465 757 1504 τοῖν
777 1462 919 1505 τελέων
955 1466 1006 1503 cf.

346 1529 445 1560 nott.
467 1521 516 1558 ad
537 1523 625 1569 VII,
646 1523 715 1561 81.

407 1578 446 1617 εἴ
462 1594 499 1617 τι
525 1576 687 1628 εἰδεῖεν]
713 1578 738 1614 i.
760 1591 791 1615 e.
813 1591 897 1616 num
923 1579 1010 1629 quid

348 1637 475 1673 scirent
496 1635 690 1673 oraculum.
755 1634 895 1674 εἰδεῖεν
920 1649 1009 1672 cum

347 1699 508 1730 receutt.
528 1693 704 1729 revocavi
731 1705 800 1742 pro
827 1693 932 1742 vulg.
954 1693 1011 1732 εἰ·

349 1749 459 1788 δοῖεν
491 1748 611 1798 (conf.
633 1747 768 1786 Matth.
791 1749 857 1785 Gr.
880 1750 946 1786 Gr.
975 1751 1013 1795 §-

349 1808 430 1846 231
466 1818 555 1857 pag.
581 1805 682 1855 450)
714 1806 885 1857 itemque
926 1807 1014 1845 δια-

349 1862 624 1913 φθαρέονται,
655 1861 760 1915 quod
794 1861 1014 1914 Schweigh.

351 1925 390 1956 et
410 1920 527 1957 Gaisf.
557 1926 750 1956 mutar-ant
780 1920 820 1955 in
842 1920 1013 1969 διαφθε-

349 1974 527 2028 ρέονται,
561 1977 681 2014 invito
711 1975 797 2013 cod.
822 1977 1013 2013 Florenti-

348 2046 401 2069 no
442 2033 614 2085 aliisque.
676 2034 741 2070 Tu
780 2031 858 2070 vid.
898 2035 1014 2070 Butt-

349 2102 482 2131 mann,
505 2091 678 2127 Gramm.
699 2091 789 2129 mai.
806 2091 844 2126 ΙΙ
873 2103 910 2140 p.
931 2091 1013 2130 249

352 2154 391 2183 et
411 2145 561 2194 Matth„
585 2160 702 2199 quem
722 2146 771 2184 ad
789 2148 898 2192 VIII,
935 2147 1014 2186 108

350 2204 476 2252 citavi,
508 2205 575 2240 ubi
594 2204 698 2241 idem
713 2202 1015 2254 Schweighaeu-

351 2273 455 2297 serus
484 2261 598 2297 libros
628 2262 831 2312 plerosque
864 2267 1015 2297 secutus

351 2315 525 2354 exhibuit
537 2318 558 2356 δ
562 2316 825 2369 ιαφθαρέεται
842 2330 911 2368 pro
924 2317 1016 2354 olim

350 2374 506 2424 vulgato
529 2373 822 2423 διαφθερέεται.

410 2430 453 2471 ἐν
470 2426 583 2486 ἁδείῃ
605 2427 648 2469 δὲ
669 2426 719 2469 ου’
741 2427 1013 2481 ποιευμένων]

351 2487 377 2524 i.
417 2501 452 2525 e.
487 2501 554 2525 non
583 2491 697 2524 tutum
730 2489 1014 2525 existimantibus

353 2543 476 2587 dicere,
498 2558 566 2582 non
593 2548 709 2581 tutum
739 2546 807 2582 sibi
830 2544 914 2595 fore
939 2557 1013 2595 pu-

354 2603 490 2647 tantes,
542 2602 648 2639 verba
685 2601 820 2652 facere.
899 2600 1014 2637 Haud

354 2656 477 2692 aliena
499 2665 606 2706 suut,
638 2671 736 2710 quae
766 2671 878 2709 supra
909 2659 1017 2694 iuve-

353 2713 494 2749 nimus
503 2713 543 2752 ἐν
565 2714 691 2769 ὁμοίω
714 2715 1016 2763 ποιεῖσθαιῩΙῙ,

356 2770 460 2819 138,
511 2769 553 2810 ἐν
607 2771 768 2826 ἐλαφρῶ
810 2775 1018 2812 ποιεῖσθαι

929 1301 1038 1347 ὥστε
1072 1301 1221 1359 ὑμέων
1260 1300 1360 1346 ὅσοι
1404 1303 1672 1359 τυγχάνουσι

1063 1466 1140 1513 111,
1184 1463 1289 1514 154,
1335 1465 1406 1501 alia
1439 1463 1481 1501 id
1507 1477 1643 1515 genus.
1672 1487 1728 1494 —

1063 1522 1109 1558 In
1129 1535 1235 1573 seqq.
1261 1520 1308 1557 ad
1328 1523 1408 1558 vim
1429 1523 1636 1571 particulae
1657 1517 1729 1561 ἆλ-

1065 1575 1114 1617 ac}
1136 1579 1237 1616 conf.
1259 1577 1394 1615 Matth.
1411 1579 1477 1615 Gr.
1500 1579 1566 1615 Gr.
1588 1580 1624 1625 ξ.
1647 1581 1727 1620 613

1065 1649 1153 1687 pag.
1186 1636 1291 1676 1238
1328 1642 1364 1672 et
1394 1634 1441 1671 de
1474 1648 1568 1672 voce
1598 1632 1729 1686 χρεόν,

1071 1691 1175 1745 quod
1197 1705 1265 1743 pro
1286 1688 1412 1743 χρεων
1444 1693 1608 1742 reposui,
1638 1692 1730 1728 alla-

1070 1756 1109 1787 ta
1130 1748 1178 1786 ad
1207 1749 1265 1796 V,
1304 1749 1373 1789 49.
1430 1749 1620 1785 Futurum
1649 1747 1730 1788 e’m-

1070 1801 1309 1859 χειρήσομεν
1342 1804 1546 1857 respondet
1574 1811 1731 1842 antece-

1070 1863 1176 1900 denti
1198 1862 1305 1913 ἰ’μεν,
1346 1861 1451 1914 quod
1471 1875 1649 1914 praesens
1669 1862 1735 1899 fu-

1069 1921 1144 1957 turi
1163 1919 1345 1970 temporis
1375 1920 1532 1956 notione
1555 1920 1648 1971 poni
1668 1919 1734 1958 vix

1070 1989 1305 2030 quemquam
1323 1975 1459 2027 fugiet.

1126 2086 1272 2141 ταύτης
1290 2104 1331 2128 τε
1348 2088 1480 2128 εἵνεκα
1497 2090 1571 2140 τῆς
1589 2085 1735 2138 αἰτίης]

1070 2149 1160 2185 Vim
1221 2145 1511 2197 praepositionis
1576 2146 1736 2195 exponit

1070 2202 1208 2242 Matth.
1251 2204 1317 2239 Gr.
1346 2203 1413 2242 Gr.
1455 2201 1492 2246 ξ.
1524 2201 1604 2241 576
1644 2214 1732 2252 pag.

1076 2263 1205 2307 1137,
1237 2260 1302 2311 qui
1322 2258 1424 2294 idem
1455 2258 1492 2302 ξ.
1516 2258 1617 2305 568,
1649 2260 1673 2298 3
1696 2271 1735 2308 p.

1076 2319 1183 2357 1122
1216 2316 1363 2352 consuli
1395 2314 1507 2351 debet
1537 2313 1585 2350 ad
1620 2315 1736 2351 verba

1075 2372 1129 2419 ὥς
1159 2370 1466 2423 περιεσομένους
1495 2364 1621 2420 ηιιέας
1648 2368 1736 2409 Ἑλ-

1071 2426 1216 2481 ληνωι.
1235 2431 1278 2465 Iu
1291 2443 1395 2479 seqq
1412 2440 1500 2464 cum
1513 2425 1735 2478 Schweigh.

1072 2493 1109 2523 et
1131 2486 1246 2522 Gaisf.
1279 2484 1366 2522 dedi
1401 2480 1611 2535 ἐσήμαινες
1647 2484 1738 2521 reli-

1072 2544 1137 2595 qui
1157 2549 1310 2579 tuentur
1331 2542 1531 2592 vulgatum
1551 2537 1740 2594 ἐσήμηνε.

1071 2599 1244 2637 Verbum
1284 2597 1578 2650 παραρτέεσθαι
1629 2598 1738 2648 attigi

1073 2669 1187 2707 supra
1226 2657 1303 2704 ΙΧ,
1357 2658 1425 2696 29.
1482 2654 1738 2691 Locutionem

1076 2709 1259 2763 εὐκρινέα
1292 2715 1499 2751 ποιεῖσθαι
1528 2711 1568 2758 (ἰ.
1590 2723 1624 2747 e.
1655 2710 1738 2746 bene

1078 2770 1246 2822 (Imposita
1265 2766 1423 2821 reddere)
1452 2768 1633 2816 illustr‚at
1665 2767 1738 2804 ob-
