1839 3292
401 202 482 242 112
800 201 1257 239 HERODOTI

399 323 557 364 ,,μενος
585 306 714 363 ἥκεις.
773 309 868 351 ’ίσθι
896 307 993 362 γὰρ,
1024 307 1066 358 ἐξ
1097 307 1192 362 ἐμέο
1221 308 1272 350 τὰ
1305 307 1542 364 ποιεύμενα
1568 306 1656 353 ὑπό

400 374 613 430 ,,Μήδων.
674 375 762 417 ἔδεε
792 375 890 428 γὰρ,
921 373 991 416 ὅτε
1023 371 1104 416 οὐκ
1133 373 1302 425 ἑκόντες
1331 376 1482 419 ἔθελον
1512 376 1554 427 ἐς
1583 375 1714 430 poi-90

399 458 506 498 ,,χην
535 442 824 484 κατίστασθαι
855 441 898 483 οἱ
915 439 1128 496 ““Ἐλληνες,
1159 439 1367 492 ἀέκοντας
1387 442 1658 499 παραστήσα-

399 515 546 563 „offoca
608 508 662 551 σύ
705 507 771 559 δὲ,
812 506 903 550 ἐπεί
930 524 1007 562 περ
1035 507 1153 564 ἥκεις
1181 506 1342 562 χρηστοὶ
1372 506 1660 564 ἀπαγγέλλων,

371 575 563 631 3,,αὐτός
593 588 672 631 σφι
703 575 913 632 ἄγγειλον.
971 576 1027 632 ἣν
1055 576 1137 632 γὰρ
1166 573 1248 629 ἐγώ
1282 573 1391 617 αὐτὰ
1422 576 1559 631 λέγω,
1589 577 1660 621 δό-

402 647 493 698 ,,ξω
537 643 704 694 πλάσας
743 645 902 699 λέγειν,
935 644 1007 687 καὶ
1037 642 1091 687 ου’
1119 644 1274 692 πείσω,
1317 639 1375 693 ὠς
1405 641 1458 685 ου’
1486 642 1716 686 ποιεύν-95

401 729 521 766 ,,των
549 716 638 755 τῶν
668 711 906 767 βαρβάρων
934 715 1084 754 ταῦτα.
1115 708 1224 754 ἀλλά
1256 710 1554 767 σφιὶσὴμῃνον
1585 710 1663 754 αὐ-

375 781 511 835 4,,τός
539 778 773 833 παρελθών
803 778 860 830 ὡς
890 779 982 835 ἔχει.
1015 778 1145 822 ἐπεάν
1175 778 1220 821 δὲ
1250 778 1462 835 σημήνῃς,
1499 778 1555 834 ἢν
1584 779 1664 835 μὲν

404 851 688 903 ,,πείθωνται,
739 851 876 890 ταῦτα
907 846 958 902 δὴ
989 845 1041 888 τὰ
1066 845 1293 889 κάλλιστα·
1325 847 1381 901 ἢν
1414 847 1460 889 δὲ
1491 845 1664 890 αὐτοῖσι

403 916 487 973 ,,μὴ
516 915 645 959 πιστὰ
673 917 860 972 γένηται,
892 912 1045 970 ὁμοῖον
1074 912 1178 970 ἡμῖν
1216 913 1348 956 ἔσται.
1407 912 1460 957 οὐ
1489 912 1573 968 γὰρ
1602 914 1664 958 ἔτι

405 983 765 1040 ,,διαδρήσονται,
809 985 924 1037 εἴπερ
965 982 1248 1037 περιεχόμεθα
1276 981 1572 1038 πανταχόθεν,
1603 981 1660 1033 ὦς
1717 984 1798 1027 657

401 1054 481 1107 ,,σὺ
511 1053 681 1107 λέγεις.“
744 1055 891 1094 Ταῦτα
930 1049 1043 1104 ἔλεγε
1072 1049 1302 1103 παρελθών
1332 1049 1355 1093 ὁ
1389 1048 1691 1106 Ἀριστείδης,1

409 1120 604 1178 φάμενος
643 1119 685 1170 ἐξ
714 1120 893 1174 Αἰγίνης
922 1133 966 1160 τε
995 1116 1135 1172 ἥκειν,
1174 1117 1248 1159 καὶ
1284 1117 1410 1173 μόγις
1448 1117 1664 1160 ἐκπλῶσαι

406 1188 559 1234 λαθών
593 1185 699 1237 τούς
730 1185 1034 1241 ἐπορμέοντας·
1071 1184 1344 1239 περιέχεσθαι
1381 1184 1464 1239 γάρ
1495 1189 1582 1227 πᾶν
1614 1185 1663 1229 τὸ

407 1255 703 1312 στρατόπεδον
732 1254 781 1297 τὸ
808 1251 1062 1308 Ἑλληνικόν
1093 1250 1179 1295 ὑπὸ
1209 1256 1296 1295 τῶν
1313 1256 1426 1295 νεῶν
1448 1256 1536 1295 τῶν
1556 1252 1666 1308 Ξέρ-

405 1327 507 1378 ξεω·
562 1321 883 1376 παραρτέεσθαί
919 1336 963 1364 τε
993 1322 1278 1375 συνεβούλευε
1318 1320 1376 1371 ὠς
1410 1317 1665 1376 ἀλεξησομέ-

376 1400 530 1444 Ξνους.
588 1390 678 1434 Καὶ
708 1389 731 1433 ὁ
763 1390 862 1446 μὲν,
910 1392 1043 1432 ταῦτα
1083 1390 1228 1443 εἴπας,
1266 1387 1532 1445 μετεστήκεε·
1571 1392 1693 1432 τῶνό

276 1054 340 1098 81

75 1119 130 1147 Cui
148 1127 212 1146 cum
233 1117 322 1146 fidem

95 1154 208 1187 letique
226 1161 284 1179 non

74 1163 232 1221 gabei-eut,

351 1595 514 1633 Becker.
536 1595 583 1633 ad
603 1595 846 1633 Aristotelem
864 1596 923 1632 De
943 1608 1007 1633 so-

353 1666 445 1690 mno
463 1666 543 1694 can.
556 1656 579 1693 3
601 1666 688 1703 pag.
712 1655 776 1693 33-

411 1709 491 1748 ἔδεε
514 1706 587 1761 γαρ
601 1732 655 1736 -
673 1704 862 1755 α’έκοντας
880 1724 1009 1760 παρα-

354 1761 591 1815 στήσασθαι]
622 1767 648 1802 i.
680 1779 712 1802 e.
738 1768 916 1815 oportuit,
946 1778 1009 1802 ue-

356 1835 444 1859 cesse.
454 1822 535 1872 fuit
555 1822 633 1859 zllos
653 1823 853 1869 (Graecos)
878 1824 1009 1859 invitos

357 1881 437 1927 cogi
455 1892 483 1917 s.
507 1879 663 1928 compelli
682 1879 731 1915 acl
754 1891 925 1928 pugnam.
947 1877 1010 1915 Ad

354 1948 467 1971 usum
525 1936 630 1971 verbi
677 1932 1009 1984 παραστήσασθαι

354 1994 543 2041 pertinent
572 1993 808 2042 potissimum
830 1991 894 2039 IV,
918 1994 1010 2031 136.

353 2049 419 2094 ΙΙΙ,
436 2050 498 2087 13.
513 2047 564 2089 45
586 2049 714 2100 ibique
735 2049 858 2085 allata,
877 2071 927 2075 —
947 2046 1010 2084 Ad

335 2105 538 2155 *genitivos
581 2103 636 2151 οἷς
689 2100 736 2143 οὗ
784 2100 1010 2143 ποιεύντων

354 2163 435 2198 τῶν
478 2157 692 2211 βαρβάρων
738 2161 838 2197 conf.
877 2159 1010 2199 Matth.

355 2218 421 2253 Gr.
445 2219 509 2257 Gr.
542 2221 576 2261 ξ.
608 2218 701 2258 569.
759 2216 820 2253 Ad
849 2218 1011 2253 locutio-

355 2286 446 2309 nem
467 2275 588 2310 ταῦτα
611 2271 659 2322 δή
692 2273 824 2325 (quod
852 2274 1011 2309 minime

357 2343 450 2380 opus
470 2336 618 2365 mutare
638 2331 675 2364 in
689 2330 804 2379 δῆτα)
827 2327 1012 2368 κάλλιστα

355 2386 455 2423 conf.
477 2386 669 2424 Lambert.
691 2387 779 2424 Bos.
799 2388 857 2422 De
874 2386 1011 2437 ellipss.

355 2455 442 2493 pag.
465 2445 560 2484 808.

542 2532 633 2583 Cap.
654 2533 833 2571 LXXXI.

420 2612 551 2649 Ταῦτα
573 2609 677 2664 ἔλεγε
703 2608 945 2662 παρελθών]
987 2611 1012 2649 i.

358 2679 392 2702 e.
428 2666 528 2703 Haec
558 2667 651 2704 ‹Iz'xz't
682 2670 720 2705 z'n
751 2669 899 2705 medium
929 2681 1013 2718 pro-

357 2735 510 2771 gressus.
574 2726 671 2760 Nam
720 2725 897 2776 frequens
934 2739 1012 2762 nce—-

358 2781 518 2832 ρελθεῖν
552 2778 592 2816 de
619 2783 677 2829 iis,
708 2784 828 2831 quiin
863 2781 1012 2818 medium

1060 1596 1339 1647 progrediuntur
1360 1596 1466 1633 verba
1483 1593 1629 1646 facturi
1651 1609 1723 1646 pu-

1063 1653 1170 1699 blice3
1200 1667 1271 1690 nec
1291 1654 1418 1689 miuus
1438 1652 1615 1704 frequens
1644 1666 1725 1690 ser-

1064 1711 1188 1746 monis
1210 1711 1273 1746 illa
1295 1708 1545 1757 abundantia,
1569 1707 1644 1761 quai
1664 1708 1726 1746 di-

1066 1768 1116 1803 cit
1138 1763 1489 1818 ἕλεγε-φάμενος,
1524 1772 1565 1802 ut
1586 1767 1632 1814 V,
1657 1769 1725 1807 36.

1066 1824 1133 1864 50.
1164 1824 1294 1874 Itaque
1315 1823 1394 1859 noli
1410 1829 1494 1872 post
1516 1821 1618 1874 ἔλεγε
1638 1835 1724 1859 ma·-

1064 1880 1185 1915 iorem
1197 1892 1338 1930 ponere
1362 1878 1653 1927 distinctionem,
1673 1880 1726 1916 ita

1065 1942 1108 1971 ut
1129 1932 1347 1988 παρελθιόν
1369 1934 1418 1972 acl
1436 1937 1635 1988 sequentia
1646 1943 1727 1973 tra-

1066 1990 1192 2030 hatur.
1587 2039 1591 2045 Δ

1181 2045 1276 2095 τούς
1324 2046 1623 2101 ἐπορμέοντας]
1669 2049 1727 2085 Ita

1068 2104 1158 2142 dicit
1180 2106 1289 2142 hostes
1311 2107 1346 2142 in
1368 2107 1517 2142 statione
1528 2102 1724 2155 (navium)

1068 2162 1250 2199 collocatos
1281 2174 1311 2198 s.
1346 2164 1529 2198 stationem
1570 2165 1726 2210 agentes-

1067 2217 1129 2255 Ad
1162 2219 1323 2255 verbum
1352 2216 1647 2270 παραρτέεσθαι
1676 2218 1725 2257 cf.

1067 2275 1166 2320 VIII,
1187 2277 1252 2314 76.

1126 2326 1371 2380 μετεστήκεε]
1403 2329 1429 2366 i.
1459 2343 1493 2367 e.
1523 2329 1682 2367 discessit
1702 2334 1728 2367 'e

1069 2388 1192 2424 medio.
1252 2388 1358 2423 Conf.
1380 2387 1409 2432 I,
1428 2388 1494 2427 89.
1514 2387 1611 2434 Vlll,
1636 2389 1726 2434 110,

1068 2444 1133 2478 ubi
1155 2439 1496 2494 μεταστήσασθαιτ
1527 2456 1550 2480 a
1569 2456 1603 2480 se
1620 2455 1728 2480 remo-

1068 2511 1155 2547 vere,
1195 2507 1237 2536 ut
1267 2498 1367 2549 apud
1396 2498 1573 2549 Xenoph.
1601 2500 1726 2537 Anab-

1067 2557 1116 2603 11,
1140 2559 1177 2603 3,
1202 2560 1226 2597 8
1256 2557 1338 2592 coll.
1370 2557 1437 2594 21.
1458 2557 1552 2593 Hist.
1575 2557 1640 2594 Gr.
1662 2557 1726 2601 IV,

1072 2615 1107 2659 1,
1134 2613 1172 2653 5.
1231 2614 1287 2648 De
1306 2614 1382 2662 ipsa
1404 2612 1526 2648 forma
1543 2608 1727 2663 μετεστή-

1068 2682 1131 2706 κεε
1152 2669 1251 2707 conf.
1273 2667 1407 2705 matth.
1430 2670 1496 2706 Gr.
1509 2670 1575 2706 Gr.
1597 2670 1632 2714 ξ.
1646 2669 1724 2709 188

1066 2731 1147 2761 not.
1173 2729 1189 2764 1
1215 2739 1252 2776 p.
1275 2728 1367 2765 332.
1391 2747 1443 2752 —
1481 2727 1544 2762 Ex
1563 2724 1637 2762 hoc
1658 2737 1725 2761 au-

1067 2788 1147 2818 tem
1176 2781 1360 2819 Herodoti
1392 2782 1477 2819 loco
1508 2788 1544 2820 et
1564 2794 1648 2833 cap.
1670 2780 1723 2822 95
