1839 3292
542 246 898 283 URANIA.
956 246 1082 283 v111.
1375 252 1433 291 67

172 371 312 405 ταιαν,
341 354 593 409 πυθόμενος
627 355 832 409 Θηβαίων
862 353 928 397 ὅτι
960 352 1043 397 οὐκ
1074 354 1290 411 ἐμήδιζον.
1330 353 1432 400 ’And
1444 359 1763 430 4⁰i22¹322³5322¹„..

40 361 102 407 51

169 424 216 468 δὲ
245 429 319 478 τῆς
350 422 575 480 διαβάσιος
614 426 694 465 τοῦ
721 421 1055 478 Ἑλλησπόντου,
1085 424 1213 466 ἔνθεν
1252 424 1435 478 πορεύε-

170 499 275 537 σθαι
297 494 482 549 ἤρξαντο
516 492 558 533 οἱ
583 489 812 545 βάρβαροι,
844 490 921 532 ἕνα
963 489 1102 534 αὐτοῦ
1133 494 1436 544 διατρίψαντες

170 566 309 618 μῆνα,
352 562 398 604 ἐν
427 563 487 616 τῷ
519 557 738 614 διέβαινον
769 558 810 608 ές
841 558 920 614 τήν
952 556 1196 615 Εὐρώπην,

1242 562 1287 602 ἐν
1321 561 1434 612 τρισὶ

169 629 353 683 ἑτέροισι
381 627 533 684 μήνεσι
564 625 762 680 ἐγένοντο
796 625 843 668 ἐν
872 629 925 683 τῇ
952 625 1140 683 Ἀττικῇ,
1182 631 1271 670 Καλ
1283 628 1433 672 {infosso

144 705 166 738 9
179 697 389 752 ἄρχοντος
431 695 712 750 Ἀθηναίοισι.

801 693 874 737 καὶ
927 694 1126 748 αἱρέουσι
1176 695 1341 749 ἐρῆμον
1383 695 1492 739 τό45

175 763 295 814 ἄστυ,
327 765 400 806 καί
428 779 548 812 τινας
580 760 754 816 ὀλίγους
792 759 1045 815 εὑρίσκουσι
1077 766 1164 804 τῶν
1190 761 1434 818 Ἀθηναίων

171 832 218 875 ἐν
247 836 306 887 τῷ
337 833 417 884 ἱρῷ
447 830 608 882 ἐόντας,
639 832 793 885 ταμίας
824 846 868 872 τε
895 834 974 872 τοῦ
1004 831 1117 884 ἵροῦ,
1146 831 1220 873 καὶ
1249 832 1435 887 πένητας

172 896 462 953 ἀνθρώπους·
494 900 538 941 οἳ
568 897 840 954 φραξάμενοι
870 896 950 954 τὴν
990 896 1233 952 ἀκρόπολιν
1271 901 1436 958 θύρῃσί

113 1095 422 1148 ipseMardonius
442 1095 662 1132 vulneratus
682 1093 774 1144 fuga
830 1089 967 1130 Matth.
990 1094 1056 1130 Gr.
1080 1095 1145 1133 Gr.
1170 1096 1208 1141 ξ.
1230 1097 1334 1145 565,
1360 1102 1379 1139 1
1402 1111 1492 1150 pag.

113 1154 275 1192 salutem
293 1153 457 1204 petierit,

348 1242 439 1292 Cap.
462 1243 525 1278 LI.

170 1317 265 1361 Ἀπό
288 1319 330 1360 δὲ
359 1323 429 1370 τῆς
461 1317 668 1371 διαβάσιος
695 1320 771 1357 τοῦ

113 1376 418 1429 Ἑλλησπόντου]
447 1379 471 1414 i.
494 1390 527 1413 e.
551 1377 595 1412 ab
625 1389 661 1412 eo
691 1375 770 1411 inde

114 1439 278 1484 tempore,
314 1447 379 1484 quo
402 1433 665 1482 Hellespontum
695 1435 770 1468 tra-

113 1493 275 1528 iecerunt.
333 1489 446 1526 Haud
474 1491 580 1525 aliter
622 1485 701 1527 cino*
729 1490 768 1524 in

112 1554 283 1597 tempore
302 1545 528 1592 indicando,
559 1546 623 1581 ubi
644 1546 770 1581 Latini

113 1617 136 1640 a
156 1617 183 1640 s.
202 1607 280 1654 post
301 1610 461 1653 ponunt,
482 1602 588 1649 VIII,
618 1601 683 1643 54.
703 1600 768 1642 55.

111 1661 227 1697 Plura
248 1659 411 1696 Fischer.
447 1659 495 1696 ad
515 1659 676 1696 Weller.
701 1659 769 1699 ΙΙΙ,

112 1729 135 1753 a
153 1729 239 1767 pag.
263 1718 339 1757 108
356 1730 435 1768 seq.
496 1716 530 1752 A
561 1729 636 1767 quo
667 1722 771 1751 iem-

110 1786 202 1824 pore
224 1771 335 1821 (haec
357 1781 410 1810 est
423 1772 770 1810 Herodotisenten-

111 1831 180 1878 tia)
201 1831 336 1866 Persce
350 1831 639 1881 Hellespontum
654 1831 770 1865 traie-

112 1893 265 1934 cerunt,
303 1887 444 1923 itineris
475 1888 531 1936 (in
551 1888 767 1936 Europam)

110 1943 259 1979 initium
299 1943 497 1991 facientes,
556 1956 678 1979 unum
716 1943 770 1978 ibi

112 2000 169 2045 (in
200 2000 464 2050 Hellesponto)
500 2012 693 2046 mensem,
728 2000 767 2035 iu

110 2057 191 2106 ipso
232 2058 389 2093 transitu
429 2056 484 2103 (et
522 2057 562 2092 in
598 2057 766 2092 exercitu

111 2111 323 2149 ordinando
363 2121 399 2149 et
432 2111 641 2165 lustrando)
672 2126 766 2149 con-

109 2176 327 2219 sumptum,
383 2171 627 2216 commorati,
675 2168 765 2206 inde

106 2226 221 2262 trium
241 2227 429 2262 mensium
456 2228 575 2277 spatio
598 2226 766 2263 devene-

107 2289 195 2318 runt
223 2283 263 2318 in
283 2284 468 2331 Atticam,
499 2296 599 2320 anno
628 2282 710 2324 480
732 2296 765 2320 a.

109 2337 197 2376 Chr.
227 2352 266 2377 n.
299 2353 328 2376 s.
359 2340 608 2390 Olymp.75,
633 2343 668 2386 1,
694 2352 766 2387 quo

110 2394 243 2431 Callias
282 2394 423 2432 archon
452 2409 666 2448 eponymus
695 2396 766 2433 fuit

109 2448 279 2489 Athenis.
338 2448 465 2492 αυτοῦ
504 2455 527 2490 i.
571 2467 603 2490 e.
641 2452 682 2492 ἒν
713 2455 766 2506 τῷ

108 2503 393 2570 Ἑλλησπόντῳ.
476 2509 538 2546 Ad
597 2494 763 2546 formalil

110 2558 273 2613 μήνεσι,
304 2567 408 2602 cuius
428 2566 512 2602 loco
535 2567 626 2602 olim
658 2567 766 2616 μησί,

108 2617 186 2655 vid.
207 2618 341 2657 Matth.
370 2623 434 2658 Gr.
456 2623 521 2659 Gr.
545 2624 580 2667 §.
603 2622 655 2663 75
677 2636 764 2673 pag.

111 2677 190 2716 166
214 2676 299 2712 coll.
319 2678 462 2715 lacobs.
485 2678 533 2715 ad
553 2680 701 2715 Aelian.
717 2681 764 2716 N.

106 2731 155 2767 A.
176 2733 244 2778 IX,
268 2731 306 2771 4
338 2734 387 2770 Et
407 2733 480 2772 vid.
503 2736 627 2786 ipsum
641 2738 765 2773 Hero-

109 2785 242 2824 dotum
281 2789 351 2836 IV,
399 2793 466 2830 43.
531 2791 593 2828 Ad
625 2794 766 2842 geniti-

108 2856 173 2881 vos
202 2843 434 2886 Καλλιάδεω
470 2843 658 2898 ἄρχοντος
685 2848 764 2887 vid.

833 1152 953 1189 1113.

883 1226 949 1266 καὶ
964 1226 1157 1279 αἱρέουσι]
1173 1230 1352 1268 Subitam
1365 1240 1491 1271 trans-

824 1286 1146 1335 itumtemporum
1169 1287 1214 1323 ab
1238 1290 1371 1325 aoristo
1386 1288 1489 1341 (ἐγέ-

825 1339 961 1392 νοντο)
995 1341 1041 1377 ad
1066 1355 1242 1392 praesens
1270 1347 1487 1384 notavimus

825 1396 873 1434 ad
893 1398 947 1445 V,
970 1398 1037 1439 55.

881 1476 1025 1527 ταμίας
1046 1491 1086 1516 τε
1107 1479 1180 1516 τοῦ
1213 1477 1324 1528 ἱροῦ]
1357 1480 1488 1517 Prima

826 1531 888 1569 hic
910 1535 1054 1569 mentio
1078 1536 1283 1585 quaestoris
1315 1538 1411 1572 sacri
1445 1539 1486 1573 iu

826 1591 970 1640 templo
996 1592 1213 1637 Minervae,
1245 1592 1311 1628 ubi
1341 1594 1488 1643 prima-

826 1648 926 1683 rium
947 1648 1095 1684 Atticae
1116 1649 1275 1685 civitatis
1292 1649 1362 1686 fuit
1379 1663 1488 1687 aera-

826 1705 945 1751 rium,
979 1705 1020 1740 in
1050 1717 1125 1757 quo
1162 1707 1291 1742 omnia
1313 1706 1483 1755 donaria,

826 1762 1047 1811 vectigalia,
1090 1762 1280 1807 mulctas,
1331 1764 1402 1799 alia
1445 1763 1485 1801 id

826 1830 946 1867 genus
973 1817 1238 1868 deponebant,
1272 1819 1422 1857 condita
1444 1821 1484 1857 iu

826 1874 1077 1912 Parthenonis
1092 1876 1186 1912 cella
1199 1875 1378 1926 quadam.
1406 1878 1486 1914 Po-

825 1938 904 1968 stea
924 1933 1088 1968 crebrior
1111 1934 1255 1969 mentio
1289 1934 1326 1969 in
1349 1934 1485 1971 inscri-

825 1989 1017 2038 plionibus
1040 1989 1170 2025 aliisve
1207 1992 1482 2031 monumentis.

822 2045 934 2082 Unde
985 2044 1118 2082 decem
1158 2045 1271 2083 fnisse
1319 2060 1482 2085 numero

824 2109 1040 2154 quaestores
1070 2116 1090 2137 e
1120 2103 1263 2139 civibus
1287 2102 1483 2142 ditioribus

824 2160 985 2206 electos,
1036 2159 1294 2209 intelligimus.
1366 2161 1483 2198 Plura

822 2215 996 2253 Boeckh.
1040 2216 1248 2252 Oeconom.
1288 2215 1431 2254 Athen.
1465 2218 1484 2254 I

822 2286 910 2323 pag.
933 2274 1023 2312 172.
1050 2273 1132 2311 coll.
1155 2274 1255 2309 Petit
1266 2274 1386 2323 Legg.
1403 2276 1482 2312 Ati.

821 2343 857 2379 p.
885 2331 980 2369 358.
1011 2328 1126 2379 Apud
1157 2330 1376 2366 Cornelium
1406 2333 1485 2367 Ne-

821 2393 900 2436 pot.
936 2384 1187 2422 Themistocl.
1218 2385 1241 2425 4
1270 2387 1351 2422 init.
1384 2389 1484 2424 Xer-

819 2456 886 2479 xes
917 2442 1053 2479 dicitur
1092 2455 1240 2486 arcem,
1280 2443 1484 2482 interfectis

819 2500 1079 2545 sacerdotibus,
1111 2512 1206 2549 quos
1236 2500 1274 2534 in
1310 2512 1395 2536 arce
1419 2501 1482 2537 in-

823 2563 999 2603 venerat,
1022 2554 1198 2591 incendio
1229 2554 1425 2594 delevisse.

880 2619 1051 2677 θύρῃσι]
1094 2623 1245 2670 tabulis,
1295 2625 1481 2674 asseribus,

822 2686 863 2716 ut
884 2681 939 2725 ΙΙ,
980 2681 1045 2718 96.
1088 2680 1239 2716 Monuit
1279 2680 1482 2732 Schweig-

822 2734 993 2775 haeuser.
1055 2735 1165 2779 Quod
1185 2738 1354 2788 seqnitur
1374 2735 1482 2788 η’μύ·

822 2806 939 2830 νοντο
954 2821 963 2839 ,
998 2798 1034 2827 et
1054 2789 1091 2831 h.
1110 2793 1136 2829 l.
1159 2799 1194 2831 et
1216 2806 1296 2843 cap.
1321 2795 1373 2835 52
1388 2823 1396 2838 ‚
1419 2808 1480 2831 ac-

822 2849 948 2899 cipio:
982 2860 1120 2897 aroere,
1148 2850 1338 2900 propellere
1357 2850 1480 2890 stude-

1133 2903 1194 2945 5¹2·
