1839 3292
576 217 610 254 U
638 217 672 253 R
696 216 732 251 A
759 216 794 251 N
820 216 837 251 1
864 215 914 252 A.
969 214 1097 252 VIII.
1375 217 1460 256 189

218 328 266 372 δὲ
293 324 672 380 προσγενομένων,
701 323 930 380 κατήλπιζε
959 320 1165 372 εὐπετέως
1192 322 1269 377 τῆς
1296 321 1463 366 θαλάσ-

220 404 297 448 σης
325 392 579 448 κρατήσειν,
618 389 671 434 τά
701 406 780 444 περ
822 388 875 432 ἂν
905 390 978 432 καὶ
1006 384 1082 446 ἦν·
1114 392 1215 446 πεζῇ
1242 406 1287 433 τε
1317 389 1460 433 ἐδόκεε

214 461 376 503 πολλὸν
406 459 516 502 εἶναι
544 459 758 513 κρέσσων·
788 456 900 501 οὕτω
930 472 974 499 τε
991 458 1193 511 ἐλογίζετο
1219 453 1461 508 κατύπερθέ
1473 462 1516 496 85

187 530 266 570 4οῑ
304 527 356 569 τὰ
385 526 612 582 πρήγματα
662 526 835 568 ἔσεσθαι
880 527 969 565 τῶν
1015 522 1293 579 Ἑλληνικῶν.
1353 522 1461 578 τάχα

216 591 253 636 δ’
273 591 328 635 ἄν
357 594 428 636 καὶ
457 595 510 636 τὰ
532 591 768 649 χρηστήρια
788 591 924 634 ταῦτά
944 592 987 633 οἱ
1016 592 1232 646 προλέγοι,
1263 593 1460 646 συμβου-

216 658 400 703 λεύοντα
451 660 675 715 σύμμαχον
721 658 769 702 τὸ
805 657 1036 713 Ἀθηναῖον
1078 659 1122 701 οἷ
1164 657 1458 714 ποιήσασθαι·

218 733 330 771 τοῖσι
360 726 411 781 δὴ
441 726 700 782 πειθόμενος
729 726 895 780 ἔπεμπε.

332 819 425 859 Τοῦ
455 818 500 860 δὲ
533 813 814 871 Ἀλεξάνδρου
851 813 1010 858 τούτου
1047 814 1229 870 ἕβδομος
1271 815 1456 870 γενέτωρ
1514 805 1551 866 {³2¹
1573 804 1790 879 {ffiffgflgfflffg

213 886 452 939 Περδίκκης
484 883 588 938 ἐστὶ,
619 883 642 926 ὁ
672 883 936 940 κτησάμενος
964 886 1052 926 τῶν
1070 881 1344 927 Μακεδόνων
1373 882 1453 938 τὴν
1467 872 1770 945 9οὲζξῌῇζζξζζξξ1

1513 938 1790 999 geffiaffliffiu.

1511 1005 1791 1074 {imatus-“²‘’

1162 1102 1170 1110 ,
1206 1101 1214 1111 ‚
1515 1082 1606 1110 guum
1622 1072 1748 1109 adeptus

865 1099 1080 1138 Herodotea
1095 1102 1406 1148 omittitAlcetam,
1428 1113 1515 1136 me-

53 821 152 867 137

156 1098 391 1154 Μαρδόνιος
433 1098 664 1153 πυθόμενος
688 1123 743 1129 —-
771 1099 810 1140 ἕ-

157 1174 297 1210 πεμπε.
331 1181 378 1188 -
430 1161 486 1195 De
514 1160 693 1209 particula
732 1155 809 1207 ἄρα

159 1217 362 1266 postposita
395 1215 472 1253 vid.
502 1217 612 1251 allata
643 1214 690 1252 ad
710 1215 808 1261 VIII,

161 1274 186 1311 ὃ
209 1279 244 1307 et
266 1271 312 1307 de
328 1286 397 1308 usu
422 1273 622 1322 particulae
653 1286 693 1309 τε
710 1277 804 1308 nott.

159 1326 207 1364 ad
226 1328 323 1375 Vm,
349 1331 439 1369 188.
486 1327 547 1364 Ad
577 1328 807 1363 locutionem

161 1379 436 1435 κατύπερθε-
447 1382 606 1422 ἔσεσθαι
626 1382 806 1422 vid.nott.

162 1439 210 1476 ad
230 1440 325 1488 VIII,
341 1442 404 1480 19.

215 1493 312 1546 τάχα
330 1491 362 1534 δ’
383 1492 497 1533 ἕίν-
509 1492 709 1546 προλέγοι]
723 1492 806 1530 Vid.

159 1551 293 1587 Matth.
313 1553 378 1591 Gr.
400 1553 464 1590 Gr.
496 1553 532 1597 ξ.
551 1549 642 1598 514,
664 1554 689 1591 2
719 1563 806 1601 pag.

161 1609 254 1647 977.
275 1609 320 1644 G.
342 1610 549 1644 Hermann.
572 1608 730 1657 Opuscc.
750 1608 807 1642 A-

159 1662 268 1700 cadd.
287 1665 382 1714 IVp.
404 1664 468 1703 44.
493 1666 569 1705 169
586 1662 687 1699 1111110
709 1676 806 1714 quo-

159 1732 232 1771 que
252 1721 379 1757 locum
404 1720 523 1768 affert,
545 1719 591 1756 de
613 1733 657 1757 eo
682 1722 806 1756 Hero-

159 1775 237 1812 doti
258 1790 327 1813 usu
350 1790 508 1813 monens
525 1806 534 1824 ,
579 1790 627 1812 ex
662 1789 736 1828 quo
759 1776 805 1812 de

158 1845 198 1868 re
227 1835 435 1883 praeterita,
463 1846 557 1884 quae
577 1833 637 1869 vel
658 1832 807 1869 diutur-

157 1889 242 1925 nior
284 1891 329 1926 sit
365 1891 424 1926 vel
459 1891 605 1939 saepius
638 1891 805 1939 repetita,

157 1947 359 1994 praesentis
375 1947 583 1995 optativum
604 1946 666 1981 ille
686 1947 808 1995 ponit.

157 2002 250 2037 Mox
273 2015 360 2038 cum
386 2001 602 2051 Schweigh.
631 2009 667 2037 et
688 2002 804 2038 Gaisf.

158 2056 245 2093 dedi
257 2053 515 2108 ποιήσασθαι,
526 2059 591 2094 ubi
602 2059 704 2108 vulg.
718 2073 805 2096 ποι-

157 2111 305 2162 έεσθαι,
341 2114 443 2166 quod
481 2128 568 2151 cum
601 2114 805 2151 Schaefero

157 2171 391 2207 retinuerunt
417 2169 550 2207 Matth.
572 2178 608 2207 et
638 2169 803 2211 Bekker.

307 2227 397 2278 Cap.
420 2227 647 2264 CXXXVII.

215 2281 380 2333 ἕβδομος
401 2283 586 2335 γενέτωρ]
636 2282 720 2320 vid.
742 2285 805 2320 in-

159 2337 215 2373 fra
243 2340 339 2385 VIII,
366 2342 441 2379 139
474 2341 556 2376 coll.
584 2338 803 2391 Thucydid.

160 2395 207 2440 ΙΙ,
223 2396 288 2434 99.
316 2397 446 2433 Iustin.
468 2397 546 2443 Vll,
564 2399 601 2440 2,
623 2398 687 2447 qui
708 2399 744 2432 in
759 2410 802 2434 eo

160 2449 205 2484 ab
236 2451 424 2488 Herodoto
451 2465 471 2488 a
500 2452 678 2489 Perdicca
698 2454 805 2503 regni

158 2505 306 2541 initium
349 2510 595 2545 constituente
626 2509 803 2558 dissentit,

158 2561 261 2612 quod
300 2563 389 2599 allos
427 2572 574 2602 secutus
622 2573 802 2613 auctores,

157 2619 334 2667 primum,
369 2621 433 2670 qui
464 2623 532 2657 toti
560 2622 804 2658 Macedoniae

156 2675 414 2723 imperaverit,
481 2685 589 2714 vocat
630 2678 804 2715 Caranum

157 2731 311 2781 eiusque
330 2744 580 2769 successorem
599 2735 686 2771 facit
715 2734 806 2771 Per-

155 2786 301 2835 «liccam,
323 2788 498 2839 quintum
524 2803 613 2827 vero
643 2792 683 2827 in
711 2792 805 2828 serie

864 1165 1054 1194 moratum
1086 1171 1238 1209 quoque
1259 1157 1359 1208 apud
1380 1155 1516 1194 Theo-

862 1213 954 1263 phil.
971 1213 1148 1250 Antioch.
1164 1216 1197 1249 ΙΙ
1218 1229 1254 1264 p.
1276 1217 1340 1261 98,
1370 1214 1437 1250 ubi
1454 1221 1516 1250 ta-

863 1283 952 1306 men
972 1272 1106 1318 Argaez'
1126 1270 1228 1306 deest
1242 1271 1398 1307 mentio.
1439 1271 1516 1307 Ca-

863 1339 974 1362 ranus
1005 1328 1107 1361 enim
1137 1333 1173 1362 et
1200 1328 1278 1376 ipse
1300 1326 1516 1364 Temenida

860 1382 974 1418 fuisse
993 1382 1131 1429 fertur,
1163 1384 1226 1432 qui
1249 1382 1431 1419 Edessam
1451 1397 1518 1420 ce·-

862 1439 917 1488 pit
947 1450 1106 1488 eamque
1126 1439 1251 1487 Aegas
1272 1441 1433 1487 vocavit,
1454 1454 1517 1476 se-

865 1493 952 1529 dem
990 1494 1079 1529 inde
1111 1495 1352 1530 constitutam
1379 1508 1515 1545 regum

861 1549 1127 1597 Macedoniae3
1167 1549 1269 1586 unde
1290 1564 1378 1587 cum
1412 1550 1515 1588 hisce

861 1606 996 1643 fabulis
1048 1606 1301 1658 Macedonicis
1355 1608 1516 1657 Argivas

864 1676 1014 1715 quoque
1036 1664 1214 1699 coaluisse
1244 1664 1386 1700 fabulas
1407 1666 1515 1714 ponit

862 1720 904 1756 C.
927 1722 969 1757 Ο.
990 1720 1141 1757 Miiller.
1159 1721 1282 1756 Ueber
1292 1719 1515 1758 d.Macedd.

861 1790 898 1826 p.
921 1777 986 1821 25,
1010 1777 1074 1827 qui
1093 1775 1194 1812 idem
1214 1791 1249 1827 p.
1281 1776 1330 1816 51
1355 1785 1513 1814 conten-

863 1831 916 1868 dit
954 1831 1191 1878 Macedones,
1227 1846 1320 1884 quos
1340 1834 1512 1884 Illyricae

863 1890 1015 1938 originis
1046 1902 1123 1925 esse
1142 1890 1221 1925 vult
1252 1890 1328 1938 (cf.
1361 1891 1387 1926 1.
1422 1892 1448 1927 1.
1475 1905 1513 1941 p.

863 1944 1035 1985 37-49,
1065 1947 1154 1983 Dor.
1179 1947 1195 1980 I
1216 1960 1251 1996 p.
1275 1947 1327 1993 2),
1355 1960 1516 1983 01111150-

860 2002 937 2038 mel
958 2003 1243 2051 esuperioribus
1272 2003 1383 2050 locis,
1417 2016 1515 2054 quae

859 2059 1032 2107 primitus
1052 2061 1264 2105 tenuerint,
1305 2058 1513 2095 descende-

860 2115 956 2161 rint,
987 2115 1159 2163 proxime
1197 2127 1397 2164 occupasse
1436 2122 1515 2151 ter-

860 2183 940 2206 rain
963 2170 1158 2221 Phrygum
1180 2172 1391 2207 vicinorum
1405 2201 1414 2218 ‚
1448 2172 1514 2223 qui

861 2226 908 2262 ad
928 2228 1126 2262 Bel-mium
1146 2229 1349 2278 antiquitus
1380 2241 1516 2264 conse-

861 2282 1001 2331 derint,
1044 2284 1108 2319 ubi
1139 2283 1284 2328 Midae,
1316 2283 1515 2335 Phrygum

860 2341 970 2390 regis,
990 2339 1100 2387 horti,
1123 2341 1161 2375 in
1184 2341 1317 2391 quibus
1337 2342 1428 2377 olim
1449 2341 1514 2377 Si-

859 2397 968 2433 lenus
989 2404 1116 2447 captus
1138 2396 1342 2433 dicebatur.
1383 2398 1439 2433 Ac
1455 2397 1514 2433 la-

861 2454 909 2489 cit
930 2451 1018 2500 huc,
1041 2453 1143 2504 quod
1163 2454 1306 2500 V11,73
1328 2460 1512 2502 narratur,

859 2508 1031 2561 Phryges
1052 2511 1142 2545 olim
1157 2508 1409 2545 Macedonum
1421 2510 1516 2546 fuis-

859 2579 899 2602 se
938 2566 1082 2602 accolas
1115 2564 1280 2616 indeque
1317 2566 1356 2601 in
1383 2567 1514 2603 Asiam

861 2635 939 2658 esse
969 2628 1227 2670 transgressos.
1295 2623 1343 2658 Ut
1363 2621 1410 2658 ad
1433 2625 1514 2659 He-
1552 2638 1556 2643 ·

862 2677 985 2714 rodoti
1004 2678 1132 2713 locum
1153 2685 1329 2725 revertar,
1349 2681 1513 2728 septimus

860 2735 913 2769 ibi
941 2733 1076 2769 dicitur
1103 2733 1300 2771 Perdiccas
1326 2748 1370 2771 eo
1394 2737 1516 2771 Grae-

862 2803 994 2827 corum
1009 2802 1128 2839 more,
1157 2803 1233 2842 quo
1252 2798 1517 2843 patersemper
