1839 3292
58 604 124 650 54

58 1192 123 1240 55

579 214 929 250 URANIA.
986 213 1114 250 VIII.

1403 219 1456 257 71

195 324 399 377 Περσέων
438 323 481 365 οἱ
518 318 845 378 ἀναβεβηκότες,
884 323 1061 375 πρῶτον
1106 320 1186 374 μὲν
1214 320 1456 374 ἐτράποντο

193 392 300 444 πρὸς
330 390 406 440 τὰς
435 388 596 439 πύλας·
629 388 787 439 ταύτας
818 388 862 431 δὲ
885 387 1145 440 ἀνοίξαντες,
1184 388 1285 438 τούς
1316 388 1458 439 ἱκέτας

197 460 410 514 ἐφόνευον
425 472 433 481 ·

195 526 294 582 ἱρὸν
325 525 604 581 συλήσαντες,
637 523 878 578 ἐνέπρησαν
907 527 1053 566 πᾶσαν
1081 522 1161 578 τήν
1191 522 1446 578 ἀκρόπολιν.

306 592 437 647 Σχών
467 592 512 633 δὲ
542 591 782 640 παντελέως
811 589 887 640 τοὶς
905 589 1095 646 Ἀθήνας
1125 590 1306 646 Ξέρξης,
1354 590 1453 634 οἷπέ-

192 668 332 715 πεμψε
346 661 387 710 ἐς
398 662 554 702 Σοῦσα
575 656 756 713 ἄγγελον
781 657 924 708 ἷππέα,
942 657 1194 715 Ἀρταβάνῳ
1227 657 1450 713 α’γγελέον-

170 735 252 771 2τά
281 729 359 783 τὴν
388 725 640 780 παρεοῦσάν
661 738 736 780 σφι
761 724 1005 781 εὐπρηξίην.
1060 722 1164 768 Ἀπὸ
1194 725 1238 768 δὲ
1258 730 1334 781 τῆς
1351 724 1455 780 πέμ-

191 803 291 848 ψιος
320 798 402 837 τοῦ
431 793 619 849 κήρυκος
649 794 826 849 δευτέρῃ
858 792 994 850 ἡμέρῃ
1027 793 1294 848 συγκαλέσας
1329 790 1453 848 Ἀθη·
1466 798 1510 833 85

189 863 326 906 ναίων
366 861 469 912 τοὺς
499 862 712 917 φυγοὶδας,
744 861 891 917 ἑωυτῷ
923 863 968 905 δὲ
998 860 1253 917 ἑπομένους,
1285 859 1453 903 ἐκέλευε

188 930 334 986 τρόπῳ
375 933 437 987 τῷ
477 929 667 985 σφετέρῳ
712 934 850 973 θῦσαι
891 928 943 972 τὰ
987 929 1079 983 ἷρά,
1127 927 1373 982 ἀναβάντας
1412 928 1454 978 ές

189 998 266 1054 τὴν
295 996 557 1049 ἀκρόπολιν·
608 1000 648 1041 εἴ
684 1013 728 1041 τε
767 997 820 1053 δὴ
860 992 922 1040 ὦν
950 996 1053 1048 ὄψιν
1080 995 1179 1038 τινὰ
1221 994 1329 1039 ἰδών
1359 994 1453 1037 {vv-

187 1067 318 1109 πνίου
345 1065 578 1108 ἐνετέλλετο
599 1069 748 1116 ταῦτα,
772 1066 812 1107 εἴ
838 1080 881 1107 τε
909 1065 983 1107 καὶ
1004 1062 1216 1119 ἐνθύμιόν
1246 1065 1290 1106 οἱ
1319 1062 1453 1117 ἐγένε-

830 1133 873 1174 οῑ
908 1132 954 1175 δὲ
984 1131 1175 1187 φυγάδες
1212 1135 1300 1174 τῶν
1328 1129 1508 1186 Ἀθη-90

160 1141 241 1177 3το
272 1132 538 1188 ἐμπρήσαντι
571 1132 619 1176 τό
660 1131 769 1186 ἱρόν.

190 1202 328 1245 ναίων
365 1201 574 1256 ἐποίησαν
619 1199 672 1242 τά
712 1199 1007 1254 ἐντεταλμένα.

188 1269 357 1312 τούτων
387 1268 676 1325 ἐπεμνήσθην,
726 1266 896 1321 φράσω.

1072 1203 1162 1242 Τοῦ
1201 1199 1247 1242 δὲ
1287 1199 1448 1241 εἵνεκεν

964 1268 1052 1310 ἔστι
1071 1267 1119 1310 έν
1149 1270 1200 1323 τῇ
1236 1265 1449 1321 ἀκροπόλι

188 1336 322 1392 ταύτῃ
348 1335 567 1392 Ἐρεχθέος
593 1339 673 1380 τοῦ
701 1335 903 1391 γηγενέος
931 1335 1168 1391 λεγομένου
1198 1332 1308 1378 εἶναι
1326 1332 1450 1390 νηός,

130 1570 206 1602 ster
224 1563 278 1612 V,
299 1566 354 1604 72
376 1562 471 1600 dixit
489 1562 531 1602 τό
549 1559 698 1602 ἄδυτον
717 1565 790 1613 τῆς

130 1622 244 1659 θεοῦ.
278 1640 325 1647 -
373 1622 418 1656 In
448 1632 554 1670 seqq.
594 1632 661 1669 pro
695 1617 789 1666 τούς

132 1675 262 1722 ἱκέτας
312 1676 404 1713 olim
454 1678 635 1726 scriptum
674 1676 787 1712 fuisse

130 1730 224 1779 τούς
254 1731 362 1782 ἱρέας
391 1733 620 1780 (sacerdotes)
650 1746 670 1768 e
692 1734 788 1769 Cor-

129 1790 206 1826 nel.
234 1791 369 1839 Nepot.
392 1788 640 1826 Themistocl.
668 1788 693 1829 4
723 1803 791 1826 su-

129 1847 282 1896 spiceris
301 1846 410 1893 licet3
453 1848 523 1882 nisi
554 1847 626 1881 alio
657 1859 788 1895 porsus

131 1916 153 1939 e
172 1903 277 1940 fonte
294 1903 518 1939 Corneliana
538 1902 730 1940 fluxexint.

187 2012 272 2054 ἐπεὶ
302 2013 344 2053 δέ
381 2026 453 2063 σφι
487 2009 635 2060 πάντες
676 2011 789 2053 κατέ-

132 2071 320 2122 στρωντο]
355 2072 380 2109 i.
415 2084 447 2107 e.
470 2072 532 2107 ubi
562 2074 664 2107 erant
700 2084 788 2120 pro-

132 2129 254 2166 strati.
313 2126 421 2163 Idem
451 2128 610 2163 verbum
649 2127 787 2163 eodem

129 2197 240 2220 sensu
259 2185 337 2231 IX,
356 2186 420 2224 69.
438 2186 503 2224 76.
524 2183 678 2222 Diodor.
702 2184 786 2231 XV,

130 2242 196 2281 80.
210 2241 323 2287 XIX,
344 2241 675 2284 108.P011u0.1X,
695 2240 785 2287 153,

130 2298 197 2347 qui
253 2298 407 2347 exponit
459 2292 674 2351 οἷνῄρηντο.
742 2298 786 2332 In

133 2353 213 2402 ipsa
236 2354 451 2389 narratione
481 2354 612 2390 leviter
637 2360 787 2389 tantum

135 2409 181 2444 ab
211 2409 404 2446 Herodoto
442 2408 626 2460 discrepat
648 2411 786 2446 Ctesias

133 2465 254 2502 Perss.
276 2467 310 2511 ᾗ.
324 2465 388 2512 25,
426 2466 492 2502 ubi
508 2469 677 2503 Xerxem
697 2479 789 2502 nar-

135 2527 192 2556 rat
203 2522 321 2571 ipsam
335 2523 464 2558 urbem
475 2525 615 2574 cepisse
628 2536 798 2569 vacuam>

132 2589 296 2628 eamque
343 2579 571 2628 incendisse,
631 2586 790 2629 excepta

134 2646 240 2681 arce,
281 2635 321 2669 in
348 2635 422 2685 qu&
454 2637 629 2672 nonnulli
667 2635 791 2673 Athe-

136 2690 283 2726 nienses
296 2689 459 2728 derelicti
471 2694 687 2743 pugnarint3
703 2693 790 2744 qui-

136 2746 205 2782 bus
226 2753 337 2783 nocte
348 2747 526 2798 profugis,
547 2763 674 2786 arcem
696 2761 790 2801 quo-

137 2815 211 2855 que
241 2816 319 2841 esse
345 2805 593 2843 combustam.

1067 1540 1157 1590 cap.
1179 1540 1276 1577 mv.

901 1614 1163 1671 ἀγγελέοντα]
1202 1620 1259 1655 Ita
1305 1630 1325 1653 e
1356 1614 1506 1655 duobus

844 1674 955 1712 codd.
996 1688 1063 1726 pro
1104 1676 1209 1725 vulg.
1252 1669 1504 1727 ἆγγελλέοντο

841 1739 943 1768 recte
969 1731 1072 1768 dedit
1092 1731 1342 1770 Valckenaer.
1372 1730 1506 1767 confe-

846 1803 932 1825 rens
962 1788 1137 1839 Euripid‚
1168 1788 1364 1825 Phoeniss.
1406 1789 1506 1828 777.

849 1848 968 1886 1082.
1007 1847 1065 1881 De
1094 1846 1276 1882 Artabano
1305 1844 1409 1881 Susis
1442 1857 1505 1880 re-

843 1902 932 1938 licto
961 1915 981 1938 a
1015 1904 1145 1938 Xerxe
1186 1901 1262 1939 vid.
1300 1902 1391 1949 VII,
1435 1899 1504 1940 52.

845 1958 912 1999 53.
970 1958 1032 1995 Ad
1054 1972 1163 1996 voces
1191 1954 1273 1997 οἷπδ
1306 1959 1378 2008 τῆς
1407 1955 1504 2007 πέμ-

844 2023 942 2065 ψιος
971 2015 1071 2053 conf.
1090 2022 1183 2052 nott.
1205 2013 1253 2051 ad
1273 2015 1361 2061 Vll,
1380 2012 1447 2053 51.

901 2069 1000 2119 ὄψιν
1039 2069 1126 2110 nvo}
1160 2068 1259 2110 ἰδών
1290 2068 1503 2116 ἐνυπνίου]

844 2127 954 2173 Quod
985 2129 1074 2165 olim
1106 2129 1187 2180 quis
1223 2128 1382 2164 coniecit
1405 2122 1504 2164 ἰδών

844 2183 895 2224 ἐν
934 2180 1101 2237 ὕπνῳ,
1141 2192 1183 2221 ut
1211 2186 1346 2220 Noster
1375 2182 1504 2233 loqui-

841 2248 904 2277 tur
923 2242 996 2289 Ill,
1033 2245 1101 2281 30.
1136 2240 1208 2287 65,
1262 2239 1302 2276 id
1341 2240 1504 2274 minime

841 2297 993 2335 videtur
1012 2299 1279 2334 necessarium.
1319 2295 1404 2333 Vid.
1418 2295 1501 2342 VII,

846 2357 909 2395 18.
931 2354 998 2395 47.
1055 2353 1117 2390 Ad
1145 2354 1351 2390 formulam
1374 2346 1502 2390 ἐνθύ-

843 2406 936 2460 μιόν
957 2411 998 2450 οἱ
1024 2409 1173 2463 ἐγένετο
1201 2409 1304 2447 conf.
1334 2414 1432 2446 nott.
1452 2405 1501 2444 ad

843 2469 898 2516 Π,
924 2467 1016 2508 175.

1074 2555 1167 2605 Cap.
1189 2553 1267 2592 LV.

898 2629 1102 2685 Ἐρεχθέος
1127 2634 1199 2672 τοῦ
1226 2627 1410 2683 γηγενέος
1438 2631 1502 2670 λε·

844 2689 1015 2743 γομένου
1038 2686 1139 2728 εἶναι
1162 2687 1278 2740 νηός]
1297 2683 1503 2740 Ἐρεχθέος

847 2746 935 2784 dedi
960 2759 1027 2796 pro
1059 2740 1298 2797 Ἐρεχθῆος,
1354 2752 1396 2781 ut
1421 2743 1504 2789 VlI,

849 2805 943 2845 189.
963 2801 1211 2853 Erechtheus,
1226 2803 1370 2855 priscus
1382 2797 1506 2837 Athe-

1503 1232 1556 1251 Cra

1505 1258 1573 1287 olea
1586 1259 1738 1288 obtulerit.

494 457 582 499 ἐπεὶ
632 457 677 499 δέ
720 469 798 510 σφι
844 455 1003 506 πάντες
1047 454 1364 509 κατέστρωντο,
1403 457 1452 500 'co'
1468 463 1514 497 80

1507 578 1664 606 Exsulibus
1681 580 1722 607 ibt
1735 580 1786 611 di·

1529 616 1584 646 ost,
1609 613 1705 641 Xerxe
1721 614 1767 642 iu-

1527 651 1604 681 ειιιε,
1613 647 1783 677 sacrifican-

1507 679 1600 715 tibus,

1612 1191 1725 1232 ,ox-tenti
1734 1199 1782 1221 na·

1610 1233 1733 1254 lnervae

1508 1190 1578 1226 qnid
