1839 3292
486 248 958 286 CALLIOPE.

1016 248 1093 285 IX.
1327 251 1410 292 257

159 363 281 417 φοῖσι
322 357 416 412 περὶ
459 356 622 412 γόνου,
670 353 865 411 ἆνεῖλεὴ
903 357 1073 412 Πυθίη,
1105 354 1279 410 άγῶνας
1307 356 1411 408 τούς

155 427 381 485 μεγίστους
411 422 723 481 ἀναιρήσεσθαι
753 422 889 466 πέντε.

948 422 972 467 ὁ
1013 423 1093 480 μὲν
1122 423 1174 480 δή
1205 423 1411 479 ἁμαρτών

154 497 235 537 τοῦ
273 494 559 549 χρηστηρίου,
599 495 794 545 προσεῖχε
824 493 1114 545 γυμνασίοισι,
1146 490 1204 542 ὠς
1234 491 1412 547 ἀναιρη-

124 559 342 616 4σόμενος
368 558 608 617 γυμνικούς
634 557 818 613 ἀγῶνας.
863 555 1031 601 ἀσκέων
1059 561 1105 603 δὲ
1134 559 1414 612 πεντάεθλον,

155 629 275 685 παρά
303 631 353 673 ἓν
379 627 600 684 πάλαισμα
629 626 787 681 ἔδραμε
818 627 948 669 νικᾶν
978 624 1249 682 ὀλυμπιάδα,
1275 627 1414 686 Ἱερωῐ
1427 636 1469 670 1ο

99 843 223 898 γόνου
255 845 357 898 quod
391 852 608 896 suspectum
637 845 757 884 videri

99 916 208 953 posse
230 902 334 940 addit
359 901 754 953 Schweighaeuserus‚

99 960 254 1007 mirans,
281 958 385 1011 quod
413 958 460 995 de
485 959 583 1009 prole
617 972 757 997 consu-

98 1015 193 1052 lenti
213 1017 410 1052 oraculum
428 1014 525 1052 nihil
545 1016 630 1063 tale,
653 1015 757 1068 quod

100 1071 148 1108 ad
173 1072 320 1122 prolem
354 1073 529 1122 proxime
558 1074 756 1123 pertineat,

100 1128 347 1179 responderit,
370 1127 583 1165 notandum
604 1136 669 1177 est,
710 1131 757 1166 ab

99 1184 294 1222 Herodoto
323 1198 401 1221 non
422 1198 537 1221 omne
558 1185 682 1221 afferri
701 1187 759 1222 A-

102 1242 255 1292 pollinis
263 1254 498 1292 responsum,
509 1241 576 1278 sed
589 1241 626 1278 id
639 1255 759 1279 unum

101 1296 192 1333 inde
213 1299 518 1345 commemorari,
551 1297 653 1350 quod
673 1312 759 1335 ma-

100 1354 208 1390 xime
249 1353 466 1391 advertebat
513 1367 556 1390 ac
605 1356 759 1392 tenebat

102 1411 336 1460 scriptorem.
351 1432 407 1438 ——
428 1411 471 1446 In
483 1423 588 1462 seqq.
608 1410 656 1447 ad
672 1425 760 1448 ver-

102 1466 196 1502 bum
217 1462 509 1517 άναιρήσεσθοιι
540 1467 641 1504 conf.
662 1475 757 1506 nott.

103 1521 151 1559 ad
180 1522 604 1569 V,102.Formu1ae
632 1521 760 1575 ἆμαρ-

102 1574 236 1618 τάνειν
271 1593 344 1617 του
386 1591 560 1630 χρησμου
594 1579 763 1629 (oraculi

103 1646 237 1672 sensum
275 1647 343 1672 non
374 1637 516 1684 assequi
551 1642 593 1672 ut
622 1637 660 1684 Ι,
690 1640 758 1677 71.

101 1691 165 1739 IV,
192 1691 298 1740 164)
333 1693 536 1742 opponitur
583 1691 761 1733 συνιέναι

101 1749 176 1786 τοῦ
196 1750 376 1799 χρησμοῦ
402 1747 504 1798 apud
518 1750 761 1800 Pausan.III,

105 1806 155 1844 11
186 1804 222 1848 §.
245 1806 282 1844 6.
306 1823 362 1832 --
417 1806 632 1842 Articulum
660 1811 761 1846 τοῖσι

103 1866 190 1896 aute
218 1859 494 1911 γυμνασίοισι,
542 1875 657 1913 quem
677 1871 762 1914 post

104 1914 354 1953 Schaeferum
374 1918 696 1967 tenuitMatthiae‚
724 1934 760 1956 e-

105 1970 260 2024 quidem
271 1973 389 2009 abieci
400 1987 487 2010 cum
496 1976 648 2027 reliquis
661 1975 760 2024 edd„

104 2041 226 2081 quum
246 2042 268 2065 a
283 2030 499 2067 Florentino
521 2032 677 2084 aliisque
697 2034 761 2069 ille

103 2085 211 2123 absit.
222 2085 348 2122 —Ad
369 2099 505 2124 vocem
515 2085 762 2129 πεντάεθλον

103 2141 204 2179 conf.
225 2141 296 2190 VI,
328 2144 382 2184 92
410 2144 539 2210 ibique
562 2145 684 2184 allata.

158 2212 269 2265 παρα
300 2198 346 2237 ἐν
380 2195 584 2265 πάλαισμα
619 2201 762 2253 ἔδραμε

104 2255 221 2293 νικᾶν
246 2249 502 2306 ὄλυμπιάδα]
535 2259 560 2297 i.
584 2271 616 2296 e.
636 2272 758 2309 repor-

105 2311 213 2347 tasset
231 2312 409 2349 victoriam
433 2313 492 2350 Ol
479 2327 663 2365 Jmpzcam
689 2317 761 2352 m'si

106 2377 211 2402 unum
243 2366 357 2404 luctae
378 2382 431 2405 ce]
434 2373 547 2408 tamen
571 2372 759 2409 obstitisset

107 2433 134 2457 s.
157 2423 229 2458 nisi
252 2422 329 2460 unct
355 2424 453 2463 lucta
476 2427 520 2463 ab
547 2427 759 2480 Hzerongsmo

102 2467 234 2526 suisset
273 2485 473 2529 supewatus.
529 2485 679 2522 Monuit
714 2484 761 2521 de

107 2545 179 2569 usu
200 2534 305 2570 verbi
324 2535 470 2586 τρέχειν
490 2529 536 2591 G.
551 2542 761 2581 Hermann.

107 2587 156 2624 ad
176 2588 301 2638 Viger.
327 2604 366 2641 Ρ.
385 2595 507 2634 702.’
527 2598 761 2648 Praepositio

106 2644 147 2680 in
162 2645 298 2683 talibus
317 2648 398 2684 vim
416 2647 529 2688 habet
551 2654 762 2691 excluden-

107 2699 158 2749 di,
188 2702 287 2738 bene
325 2711 481 2742 notante
505 2709 637 2747 Wessc
629 2712 761 2761 lingio

107 2764 144 2794 et
188 2757 476 2810 Valckenaerio,
524 2767 590 2816 qui
615 2766 661 2803 de
688 2766 762 2805 hoc

106 2827 177 2850 usu
200 2816 366 2852 excitant
378 2817 588 2861 Casaubon.
602 2823 649 2860 ad
659 2824 762 2862 Stra-

161 2871 384 2910 HzstonoT.
413 2875 478 2912 lv.

813 847 903 883 bon.
924 847 962 882 X
979 859 1018 896 Ρ.
1038 848 1120 886 700
1139 859 1168 882 s-
1189 844 1284 887 456.
1323 849 1469 885 Demo-

811 901 934 940 stlien.
964 903 1005 939 in
1032 902 1211 942 Aristocr.
1241 917 1280 954 p.
1311 906 1387 944 331
1415 906 1469 955 [Ρ.

813 961 907 1008 688,
935 962 988 1000 26
1020 959 1091 1006 R]
1123 961 1217 996 Isae.
1245 974 1284 1011 Ρ.
1320 961 1387 1008 41,
1418 964 1470 1002 ὃὸ

815 1017 871 1066 [Ρ.
892 1015 945 1055 40
966 1016 1030 1063 R.]
1053 1016 1124 1051 Dio
1147 1014 1339 1068 Chrysost.
1360 1019 1416 1053 IX
1433 1032 1471 1068 p.

819 1071 891 1111 141
915 1073 962 1110 D.
985 1073 1070 1110 coll.
1093 1071 1229 1110 Matth.
1258 1075 1322 1111 Gr.
1346 1075 1410 1110 Gr.
1433 1076 1471 1120 ξ.

814 1128 892 1167 588
913 1142 952 1179 Ρ.
977 1126 1095 1168 1174·
1154 1130 1219 1166 Tu
1246 1129 1332 1167 vide
1352 1133 1471 1181 potis-

812 1185 953 1220 simum
973 1185 1182 1221 Pausaniae
1202 1187 1227 1223 l.
1249 1186 1274 1223 l.
1297 1187 1472 1224 Herodo-

813 1246 874 1276 tea
914 1242 1178 1291 explanantis:
1210 1256 1287 1294 quo
1312 1257 1360 1280 ex
1386 1245 1472 1282 loco

813 1297 926 1333 simul
947 1298 1135 1346 diScimus‚
1161 1300 1411 1336 Tisamenum
1433 1302 1473 1337 in

815 1366 921 1390 cursu
941 1362 978 1390 et
1005 1355 1102 1391 saltu
1138 1356 1319 1392 victorem
1342 1358 1473 1402 fuisse,

815 1410 854 1445 in
869 1410 964 1446 lucta
985 1411 1237 1449 succubuisse.
1270 1413 1347 1450 Sed
1361 1416 1474 1465 quin-

815 1468 1007 1517 quertium
1020 1480 1107 1503 cum
1119 1469 1288 1520 quinque
1302 1471 1474 1520 comple-

815 1529 979 1559 cteretur
1017 1526 1269 1561 certaminum
1309 1538 1472 1576 genera:

815 1580 972 1627 saltum,
1004 1578 1161 1627 discum,
1191 1582 1474 1631 iaculatIOnem,

818 1649 982 1685 cursum,
1014 1637 1154 1673 luctam
1191 1638 1258 1688 (de
1285 1652 1361 1691 quo
1396 1639 1476 1678 vid.

817 1691 984 1744 Philipp.
1005 1695 1062 1729 De
1085 1695 1287 1732 Pentathlo
1303 1710 1331 1733 s.
1354 1697 1478 1740 Quin-

818 1753 964 1801 quertio
992 1751 1159 1787 Berolin.
1184 1755 1291 1793 1827
1312 1766 1399 1803 pag.
1423 1756 1475 1794 27

817 1819 896 1857 seq.
917 1804 1013 1857 87);
1044 1808 1126 1843 iure
1147 1821 1305 1859 quaeras
1327 1809 1373 1845 de
1384 1810 1476 1846 duo-

817 1863 887 1900 bus
904 1861 964 1899 hic
976 1866 1244 1914 praetermissis
1259 1868 1476 1915 generibus,

818 1918 866 1956 de
895 1920 1017 1956 iaculo
1040 1928 1076 1957 et
1097 1920 1211 1959 disco.
1256 1922 1476 1960 Boeckhius

816 1983 1021 2028 utrumque
1038 1976 1219 2014 athletam
1239 1992 1370 2029 parem
1382 1982 1477 2017 fuis-

816 2046 856 2070 se
895 2033 1106 2081 arbitratur,
1147 2034 1241 2072 adeo
1274 2043 1316 2072 ut
1342 2044 1478 2076 neuter

816 2102 886 2141 pro
907 2091 1049 2126 victore
1066 2089 1198 2127 haberi
1217 2094 1394 2142 potuerit,
1428 2094 1476 2132 G.

817 2148 1059 2183 Hermanuus
1099 2148 1353 2185 Tisamenum
1372 2156 1479 2185 utro-

818 2216 893 2255 que
923 2204 1129 2240 certamine
1158 2207 1392 2255 superiorem
1421 2213 1480 2243 at-

815 2273 888 2311 que
920 2261 1103 2296 victorem
1160 2262 1366 2299 discessisse
1405 2276 1479 2313 po-

812 2318 881 2353 nit.
940 2317 1023 2361 Quo
1039 2318 1188 2366 rectius,
1205 2319 1352 2369 opinor,
1383 2318 1478 2355 Phi—

814 2374 904 2424 lipp.
935 2373 960 2410 l.
989 2374 1014 2410 l.
1045 2387 1083 2424 Ρ.
1119 2375 1196 2416 105
1224 2376 1478 2412 Tisamemun

816 2431 945 2467 statuit
979 2437 1143 2482 utroque
1173 2434 1381 2480 certamine
1421 2434 1479 2469 vi·-

817 2494 920 2523 ctum
942 2487 1087 2525 abiisse.
1147 2488 1226 2525 Sed
1255 2488 1351 2525 illud
1380 2489 1478 2525 bene

817 2542 912 2579 mihi
933 2544 1130 2580 observare
1149 2543 1299 2582 videtur
1315 2547 1362 2582 G.
1384 2547 1478 2582 Her·

817 2612 948 2636 mann.
977 2601 1156 2650 (Opuscc.
1188 2601 1338 2638 Acadd.
1368 2604 1422 2638 111
1437 2617 1476 2653 p.

818 2659 872 2697 29
902 2669 932 2692 s.
961 2658 1018 2692 De
1041 2657 1216 2706 Sosigen.
1237 2659 1412 2709 Aeginet.
1437 2674 1475 2710 p.

820 2714 877 2762 9),
893 2711 966 2748 hoc
978 2707 1254 2751 Herodotilooo
1272 2717 1358 2753 satis
1370 2730 1479 2752 com-

817 2769 982 2820 probati,
1021 2770 1144 2818 illum,
1177 2772 1243 2823 qui
1278 2773 1319 2808 in
1353 2774 1477 2824 aliqua

819 2826 1052 2877 quinquertii
1072 2833 1178 2878 parte
1197 2829 1317 2867 victus
1337 2828 1478 2877 suisset,

1162 2888 1212 2925 17
