1839 3292
596 264 935 304 URANIA.
996 264 1125 301 VIII.
1455 268 1483 305 3

218 375 290 420 καὶ
312 373 543 423 Χαλκιδέες
574 372 793 429 ἐπλήρουν
813 373 961 425 εἴκοσι,
1010 371 1257 428 Ἀθηναίων
1287 384 1366 428 σφι
1401 374 1483 416 ata-

222 442 438 497 ρεχόντων
468 441 542 492 τοὶς
558 442 677 492 νέας·
707 442 937 496 Αἰγινῆται
968 441 1025 491 δὲ,
1057 438 1376 483 ὀκτωκαίδεκα·
1406 444 1483 483 Σι-

218 508 403 552 κυώνιοι
447 510 512 561 δὲ,
570 510 792 553 δυώδεκα·
843 507 1186 561 Λακεδαιμόνιοι
1233 507 1305 560 δὲ,
1352 509 1480 551 δέκα·

211 575 482 631 Ἐπιδαύριοι
512 577 570 627 δὲ,
601 575 738 620 ὄκτω·
776 575 1005 629 Ἐρετριέες
1035 575 1092 626 δὲ,
1124 573 1254 618 ἑπτά·
1303 575 1481 631 Τροιζή-
1601 632 1604 638 ¹

216 662 303 688 νιοι
342 645 410 695 δὲ,
447 644 594 688 πέντε·
637 644 826 698 Στυρέες
857 644 922 695 δὲ,
956 643 1063 687 δύο·
1109 644 1183 687 καὶ
1214 646 1361 694 Κεῖοι,
1392 642 1474 687 δύο
1533 650 1614 690 620

216 730 259 756 τε
287 714 400 762 νέας,
430 714 502 755 καὶ
523 712 895 768 πεντηκοντέρους
916 710 1022 755 δύο·
1053 711 1219 764 Λοκροὶ
1250 711 1295 754 δέ
1327 724 1405 766 σφι
1437 712 1535 754 οῑ15

216 780 466 821 Ὀπούντιοι
488 780 746 835 έπεβσόθεον,
775 778 1145 835 πεντηκοντέρους
1166 779 1336 834 ἔχοντες
1360 776 1478 821 ἑπτά.

128 853 157 896 2
208 842 349 890 Ἦσαν
382 847 462 902 μὲν
492 841 554 890 ὦν
584 842 709 891 οὗτοι
749 848 793 890 οἱ
822 847 1160 903 στρατευόμενοι
1192 845 1255 890 ἐπ’
1290 844 1480 900 Ἀρτεμί-

213 927 332 958 σιον·
387 917 553 971 εἴρηται
594 917 639 958 δέ
675 933 752 972 μοι
791 917 865 959 καὶ
915 915 973 967 ὥς
1009 915 1058 958 τό
1100 919 1270 971 πλῆθος
1306 914 1480 958 ἕκαστοι

183 987 300 1026 Ξτών
329 987 443 1025 νεῶν
471 985 742 1038 παρείχοντο.
811 982 1008 1040 ἀριθμός
1038 985 1084 1027 δὲ
1112 987 1200 1027 τῶν
1231 987 1477 1038 συλλεχθει-

210 1052 324 1094 σέων
343 1054 458 1094 νεῶν
488 1048 552 1094 ἐπ’
579 1051 846 1108 Ἀρτεμίσιον
873 1049 944 1110 ἦν,
975 1051 1110 1108 πάρεξ
1138 1054 1227 1095 τοῖν
1246 1067 1477 1106 πεντηκον-

1537 840 1687 869 Numerus
1721 850 1774 870 na-

1536 875 1616 902 vium
1652 875 1690 902 ad
1726 878 1813 903 Arte-

1536 909 1654 936 misium
1670 910 1811 936 conecta-

1537 952 1612 969 rum.
1649 943 1787 970 Summus

1489 984 1639 1023 QOearum
1678 978 1795 1012 praese-

1535 1014 1609 1047 ctus,
1624 1011 1811 1046 Eurybiades

1536 1044 1700 1080 Spaniam.

868 1225 971 1261 mala
1006 1223 1195 1261 scribendi
1230 1225 1378 1261 ratione
1407 1230 1530 1260 ortam

154 1231 242 1262 runt
262 1238 389 1271 naves,
413 1237 536 1275 eoque
555 1224 669 1260 simul
688 1223 812 1262 Athe-

870 1295 948 1318 esse
968 1282 1066 1317 bene
1085 1287 1218 1317 monet
1232 1280 1446 1317 Bro'ndsted
1465 1282 1534 1317 Iti-

152 1283 343 1318 niensium
355 1280 476 1318 studia
489 1282 719 1318 extulerunt.
730 1284 813 1318 Mo-

153 1340 237 1374 nuit
260 1337 512 1375 Valckeuaer.
542 1337 701 1373 laudans
729 1340 812 1374 Iso—

155 1401 244 1431 crat.
281 1396 322 1430 in
359 1392 570 1430 Panathen.
609 1406 698 1444 pag.
729 1393 812 1434 242

153 1464 232 1501 seq.
258 1451 359 1500 [cap.
384 1452 433 1489 16
454 1450 554 1500 seq.]

204 1503 436 1551 Ἀθηναίων
452 1518 523 1555 σφι
535 1501 809 1556 παρεχόντων]

151 1564 207 1600 Ita
228 1577 248 1599 e
268 1563 488 1599 Florentino
519 1561 608 1598 dedi
638 1575 728 1598 cum
748 1576 811 1599 re-

152 1627 265 1658 centt.
278 1619 364 1656 edd.
377 1633 444 1670 pro
458 1615 708 1670 παρεχόντων
721 1631 808 1669 σφι,

151 1676 255 1728 quod
271 1684 399 1713 tuetur
412 1675 607 1724 Matthiae,
625 1677 690 1728 qui
706 1675 810 1712 idem

150 1747 239 1770 cum
259 1732 439 1770 Bekkero
469 1746 563 1770 mox
589 1739 694 1770 tenet
715 1734 811 1772 δυο-

149 1791 335 1838 καίδεκα,
379 1789 483 1842 quod
512 1789 691 1841 equidem
721 1803 811 1826 cum

152 1848 231 1884 aliis
254 1861 273 1883 e
295 1847 443 1885 duobus
466 1846 578 1884 codd.
602 1848 749 1884 mutavi
769 1848 810 1883 in

150 1901 342 1943 δυώδεκα.
374 1905 484 1942 Conf.
502 1902 637 1941 Matth.
655 1905 722 1940 Gr.
741 1905 807 1943 Gr.

149 1962 185 2006 ξ.
211 1960 290 2001 140
312 1973 399 2011 pag.
423 1960 517 2000 264.
779 1958 783 1962 ⁴

204 2016 372 2068 Στυρέες
394 2014 452 2064 δὲ]
485 2017 585 2052 Male
601 2015 677 2053 duo
694 2015 805 2056 codd.

148 2074 344 2124 Στυριέες.
371 2074 640 2123 Intelliguntur
659 2074 807 2110 incolae

150 2130 294 2180 Styrae,
316 2143 412 2182 quae
433 2130 503 2167 fuit
518 2131 700 2166 Euboeae
716 2131 806 2167 urbs

146 2200 266 2237 prope
288 2188 508 2238 Carystum,
530 2189 699 2224 Homero
728 2189 808 2224 iam

148 2245 300 2294 cognita
334 2245 377 2281 Il.
400 2245 446 2288 II,
470 2244 563 2291 539,
585 2244 676 2291 aliis,
706 2257 807 2295 quo-

147 2313 233 2336 rum
253 2301 354 2338 locos
376 2299 521 2336 dabunt
541 2302 678 2337 Wasse
691 2331 700 2348 ,
720 2303 805 2337 Du-

146 2355 229 2393 ker.
252 2364 287 2393 et
306 2356 440 2407 Poppo
463 2356 510 2393 ad
531 2356 751 2408 Thucydid.
773 2359 802 2405 I,

148 2416 174 2452 2
189 2426 276 2463 pag.
289 2416 369 2454 269
384 2413 441 2450 ed.
458 2415 606 2464 Poppo.
636 2416 685 2450 Et
702 2414 803 2451 conf.

148 2470 270 2517 ipsum
308 2469 546 2506 Herodotum
596 2471 694 2517 VIII,
736 2469 803 2511 46.

149 2524 334 2563 Mannert.
348 2528 485 2577 Geogr.
507 2526 545 2564 d.
558 2527 621 2565 Gr.
637 2541 675 2563 u.
689 2529 800 2566 Rom.

150 2580 247 2619 VIII.
266 2596 304 2631 p.
325 2582 418 2623 264.
455 2585 540 2634 Ipsa
559 2584 647 2620 urbs
667 2585 803 2620 Malia-

150 2649 195 2672 co
218 2637 313 2673 bello
335 2651 461 2676 eversa
493 2639 640 2676 dicitur.
689 2642 801 2678 Nunc

149 2693 233 2729 Ioco
255 2706 396 2730 nomen
417 2695 531 2732 Stura
551 2709 580 2734 s.
599 2697 735 2734 Asturi.

203 2753 272 2788 καὶ
309 2752 449 2799 Κεῖοι]
514 2753 648 2790 Plures
687 2752 799 2791 codd.

149 2807 267 2853 Κῖοι;
300 2819 414 2857 quain
444 2808 665 2856 lectionem,
697 2808 801 2846 haud

148 2862 427 2916 infrequentem
456 2864 562 2900 illam
582 2864 749 2917 quidem,
780 2880 800 2901 e

868 1339 979 1374 ner.I
998 1351 1036 1387 p.
1051 1340 1130 1377 102
1143 1338 1228 1373 coll.
1242 1351 1278 1387 p.
1291 1341 1342 1378 73
1358 1339 1533 1374 omnium

870 1395 1128 1444 copiosissime
1138 1393 1264 1430 deCeo
1278 1395 1411 1440 insula,
1429 1395 1532 1430 eius-

870 1464 945 1502 que
995 1449 1170 1495 historia,
1231 1451 1530 1500 aufiqustafibus,

868 1508 949 1544 aliis
960 1514 1139 1544 tractans.
1169 1508 1254 1556 Ipsa
1275 1507 1416 1554 civitas,
1434 1519 1532 1558 quae

867 1577 971 1601 nunc
993 1564 1072 1600 Zea
1092 1570 1268 1610 vocatur,
1302 1564 1395 1599 olim
1414 1576 1532 1600 voca—

867 1622 979 1658 batur
996 1619 1110 1668 Κέος,
1144 1620 1228 1657 Ceos
1251 1618 1410 1672 (Herod.
1429 1620 1530 1668 VIII,

867 1678 959 1726 76)3
1009 1679 1109 1714 cives
1142 1680 1257 1716 Κεῖοι
1286 1678 1365 1714 sive
1406 1673 1531 1726 Κήϊοι

867 1733 1011 1772 Herod.
1044 1734 1107 1781 IV,
1140 1733 1206 1774 35.
1245 1734 1289 1781 V,
1317 1736 1407 1773 102.
1427 1734 1527 1781 VIII,

867 1791 935 1831 46.
953 1789 1134 1842 Tliucyd.
1155 1791 1236 1838 VII,
1265 1791 1331 1831 57.

923 1848 1077 1898 Λοκροὶ
1098 1846 1140 1886 δέ
1156 1859 1229 1896 σφι
1246 1842 1528 1886 οἵὈπούντιοι

867 1901 1120 1955 ἔπεβώθεον]
1138 1906 1182 1940 In
1192 1905 1412 1940 Florentino
1426 1905 1528 1941 aliis-

867 1974 966 2013 que:
1004 1957 1276 2012 ἐπεβοήθεον,
1315 1959 1364 1997 ad
1392 1961 1528 2011 vulga-

866 2031 949 2054 rem
980 2017 1131 2054 dicendi
1164 2030 1298 2065 usum,
1337 2018 1397 2061 eui
1427 2016 1467 2054 h.
1498 2018 1526 2056 l.

864 2077 1029 2126 praestat
1058 2076 1197 2111 Ionum
1226 2075 1370 2121 forma,
1407 2087 1524 2126 quam

866 2133 982 2168 etiam
1011 2133 1166 2181 agnovit
1197 2129 1408 2182 Hesychius
1438 2132 1455 2166 I
1484 2144 1524 2181 p.

864 2191 960 2229 783.
995 2188 1240 2239 βωθέοντες·
1275 2188 1525 2239 βοηθοῦντες

863 2247 1033 2296 itemque
1044 2245 1255 2296 Abydenus
1268 2242 1368 2294 apud
1381 2245 1457 2280 Eus
1464 2243 1525 2280 eb.

862 2303 1000 2352 Praep.
1023 2302 1250 2352 EvaugJX,
1272 2299 1522 2351 14pag.416.

860 2360 922 2395 Ex
950 2357 1146 2395 Herodoto
1179 2357 1310 2395 confer
1343 2358 1389 2393 sis
1421 2356 1520 2402 VIII,

865 2413 927 2455 14.
950 2414 1016 2455 45.
1038 2413 1102 2454 47.
1124 2417 1188 2455 72.
1215 2412 1304 2453 144.
1325 2414 1462 2460 1X‚23
1484 2419 1521 2448 et

861 2485 959 2523 quae
995 2470 1132 2508 eodem
1171 2477 1365 2521 spectant:
1415 2463 1520 2518 ἐβιό-

861 2532 1020 2578 σθησαν
1033 2529 1096 2578 VI,
1116 2530 1204 2568 131.
1226 2523 1433 2577 βεβωμένα
1451 2525 1517 2573 111,

859 2586 912 2623 39
934 2585 1017 2633 alia,
1047 2597 1145 2637 quae
1176 2582 1224 2619 ad
1249 2586 1279 2634 l,
1303 2584 1353 2622 10
1380 2588 1517 2633 protu-

857 2641 984 2678 limus.

1085 2696 1114 2732 C
1127 2708 1146 2731 a
1160 2708 1197 2745 p.
1235 2695 1283 2732 Π.
1479 2744 1483 2747 1

913 2749 970 2792 ἐπ’
999 2748 1258 2803 Ἀρτεμίσιον]
1296 2751 1406 2788 Conf.
1427 2751 1514 2794 VII,

862 2812 950 2849 176.
980 2811 1022 2844 In
1042 2809 1224 2859 proximis
1245 2809 1382 2844 retinui
1396 2807 1515 2844 libro-

858 2878 944 2901 rum
965 2872 1201 2903 vetustorum
1220 2866 1426 2902 lectionem
1453 2860 1487 2902 oe‘
1496 2877 1515 2909 ς

1168 2925 1186 2960 1
1208 2921 1230 2945 *
