1839 3292
15 816 114 862 106

553 243 876 280 URANIA
934 243 1061 280 VIII.

155 363 177 397 3
206 352 411 410 μεγάλων.

1350 245 1433 285 145

470 349 588 403 παρὰ
625 349 708 404 γάρ
749 355 861 393 τοῖσι
890 350 1150 407 βαρβάροισι
1190 349 1433 404 τιμιώτεροί

166 423 260 469 ,εἶσι
277 417 542 471 οἷεῦνοῦχοι,
573 419 740 469 πίστιος
770 421 911 461 εἵνεκα
932 423 1008 474 τῆς
1029 417 1178 473 πάσης,
1206 421 1294 459 τῶν
1305 417 1432 471 ἐνορ-

177 489 293 543 χίων.

379 486 536 533 ἄλλους
586 501 629 527 τε
669 486 720 541 δὴ
762 485 785 529 ὁ
829 487 1074 537 Πανιώνιος
1112 485 1279 540 ἐξέταμε
1322 488 1487 527 πολ-65

176 554 293 605 λούς,
353 552 424 595 ἅτε
467 550 723 605 ποιεύμενος
753 553 798 596 ἐκ
827 554 986 595 τούτου
1017 553 1093 607 τὴν
1131 553 1246 606 ζόην,
1276 552 1349 595 καὶ
1378 551 1431 607 δὴ

148 622 252 665 4καὶ
281 624 449 664 τοῦτον.
480 619 551 661 καὶ
583 617 635 660 οὐ
665 620 748 674 γάρ
778 619 829 662 τά
859 621 1000 662 πάντα
1030 618 1253 674 ἐδυστύχεε
1288 617 1311 662 ὁ
1339 618 1431 673 Ἑρ·

177 687 369 744 μότιμος,
405 685 648 729 ἀπικνέεται
679 687 724 728 ἐκ
753 690 842 728 τῶν
872 688 1082 740 Σαρδίων
1113 687 1229 741 παρα
1257 687 1434 742 βασιλέα

179 754 262 812 μετ’
293 755 434 798 ἄλλων
465 751 638 806 δώρων·

177 827 264 866 τῶν
292 820 510 876 εὐνούχων
549 820 728 876 ἐτιμήθη
759 820 942 874 μάλιστα
981 820 1100 875 παρὰ
1130 820 1292 876 ῗΞὲρξῃ.

181 889 226 932 δὲ
246 888 294 931 τό
325 888 564 942 στράτευμα
593 886 642 930 τὸ
677 888 896 941 Περσικόν
926 888 1040 943 ὅρμα
1074 888 1097 931 ὁ
1129 888 1329 943 βασιλεὺς
1358 888 1429 932 ἐπὶ

176 955 253 1006 τὰς
278 953 476 1011 Ἀθήνας,
505 954 588 997 ἐών
620 955 666 997 ἐν
697 955 894 1009 Σάρδισι,
926 956 1119 999 ἐνθαῦτα
1148 956 1339 1012 καταβάς
1359 973 1429 999 κα-

173 1023 226 1066 τα
256 1023 308 1078 δή
338 1040 377 1065 τι
405 1027 577 1077 πρῆγμα
607 1021 630 1065 ὁ
661 1023 912 1079 Ἑρμότιμος
947 1024 989 1075 ἐς
1017 1028 1098 1079 γῆν
1129 1024 1208 1078 τὴν
1237 1026 1427 1081 Μυσίην,

174 1089 253 1144 τήν
278 1093 378 1132 Χῖοι
407 1092 485 1145 μὲν
513 1091 737 1145 νέμονται,
766 1090 989 1145 Ἀταρνεύς
1020 1091 1065 1134 δὲ
1098 1092 1314 1143 καλέεται,

147 1159 318 1211 Ξρίσκει
349 1158 424 1200 τὸν
463 1159 716 1201 Πανιώνιον
746 1158 949 1201 ἐνθαῦτα.

176 1225 286 1280 πρὸς
331 1225 464 1268 αὐτὸν
512 1229 701 1275 πολλούς
729 1226 801 1267 καὶ
841 1228 1015 1280 φιλίους
1059 1226 1237 1280 λόγους·

689 752 852 808 χρόνον
883 754 928 797 δὲ
963 752 1216 808 προϊόντος,
1257 753 1490 796 πάντων7ο

1483 818 1555 847 Post
1562 825 1635 852 rege
1639 817 1763 846 mGrae-

1484 854 1560 880 ciam
1591 853 1762 880 invasurum

1483 886 1761 925 co111itans½Panio

1486 920 1526 947 nii
1553 927 1617 945 cum
1635 924 1697 945 tota
1718 918 1763 945 sa-

1486 952 1569 980 milia
1593 960 1646 987 per
1665 951 1763 980 dolum

1486 986 1616 1027 potitur,
1639 986 1763 1012 atrocis

1484 1021 1647 1053 simamque
1671 1018 1708 1045 ab
1727 1029 1763 1048 oo

1484 1061 1609 1088 poenam
1624 1052 1746 1088 repetit

1345 818 1428 871 Ὡς

1361 1091 1433 1135 εὑ-

998 1157 1199 1213 ἐπιγνούς
1229 1159 1286 1213 δὲ,
1318 1160 1430 1215 ἔλεγε
1446 1166 1490 1200 75

1283 1233 1435 1280 πρῶτα

178 1294 256 1348 μέν
288 1294 329 1334 οἱ
357 1293 601 1347 καταλέγων
624 1293 705 1335 ὅσα
737 1291 863 1343 αὐτὸς
893 1292 944 1336 δι’
975 1293 1138 1335 ἐκεῖνον
1159 1294 1245 1348 ἔχοι
1268 1293 1433 1350 α’γαθά·

180 1360 360 1414 δεύτερα
400 1359 445 1403 δέ
487 1362 529 1402 οἵ
557 1359 893 1415 ὑπισχνεύμενος
931 1359 1022 1402 ἀντὶ
1053 1360 1220 1409 τούτων
1249 1361 1331 1405 ὅσα
1359 1379 1435 1417 μιν

180 1425 326 1483 οἷγαθὰ
353 1427 542 1484 ποιήσει,
575 1427 631 1483 ἢν
652 1429 834 1482 κομίσας
866 1426 970 1479 τοὺς
1008 1429 1175 1480 οἰκέτας
1195 1429 1314 1486 οἰκέῃ
1336 1430 1434 1472 ἐκεί-

123 1647 160 1671 κ.
185 1647 220 1671 τ.
236 1634 270 1670 λ.
312 1633 420 1670 Hanc
449 1645 538 1669 vero
569 1630 671 1672 τίσιν
699 1632 778 1670 sive

123 1688 281 1739 νέμεσιν
316 1702 382 1739 per
429 1688 612 1726 Herodoti
651 1691 777 1726 Musas

122 1758 280 1796 regnare
298 1747 560 1797 scriptorisque
578 1747 705 1782 animo
721 1746 779 1782 al-

121 1808 160 1838 te
189 1803 410 1852 impressam
443 1801 618 1850 haerere,
657 1815 778 1854 quum

121 1856 221 1894 hanc
241 1859 288 1894 ob
307 1871 458 1895 causam
477 1861 714 1909 potissimum
736 1866 778 1895 ut

122 1915 202 1952 scil.
242 1915 341 1951 illius
381 1916 460 1951 vim
497 1916 700 1965 explicaret
739 1922 776 1952 et

124 1978 457 2016 commonstraret,
480 1970 653 2008 historiae
683 1973 777 2009 scri-

122 2026 273 2063 bundae
282 2040 321 2063 se
334 2027 478 2063 dedisse
485 2027 777 2077 videatur,haud

121 2096 199 2119 uno
221 2096 241 2118 e
261 2084 344 2120 loco
362 2084 593 2133 intelligitur.
636 2085 776 2120 Memi-

121 2140 179 2175 nit
216 2146 343 2176 autem
375 2139 545 2177 eiusdem
570 2141 624 2176 rei
654 2140 776 2177 Athe-

120 2207 238 2231 naeus
277 2209 429 2248 quoque
454 2197 504 2233 VI
544 2210 583 2247 p.
627 2199 706 2237 266
726 2199 773 2235 Ε.

121 2271 176 2279 —
195 2253 238 2287 In
254 2265 359 2304 seqq.
379 2251 501 2288 dedi’
486 2268 526 2291 εκ
544 2249 779 2303 τούτουτὴν

125 2303 218 2357 ζόην
239 2309 339 2345 libris
361 2322 430 2345 scri
421 2310 524 2359 ptis,
545 2322 639 2361 quos
664 2311 779 2346 etiam

124 2366 291 2414 sequitur
319 2364 535 2412 Bekkerus‚
566 2367 618 2402 ita
642 2367 779 2402 iuben-

123 2420 234 2456 tibus.
287 2421 399 2457 Alii'
384 2437 425 2459 εκ
445 2418 608 2460 τούτων.

182 2469 405 2515 απικνέεται
433 2477 473 2516 ἐκ
495 2480 574 2516 τῶν
595 2479 779 2529 Σαρδίων

124 2544 231 2581 παρα
257 2532 432 2581 βασιλέα]
464 2535 498 2569 Α
517 2542 682 2584 satrapa,
714 2537 780 2586 qui

124 2587 221 2623 inter
233 2589 300 2623 alia
309 2601 464 2625 munera
478 2590 671 2627 eunuchos
683 2605 781 2643 quo-

125 2656 199 2694 que
217 2645 457 2693 probabiliter
476 2649 557 2696 regi
578 2649 677 2683 misit
693 2661 779 2697 gra-

123 2700 328 2737 tificaturus
343 2729 352 2747 ‚
402 2703 682 2740 Hermotimum
732 2703 780 2740 ad

123 2768 255 2805 regem
287 2770 366 2793 esse
398 2759 574 2805 missum,
615 2772 705 2796 vero
738 2760 780 2797 fit

123 2812 371 2850 simillimum.
428 2815 485 2849 De
516 2814 780 2853 eunuchorum

182 2870 404 2907 Hssnonor.
425 2870 492 2907 lv.

833 1635 1053 1671 auctoritate
1074 1634 1175 1686 apud
1195 1636 1398 1673 Persarum
1427 1648 1491 1672 re—

833 1703 898 1740 ges
921 1691 1085 1729 diximus
1103 1692 1151 1728 ad
1172 1694 1278 1740 VIII,
1301 1691 1394 1732 104.
1432 1693 1490 1729 Ac

832 1747 1068 1785 fidelissimos
1094 1750 1183 1785 istos
1216 1762 1294 1786 esse
1327 1761 1348 1784 e
1372 1747 1491 1785 Char-

834 1803 949 1851 dinii,
982 1806 1198 1842 recentioris
1227 1805 1490 1856 peregrinato—

832 1862 880 1898 ris
909 1860 1033 1899 diariis
1054 1860 1219 1898 affirmat
1236 1860 1460 1901 Larcherus.

1050 1952 1142 2002 cap.
1177 1952 1272 1989 CVI.

888 2023 995 2081 ὅρμα
1023 2026 1046 2068 ὁ
1067 2027 1266 2081 βασιλεύς]
1302 2027 1326 2070 ὁ
1351 2029 1492 2066 inserui

829 2098 918 2121 cum
948 2084 1167 2135 Schweigh.
1196 2093 1232 2123 et
1258 2087 1375 2123 Gaisf.
1403 2098 1493 2122 cum

829 2143 945 2192 vulgo
967 2143 1073 2179 absit.
1094 2142 1228 2179 matth.
1245 2155 1399 2193 quoque
1422 2141 1492 2178 de-

835 2198 888 2235 dit
907 2195 1032 2248 ὤρμοι.
1059 2222 1107 2227 ——
1145 2200 1202 2234 De
1235 2212 1354 2248 campo
1375 2199 1491 2235 Atar-

833 2257 932 2291 nensz'
955 2255 1054 2290 conf.
1079 2262 1171 2292 nott.
1193 2254 1240 2290 ad
1259 2257 1288 2302 Ι,
1316 2257 1406 2294 160.
1424 2255 1488 2300 VI,

835 2314 900 2352 08.
923 2333 979 2338 ——-
1007 2313 1049 2346 Iu
1071 2325 1176 2362 seqq.
1196 2324 1274 2347 non
1297 2311 1378 2347 sine
1398 2323 1492 2347 cau-

835 2381 874 2403 sa
890 2370 927 2403 iu
947 2367 1070 2404 modis
1090 2370 1142 2404 ita
1163 2369 1323 2405 variasse
1341 2365 1491 2404 videtur

834 2426 968 2460 Nostex
983 2426 1149 2461 scribens
1173 2422 1396 2487 καταλέγων
1418 2419 1491 2462 όσα

836 2501 890 2507 --
937 2480 1040 2530 ε’χοι
1083 2488 1120 2517 et
1163 2475 1490 2547 ’ὕπἰσχνεύμενος,

835 2532 1172 2586 ὅσα-ποιήσει.

892 2608 945 2639 ἠν
961 2594 1126 2642 κοιιίσας
1142 2606 1236 2637 τους
1253 2586 1407 2637 οἰκέτας
1431 2589 1490 2630 οἷ-

837 2649 905 2701 κέῃ
925 2647 1073 2701 ἐκείνῃ]
1101 2645 1318 2696 Schweigh.
1333 2676 1343 2694 ‚
1374 2660 1491 2698 quem

836 2706 1005 2754 sequitur
1022 2705 1150 2750 Gaisf„
1173 2717 1194 2739 e
1211 2703 1358 2740 duobus
1376 2702 1489 2742 codd.

838 2760 944 2796 dedit
966 2756 1249 2811 κομισάμενος,
1281 2758 1385 2811 quod
1403 2760 1491 2796 mezi

837 2816 995 2868 quidem
1024 2817 1209 2854 sententia
1232 2829 1253 2852 e
1279 2823 1491 2854 correctura

1167 2875 1217 2912 10
