1839 3292
524 214 614 251 ET
663 214 1151 257 connieENDA.
1498 198 1587 264 cer

93 336 171 371 pag.
196 327 261 361 260
284 335 317 362 a.
340 324 397 358 lin.
422 324 442 357 5
469 323 511 357 ab
536 322 594 358 inf.
618 323 682 358 del.
707 324 797 358 dein.

92 383 168 415 pag.
192 372 260 406 264
284 382 315 404 a.
341 369 399 402 lin.
426 370 448 403 2
471 370 514 403 ab
539 369 597 405 inf.
621 381 684 415 pro
708 370 771 411 IX,
796 371 850 405 90
873 368 972 403 scrib.
1006 369 1068 410 lx,
1092 370 1114 404 9
1130 371 1160 403 1.

92 427 168 461 pag.
193 417 262 452 416
280 415 322 450 ad
348 415 408 456 lv,
433 416 476 450 71
502 420 573 449 not.
630 415 718 449 Add.
748 416 919 451 Hammer.
948 415 982 448 in
1005 416 1137 449 Annali.
1164 415 1283 451 Vienn.
1307 415 1437 452 LXVII
1469 430 1501 464 p.
1526 421 1581 462 37,

309 460 366 495 ubi
383 461 606 505 qnadraginta
630 461 758 506 puellas
777 460 1020 505 pulcherrimas
1038 462 1180 495 maxime
1205 464 1344 496 ornatas
1359 463 1582 508 Zingischano

310 511 440 540 mortuo
462 506 497 539 in
520 506 709 551 sepulcrum
733 506 878 540 traditas
900 512 1030 547 narrat,
1061 507 1158 553 quasi
1181 507 1364 542 ministras.

89 563 168 597 pag.
201 549 266 586 421
291 553 325 586 b.
349 552 408 585 lin.
433 554 456 586 2
480 563 541 597 pro
570 553 634 593 Vl,
657 552 702 586 52
723 552 788 595 leg.
816 553 884 592 IV,
907 553 964 586 52.

89 608 168 643 pag.
192 596 259 632 445
283 610 353 643 seq.
378 597 421 631 ad
455 599 511 639 Π,
536 599 580 632 87
603 600 671 630 not.
738 598 837 631 Conf.
869 596 970 630 etiam
1006 597 1133 631 Clarke
1166 598 1313 633 Travels
1349 598 1367 632 I
1402 611 1480 645 pag.
1504 602 1582 644 681,

308 643 369 688 qui
392 643 529 677 Darium
552 643 585 676 in
612 654 678 676 una
692 643 905 686 Cyanearum
928 641 1039 675 insula
1063 644 1255 678 consedisse
1280 648 1380 690 putat
1394 671 1403 688 ‚
1428 646 1516 680 unde
1539 648 1581 681 ad

306 690 482 733 angustias
505 689 648 734 optimus
673 688 742 721 late
764 691 883 733 pateat
907 691 1124 732 prospectus:
1162 689 1196 723 id
1220 690 1310 734 quod
1341 690 1375 724 in
1398 692 1482 736 ipsis
1505 693 1581 726 fau-

308 736 406 768 cibus
429 735 508 776 isto,
531 745 597 778 quo
621 734 750 775 volunt,
773 733 848 768 loco
872 733 946 766 fieri
970 733 1120 777 potuisse
1143 741 1258 779 negat.
1295 736 1388 770 Idem
1410 738 1444 771 in
1468 738 1582 772 Hero-

308 780 390 814 doto
415 780 502 813 istud
528 777 612 822 ἱρὸν
635 790 700 812 non
722 779 827 813 solum
852 779 1022 823 templum,
1047 780 1107 813 sed
1132 781 1250 814 urbem
1270 792 1406 826 quoque
1430 788 1582 827 portum-

308 837 375 870 que
397 825 546 858 indicare
566 825 751 866 contendit,
769 825 829 859 ubi
851 836 933 858 sane
949 836 1090 869 magnae
1108 826 1296 860 sanctitatis
1312 828 1481 872 templum,
1505 829 1581 863 hinc

305 870 380 904 urbi
405 870 584 904 etiamnum
608 882 726 904 nomen
749 872 836 905 Ioro.
872 871 919 904 Et
942 871 1020 905 vide
1045 871 1152 916 ipsam
1175 872 1292 907 urbem
1315 872 1348 907 in
1372 874 1487 909 tabula
1509 875 1581 910 aeri

305 916 409 949 incisa
435 921 725 961 repraesentatam
750 928 831 961 pag.
855 917 932 951 684.

86 986 164 1019 pag.
187 974 253 1008 446
276 985 308 1008 a.
332 973 390 1007 lin.
414 973 435 1006 5
460 973 502 1006 ab
530 972 588 1006 inf.
612 976 690 1016 post
713 974 788 1006 coll.
812 973 916 1007 inser.
942 973 1215 1017 Grotefencl.
1243 974 1301 1010 in.

85 1031 165 1065 pag.
189 1019 255 1055 457
282 1019 325 1053 ad
349 1031 402 1063 cp.
425 1019 469 1051 95
495 1025 564 1052 not.
611 1019 665 1052 De
695 1019 893 1063 Pythagora
924 1020 1013 1052 conf.
1044 1019 1199 1054 Krische.
1247 1021 1300 1054 De
1330 1019 1448 1055 societ.
1480 1021 1577 1067 Pyth.

305 1076 409 1108 scopo
435 1064 528 1108 polit.
557 1075 589 1108 p.
613 1065 646 1100 3.
675 1066 728 1098 11.
754 1070 789 1097 et
811 1065 854 1098 de
877 1064 1031 1098 Zalmoxi
1054 1065 1207 1099 Eundem
1232 1078 1309 1111 pag.
1334 1068 1380 1100 66
1402 1070 1471 1101 not.

85 1121 165 1156 pag.
195 1111 262 1146 479
294 1111 338 1144 ad
364 1110 426 1151 1V,
467 1111 530 1143 108
558 1115 626 1145 not.
662 1109 707 1144 ad
739 1109 797 1144 lin.
832 1112 863 1146 1.
924 1110 1112 1144 Eichwald.
1153 1111 1216 1154 (in
1255 1112 1385 1146 Annali.
1418 1113 1575 1158 Dorpatt.

304 1156 366 1197 ΙΙΙ,
392 1155 407 1188 1
437 1167 516 1199 pag.
542 1156 594 1199 9.)
618 1154 659 1188 ad
681 1167 753 1189 eam
777 1155 874 1189 huius
899 1155 967 1189 loci
996 1156 1312 1201 interpretationem
1337 1158 1474 1203 regredi
1493 1159 1578 1202 vult,

303 1204 371 1247 qua
395 1201 545 1234 Budinos
569 1212 691 1246 corpus
719 1201 825 1235 variis
850 1201 1017 1235 coloribus
1042 1213 1178 1236 ornasse
1202 1208 1380 1247 putemus,
1415 1204 1515 1248 plane
1539 1208 1578 1238 ut

302 1247 386 1281 alias
412 1246 603 1280 Australiae
626 1252 746 1290 gentes
768 1247 870 1281 rudes
894 1249 949 1280 vel
973 1247 1074 1281 etiam
1097 1248 1189 1293 ipsos
1210 1249 1335 1282 Persas
1357 1255 1495 1283 nostrae
1518 1261 1578 1284 ae-

303 1292 398 1333 tatis,
425 1292 482 1336 qui
508 1292 646 1325 barbam
671 1304 713 1326 ex
736 1296 837 1337 parte
859 1293 1007 1334 rubram,
1033 1305 1074 1327 ex
1100 1297 1198 1338 parte
1221 1294 1411 1328 coeruleam
1433 1295 1577 1329 reddere

300 1338 489 1382 digitosque
512 1339 614 1370 rubro
639 1339 750 1372 colore
772 1339 904 1382 tingere
928 1338 1096 1373 dicuntur.
1141 1339 1235 1372 Idem
1261 1339 1299 1383 (l.
1316 1340 1338 1373 1.
1357 1351 1435 1385 pag.
1450 1342 1471 1375 7
1486 1341 1576 1385 seq.)

302 1383 338 1417 in
361 1384 424 1416 hoc
447 1383 614 1416 Herodoti
639 1383 713 1418 loco
737 1384 904 1417 desertam
927 1383 1116 1427 regionem,
1141 1385 1251 1429 qualis
1274 1396 1308 1419 v.
1333 1398 1362 1419 c.
1388 1385 1577 1420 inveniatur

302 1430 345 1463 ad
368 1428 503 1463 Tanain
523 1432 625 1474 atque
650 1430 692 1462 ad
717 1430 874 1473 Volgam,
899 1429 1039 1473 intelligi
1063 1441 1162 1474 posse
1184 1434 1307 1475 negat,
1332 1431 1393 1465 sed
1416 1443 1577 1476 aquosam

301 1479 337 1509 et
360 1477 527 1518 sylvosam
550 1475 717 1519 quandam
742 1475 930 1518 Volhyniae
963 1486 989 1509 s.
1015 1475 1218 1510 Lithuaniae
1243 1480 1395 1521 partem,
1430 1478 1576 1511 fortasse

299 1521 470 1565 regionem
494 1520 587 1554 circa
611 1521 724 1554 urbem
747 1521 862 1562 Pinsk,
887 1520 943 1555 ubi
967 1521 1094 1555 multae
1118 1522 1297 1556 etiamnum
1324 1523 1452 1567 sylvae,
1477 1524 1575 1567 palu-

302 1568 375 1609 des,
400 1571 532 1610 stagna,
566 1566 671 1608 lacus,
706 1567 742 1601 in
765 1567 886 1611 quibus
911 1572 1065 1601 castores
1087 1578 1195 1613 aeque
1219 1579 1260 1601 ac
1282 1568 1394 1602 lutrae
1416 1569 1576 1613 frequen-

300 1617 362 1645 tes.
410 1612 464 1645 Ibi
489 1615 582 1645 certe
606 1614 708 1646 urbes
731 1624 771 1646 ac
794 1612 925 1647 moenia
949 1624 990 1646 ex
1014 1613 1104 1656 ligno
1129 1625 1147 1646 a
1173 1614 1316 1647 Graecis
1339 1614 1490 1648 construi
1512 1625 1576 1659 po-

300 1658 406 1692 tuisse
430 1662 563 1697 censet,
601 1658 734 1692 minime
757 1669 838 1692 vero
869 1658 904 1691 in
929 1658 1066 1691 Donicis
1090 1658 1256 1701 desertis,
1289 1659 1323 1693 in
1347 1660 1470 1704 quibus
1494 1659 1575 1693 nihil

299 1704 481 1748 quidquam
504 1703 606 1747 ligni;
643 1710 748 1749 atque
770 1703 851 1737 illuc
874 1703 978 1737 etiam
1000 1704 1136 1738 facilius
1160 1706 1315 1738 Graecos
1337 1706 1472 1738 colonos
1494 1717 1575 1750 per-

300 1749 415 1782 venire
434 1749 595 1793 potuisse,
620 1761 639 1782 e
658 1750 762 1784 maris
785 1760 846 1783 ora
869 1749 1013 1783 adverso
1032 1749 1134 1783 fluvio
1154 1750 1367 1794 Borysthene
1390 1752 1573 1795 profectos.

299 1795 383 1828 Inde
398 1796 552 1829 Budinos
575 1807 636 1840 pro
652 1795 767 1829 Slavis
790 1795 909 1829 haberi
933 1795 1007 1830 vult
1031 1798 1135 1840 atque
1158 1808 1220 1840 pro
1245 1808 1359 1829 eorum
1383 1796 1575 1838 maioribus,

297 1840 356 1885 qui
381 1852 468 1874 nunc
490 1844 654 1874 vocantur
675 1841 841 1882 lVenden,
863 1845 923 1875 aut
946 1844 1004 1885 qui
1028 1842 1088 1875 sub
1113 1841 1243 1875 nomine
1266 1842 1489 1879 Kleinrussen
1511 1842 1574 1876 ad-

300 1887 366 1920 huc
389 1887 422 1920 in
447 1886 613 1932 Volhynia
636 1887 830 1920 habitantes
849 1887 1085 1931 reperiuntur3
1119 1887 1199 1932 quin
1223 1888 1288 1922 huc
1310 1899 1445 1932 quoque
1466 1889 1575 1922 refert

298 1932 401 1965 urbes
424 1933 541 1966 Budin
562 1932 596 1965 in
620 1932 781 1966 Bohemia
802 1936 839 1966 et
861 1933 998 1966 Budam
1022 1932 1057 1966 in
1081 1933 1247 1976 Ungaria.
1278 1933 1377 1973 Quod
1402 1934 1489 1967 idem
1510 1944 1574 1978 po-

297 1977 366 2012 suit
388 1979 515 2011 Worbs
547 1978 582 2012 in
607 1979 728 2012 Ersch.
759 1989 801 2012 ac
825 1979 974 2013 Gruber.
1013 1978 1198 2023 Encyclop.
1225 1979 1310 2013 XIII
1334 1991 1368 2023 p.
1392 1980 1481 2020 341,
1516 1978 1574 2012 ubi

298 2024 450 2057 Rommel
479 2023 628 2058 Budinos
665 2027 800 2068 gentem
827 2024 995 2069 quandam
1031 2024 1222 2058 Gothorum.
1254 2025 1461 2058 venatricem
1496 2035 1574 2058 esse

297 2069 452 2111 dixerat,
484 2081 571 2114 quae
605 2069 691 2105 duce
716 2069 806 2103 Odin
837 2081 900 2115 per
924 2069 1112 2113 Volhyniae
1144 2082 1185 2105 ac
1208 2068 1368 2105 Poloniae
1399 2069 1573 2115 planitiem

297 2126 406 2160 usque
429 2114 474 2150 ad
496 2115 759 2150 Scandinaviam
780 2116 882 2149 suerit
907 2126 1102 2161 progressa.

78 2184 157 2219 pag.
182 2170 249 2206 484
271 2177 341 2205 not.
373 2172 416 2205 ad
441 2184 494 2216 cp.
521 2171 587 2205 CX
620 2172 676 2206 lin.
701 2173 745 2206 21
776 2176 813 2205 et
835 2173 893 2207 22.
956 2171 1042 2205 Add.
1077 2172 1247 2206 Hammer.
1289 2172 1324 2206 in
1354 2172 1486 2206 Annall.
1510 2171 1573 2205 Vi-

298 2228 371 2251 enn.
403 2217 528 2252 XLIX.
562 2218 701 2262 Anzeig.
731 2217 786 2252 Bl.
817 2229 852 2263 p.
877 2219 933 2252 20.
966 2222 1002 2250 et
1033 2219 1121 2251 conf.
1154 2219 1282 2251 Osann.
1313 2217 1348 2251 in
1373 2220 1512 2252 Auctar.
1536 2217 1572 2252 X

295 2275 376 2308 pag.
398 2264 462 2305 89,
487 2264 546 2308 qui
569 2263 603 2297 in
627 2264 821 2297 Herodoteo
845 2261 1064 2317 ΙοεονΟἰὸρ,
1091 2263 1187 2298 cuius
1212 2264 1286 2298 loco
1310 2263 1407 2298 codd.
1432 2263 1571 2309 quidam

297 2307 397 2353 αἰὸρ,
423 2309 692 2343 commutandum
717 2314 834 2343 censet
856 2309 889 2343 in
914 2320 1020 2353 ανορ.

79 2366 158 2400 pag.
183 2354 249 2389 491
272 2354 386 2408 b511n.
412 2356 454 2389 10
478 2355 521 2389 ab
542 2356 602 2409 inf.
649 2356 718 2409 Pro
742 2355 832 2408 HJ,
856 2354 907 2389 45
932 2355 999 2398 leg.
1023 2354 1089 2396 II,
1125 2353 1205 2389 141
1231 2353 1333 2389 coll.
1365 2354 1434 2409 Ifs',
1457 2355 1514 2389 80.
1543 2397 1555 2410 ,

78 2413 157 2446 pag·
181 2399 248 2434 4⁹4
282 2400 403 2489 ¹22¹ng
417 2402 512 2500 ᾳζῖἕ
516 2400 1252 2499 ⁵32¹3¹22÷ast¹1¹¹1133⁸afflixitaffigi,
1261 2412 1281 2445 Ρ
1282 2412 1322 2479 ἷὲ
1343 2409 1572 2480 εὲυηοῖἷεέἶὶἒῖ

295 2503 378 2591 ἓξὲξ
401 2493 731 2592 ῖᾞ“23ἓόμῗὲῗζ”
743 2492 1570 2603 ..32311'2‘25‘350‘2223420essessassffffffirassrssffisstffi

296 2586 552 2664 zffflffssssx
572 2582 1470 2675 Zissrssissisf⁶²⁶¹ix⁷1²3gri¹sabffsspssssiiialsszss²aamiiffia
1480 2582 1570 2673 (ἷὲῗᾶ

295 2673 404 2728 ipsum
427 2675 461 2709 in
486 2673 530 2710 οὐ
554 2675 763 2720 πεισόμεθα
786 2687 807 2710 a
828 2676 976 2710 librariis
1000 2680 1194 2721 corruptum
1218 2675 1324 2709 fuisse
1347 2674 1527 2709 existimat.

77 2730 157 2810 335:
181 2719 255 2801 [4997ss
269 2718 699 2812 bildff‘aiilk'cgiocgiilss
710 2724 822 2801 Ofirlsg·
847 2723 1150 2801 {IliixicOQIierodoti
1172 2767 1281 2800 locum
1315 2766 1415 2801 aliter
1458 2764 1568 2817 expli-

296 2812 366 2846 cari
399 2816 434 2847 et
465 2812 606 2858 intelligi
641 2824 741 2859 posse
774 2818 878 2858 negat
911 2812 1088 2849 Eichwald
1119 2813 1142 2845 l.
1165 2812 1187 2847 l,
1223 2824 1301 2858 pag.
1325 2814 1348 2847 6
1371 2823 1467 2858 seqq.
1503 2820 1569 2844 ms!
