1839 3292
512 194 971 231 CALLIOPE.

1029 196 1046 230 1
1056 195 1107 231 X.
1353 200 1437 238 247

186 303 342 360 ,,ἡμὲας
377 301 489 346 εἶναι
525 301 726 353 ἑστάναι,
773 301 848 344 καὶ
889 299 980 344 κατ’
1019 300 1235 352 οὕστινας.
1294 302 1436 359 πάντη

159 369 297 426 9,,γάρ
326 369 584 424 τεταγμένοι,
614 368 907 425 πειρησόμεθα
940 366 1050 413 εἶναι
1078 369 1268 424 χρηστοί.
1298 368 1438 423 ἐξηγέ-

58 434 122 479 28
176 442 303 492 ,,εσθε
333 438 377 481 δὲ
407 436 466 488 ὠς
498 438 776 493 πεισομένων.
789 442 813 461 “
875 438 929 479 Οἱ
953 436 1031 492 μὲν
1060 440 1198 479 ταῦτα
1227 435 1428 492 άμείβον-
1441 443 1485 478 95

180 520 242 547 το.

299 506 654 559 Λακεδαιμονίων
684 505 728 548 δὲ
758 503 946 559 ἀνέβωσε
976 503 1094 547 ἅπαν
1122 504 1172 547 τὸ
1202 505 1433 558 στρατόπε-

1487 435 1535 462 Re
1553 436 1591 463 ad
1602 436 1763 472 Spartano<

1492 477 1556 495 rum
1574 471 1732 499 arbitrium

1490 502 1614 536 reiecta,
1647 504 1763 538 Tegea-

1489 538 1540 561 tae
1549 544 1637 562 causa
1645 539 1717 564 cadu
1723 541 1753 565 nt

181 573 261 615 δον
287 571 545 628 Ἀθηναίους
573 571 916 625 ἀξιονικοτέρους
945 568 1058 613 εἶναι
1088 570 1198 624 ἔχειν
1227 571 1275 614 τὸ
1301 571 1430 627 κέρας
1487 568 1764 631 ffi‘t‘ssfflggfmfftffi'ffi

179 638 286 693 ἤπερ
330 636 554 693 Ἀρκάδας.

624 638 738 681 οὕτω
780 638 832 695 δὴ
870 639 996 694 ἔσχον
1027 639 1071 681 οἱ
1097 637 1328 693 Ἀθηναῖοι,
1358 640 1432 684 καὶ

182 705 496 762 ὑπερεβάλοντο
526 706 629 756 τούς
664 705 884 761 Τεγεήτας.

159 781 182 814 2
299 773 422 816 Mae}
451 773 496 816 δὲ
524 776 680 825 ταῦτα,
722 771 954 816 ἐτάσσοντο
985 765 1067 814 ὦδε
1100 772 1144 813 οἷ
1171 770 1433 827 ἐπιφοιτῶν-

181 841 247 891 τές
275 856 319 883 τε
365 841 436 884 καὶ
481 843 525 884 οἱ
563 839 698 896 ἀρχήν
737 840 938 891 ἐλθόντες
974 836 1208 893 “Ελλήνων.
1266 840 1314 882 τὸ
1354 840 1433 893 μὲν

180 906 319 959 δεξιόν
346 908 474 962 κέρας
507 907 621 963 εἶχον
649 910 1006 963 Λακεδαιμονίων
1034 905 1208 962 μύριοι·
1254 906 1456 951 τούτωνῙ

179 974 225 1017 δὲ
252 974 355 1025 τούς
383 979 771 1032 πεντακισχιλίους,
814 976 965 1027 ἐόντας
992 972 1293 1030 Σπαρτιήτας,
1323 974 1430 1030 ἐφύ-

177 1045 340 1084 λασσον
367 1044 486 1094 ψιλοὶ
516 1048 603 1086 τῶν
634 1045 840 1087 εἱλωτέων
867 1043 1203 1096 πεντακισχίλιοι
1220 1042 1290 1084 καὶ
1311 1053 1431 1095 τρισ-

149 1107 356 1162 3μύριοι,

426 1111 521 1163 περὶ
579 1110 717 1165 ἄνδρα
767 1112 948 1154 ἕκαστον
996 1108 1101 1153 ἑπτά
1160 1108 1425 1164 τεταγμένοι.

177 1176 410 1231 προσεχέας
450 1177 495 1220 δέ
525 1188 604 1233 σφι
642 1181 809 1222 εἴλοντο
853 1178 1029 1222 ἑστάναι
1070 1178 1113 1221 οἱ
1151 1180 1458 1233 Σπαρτιῆταιό

152 1242 288 1294 4τούς
329 1243 559 1299 Τεγεήτας,
597 1247 668 1289 καὶ
696 1251 819 1303 τιμῆς
849 1249 991 1291 εἵνεκα
1020 1246 1094 1289 καὶ
1122 1241 1288 1300 ἀρετῆς.
1329 1243 1434 1287 τού-

176 1326 264 1352 των
325 1309 371 1354 δ’
421 1308 533 1368 ἦσαν
590 1311 758 1357 ὁπλῖται
806 1315 936 1370 χίλιοι
989 1312 1062 1356 καὶ
1121 1303 1430 1367 πεντηκόσιοι·

176 1377 281 1433 μετά
311 1379 357 1422 δὲ
385 1379 566 1432 τούτους
594 1383 768 1425 ἵσταντο
797 1382 1056 1436 Κορινθίων
1071 1381 1429 1436 πεντακισχίλιοι·

120 1537 172 1580 ἵν’
201 1536 251 1579 όῖν
270 1539 385 1595 δοκέῃ
414 1540 524 1577 scribi
543 1552 651 1590 posse
680 1553 772 1577 con·
825 1541 852 1581 i.
875 1554 906 1580 e.
926 1542 1124 1591 proximum
1159 1540 1268 1577 locum
1318 1538 1483 1588 Tegeatis

117 1598 275 1634 iiciebat.

116 1654 180 1690 ille
199 1652 327 1690 laudat
342 1652 534 1690 Plutarch.
555 1654 599 1691 V.
616 1653 769 1691 Aristid.

116 1710 142 1747 l.
162 1711 186 1748 l.
208 1718 244 1748 et
263 1711 298 1745 Π
310 1723 346 1760 p.
359 1713 453 1751 208.
469 1709 596 1746 —Ad
608 1723 768 1762 sequens

116 1760 206 1806 κατ’
226 1763 409 1812 οὕστινας
428 1767 529 1803 conf.
551 1768 649 1816 VIII,
671 1767 738 1809 85.

296 1823 386 1873 Cap.
408 1824 583 1864 XXVIII.

172 1873 362 1930 α’νέβωσε]
404 1879 514 1916 conf.
543 1886 638 1920 nott.
668 1879 716 1917 ad
735 1881 766 1927 Ι,

118 1937 183 1974 11.
212 1937 268 1970 De
288 1948 381 1971 voce
402 1930 688 1988 ἀξιονικότερος
718 1937 768 1974 cf.

115 1997 210 2031 nott.
233 1990 281 2027 ad
309 1992 389 2039 VH,
423 1994 501 2032 187
524 1999 560 2028 et
581 1992 627 2029 de
647 1993 763 2030 verbo

114 2045 435 2098 ὑπερβάλλεσθαι
482 2055 579 2085 nott.
615 2048 662 2085 ad
701 2050 764 2094 VI,

118 2103 209 2142 140.
273 2105 367 2140 Mox
411 2104 452 2143 οἱ
484 2104 766 2154 ἐπιφοιτῶντες

117 2160 197 2210 (qui
224 2167 308 2210 post
326 2162 482 2198 veniunt
499 2175 529 2199 s.
551 2161 764 2212 accedunt)

116 2223 358 2265 opponuntur
386 2218 450 2264 iis,
482 2219 546 2269 qui
579 2213 704 2269 άρχήν
738 2220 765 2257 i.

116 2283 149 2307 e.
167 2272 212 2307 ab
231 2273 337 2309 initio
358 2286 387 2310 s.
403 2275 586 2325 principio
605 2277 682 2311 iam
698 2288 764 2312 ac-

116 2336 318 2366 currerant.
356 2331 524 2368 Verbum
551 2331 763 2382 ἐπιφοιτᾶν

115 2382 325 2422 invenimus
353 2387 383 2430 I,
404 2388 470 2427 97.

172 2437 410 2490 ἐφύλασσον]
444 2443 678 2480 custodiebant
691 2444 715 2481 i.
729 2457 763 2482 e.

117 2495 349 2533 custodiendi
390 2505 426 2534 et
459 2499 616 2536 curandi
653 2513 764 2537 causa

117 2563 181 2586 eos
203 2554 485 2603 comitabantur,
506 2563 549 2592 ut
570 2557 684 2593 simul
704 2570 765 2594 es-

116 2614 200 2644 sent
235 2610 407 2659 armigeri
445 2618 556 2663 atque
588 2614 764 2651 ministri.

116 2662 179 2699 Ad
206 2676 341 2701 vocem
371 2666 557 2708 εἱλωτέων
586 2670 634 2706 cs.
668 2676 763 2707 nott.

117 2718 167 2756 ad
193 2721 262 2764 IX,
293 2724 356 2761 10.

169 2775 383 2829 προσεχέας
418 2776 460 2818 δέ
492 2790 563 2830 σφι
591 2780 761 2831 εἵλοντο]

330 1597 392 1634 Ad
411 1598 530 1647 ipsam
544 1599 771 1634 sententiam
826 1598 1024 1634 tribuerunt
1055 1597 1253 1647 Spartani,
1284 1602 1327 1632 ut
1358 1595 1482 1634 reddit

825 1652 1229 1704 Schweighaeuserus‚
1261 1653 1341 1690 sive
1361 1653 1481 1703 Spar-

823 1711 903 1748 tani
933 1711 1122 1760 Tegeatas
1155 1710 1227 1747 sibi
1268 1710 1478 1759 elegerunt,

823 1768 888 1819 qui
898 1768 984 1818 ipsis
995 1767 1159 1818 proximi
1176 1773 1317 1804 starent
1336 1767 1479 1808 inacie.

823 1824 888 1861 Sic
908 1821 1100 1875 προσεχής
1115 1824 1183 1868 ΙΧ,
1207 1825 1286 1863 102
1307 1823 1392 1860 coll.
1406 1824 1477 1867 III,

822 1883 889 1920 73.
930 1882 996 1920 89.
1026 1882 1091 1919 91.
1134 1882 1205 1925 92,
1265 1879 1331 1915 ubi
1352 1880 1477 1929 finiti-

820 1948 924 1983 mum,
930 1937 1125 1985 proximum
1139 1935 1293 1974 indicat.
1306 1959 1356 1963 —
1372 1935 1478 1981 Quae

821 1999 1056 2043 sequuntur:
1096 1990 1164 2030 καὶ
1201 1994 1315 2043 τιμῆς
1347 1991 1477 2030 εἵνεκα

818 2048 886 2088 καὶ
913 2043 1076 2100 ἀρετῆς,
1104 2046 1238 2084 Matth.
1261 2049 1325 2084 Gr.
1351 2049 1416 2085 Gr.
1440 2049 1476 2093 ξ.

821 2104 903 2145 576
924 2118 962 2154 p-
986 2107 1091 2145 1137
1112 2106 1234 2154 attigit
1260 2105 1473 2154 explicans:

821 2161 960 2198 honoris
977 2173 1087 2197 causa
1097 2164 1128 2197 et
1139 2164 1280 2210 propter
1293 2162 1473 2199 virtutem.

820 2218 1022 2254 Probabile
1042 2224 1096 2254 est
1116 2218 1239 2267 priora
1258 2215 1320 2253 hic
1342 2217 1476 2267 respici

821 2275 1039 2324 Tegeatum
1057 2281 1092 2310 et
1104 2274 1379 2324 Spartanorum
1390 2286 1474 2310 cer-

817 2332 972 2378 tamffla,
993 2331 1033 2366 in
1053 2331 1188 2382 quibus
1208 2330 1290 2366 illos
1301 2330 1475 2380 superio-

816 2400 875 2424 res
905 2387 1018 2423 fuisse
1042 2394 1169 2424 narrat
1196 2385 1338 2423 Herod.
1366 2387 1396 2434 Ι,
1418 2386 1472 2427 65

817 2444 902 2481 coll.
918 2445 987 2491 IX,
1008 2445 1061 2483 26
1080 2443 1147 2480 fin.

873 2497 1027 2538 τούτων
1055 2495 1094 2538 δ’
1128 2492 1234 2550 ἦσαν
1256 2495 1409 2537 ὁπλῖται
1429 2511 1466 2535 κ.

817 2569 852 2595 τ.
878 2556 930 2603 λ.]
955 2556 1078 2601 Quam
1097 2553 1310 2591 Herodotus
1330 2552 1391 2590 hic
1408 2566 1470 2590 re-

819 2613 1037 2649 censionem
1058 2610 1121 2648 dat
1142 2611 1382 2662 populorum,
1403 2610 1469 2662 qui

818 2667 867 2704 ad
906 2669 1077 2704 Plataeas
1117 2668 1390 2718 pugnaverint,
1426 2679 1470 2703 ea

1490 635 1640 662 niensium
1660 636 1716 663 du<
1727 639 1762 663 A·

1490 667 1610 696 ristides
1631 669 1670 704 [8.
1696 671 1762 705 79.].

817 2737 896 2761 non
916 2737 1065 2774 prorsus
1082 2724 1354 2762 couvenitcum
1366 2724 1469 2759 Pau-
1500 2734 1504 2738 “

818 2793 898 2820 san.
918 2781 964 2830 V,
985 2783 1038 2822 23
1068 2781 1103 2827 §.
1130 2783 1166 2830 1,
1187 2781 1252 2817 ubi
1282 2781 1469 2832 gentium,
