1839 3292
517 211 978 252 GALLIOPE.
1034 213 1115 251 IX.

1363 216 1447 256 235

200 323 386 380 ρεόντων
409 320 624 377 Ἑλλήνων
655 322 696 372 ές
726 318 940 376 Ἐρυθρὰς
967 319 1216 375 ταχθέντες,
1247 318 1351 369 τούς
1379 335 1446 363 το-

169 392 322 445 Ξξότας
350 388 677 445 προσελόμενοι.
738 387 994 444 μαχομένων
1013 388 1058 431 δέ
1088 399 1236 443 σφεων
1255 386 1324 429 ἐπὶ
1351 384 1449 441 χρό-

194 475 296 510 νον,
335 459 454 510 τέλος
498 458 668 501 τοιόνδε
697 457 861 513 ἐγένετο
900 460 975 513 τῆς
1003 455 1153 512 μάχης.
1213 458 1449 510 Προσβαλ-

195 525 355 581 λούσης
373 531 448 581 τῆς
477 528 613 569 ἵππου
635 525 743 569 κατὰ
769 525 910 574 τέλεα,
941 526 967 567 ὁ
983 524 1233 565 Μασιστίου
1252 522 1448 577 προέχων
1459 528 1505 562 50

194 598 283 637 τῶν
299 593 442 637 ἄλλων
463 595 593 643 ἵππος
612 592 811 647 βάλλεται
839 590 1066 646 τοξεύματι
1089 589 1143 632 τὰ
1161 589 1342 644 πλευρά·
1376 588 1449 633 ἆλ-

195 659 329 716 γήσας
369 660 441 713 δὲ,
489 661 655 703 ἵσταταί
691 677 734 704 τε
781 659 939 714 ὀρθὸς,
986 659 1061 701 καὶ
1101 657 1343 701 ἀποσείεται
1372 657 1448 702 τὸν

167 729 458 771 3Μασίστιον.
515 727 693 771 πεσόντι
735 729 781 771 δὲ
811 727 931 785 αὐτῷ
971 728 1014 768 οῖ
1040 725 1261 782 Ἀθηναῖοι
1291 725 1446 768 αὐτίκα

195 795 413 839 inensam·
443 793 521 837 τόν
552 811 596 838 τε
629 795 681 851 δή
715 797 848 838 ἵππον
879 793 1019 837 αὐτοῦ
1048 791 1342 849 λαμβάνουσι,
1373 793 1446 835 καὶ

195 860 330 905 αὐτόν
358 860 637 917 ἀμυνόμενον
665 865 905 913 κτείνουσι,
949 860 1039 906 κατ’
1071 860 1203 916 ἀρχὰς
1234 860 1288 904 οὐ
1320 859 1507 904 δυνά-55

166 933 331 984 4μενοι.
392 929 671 974 ἐνεσκεύαστο
699 931 782 986 γὰρ
813 929 954 974 οὕτω·
995 929 1118 980 έντός
1150 927 1336 984 θώρηκα
1367 925 1451 983 εἶχε

191 996 380 1053 χρύσεον
410 999 671 1042 λεπιδωτόν·
702 999 946 1052 κατύπερθε
975 998 1020 1040 δὲ
1046 1001 1126 1040 τοῦ
1154 995 1358 1052 θώρηκος
1387 1012 1452 1038 κι-

192 1068 322 1108 θῶνα
366 1067 592 1120 φοινίκεον
629 1065 862 1110 ἐνδεδύκεε.
920 1064 1153 1115 τύπτοντες
1206 1066 1251 1108 δὲ
1290 1064 1333 1114 ές
1372 1063 1451 1106 τόν

192 1131 398 1187 θώρηκα,
433 1133 610 1177 ἐποίευν
640 1133 791 1178 οὐδέν·
825 1134 930 1186 πρίν
958 1148 1005 1187 γε
1037 1133 1088 1189 δὴ
1120 1132 1276 1187 μαθών
1305 1148 1370 1183 τις
1399 1130 1450 1175 τὸ

163 1198 478 1254 5ποιεύμενον,
507 1203 623 1246 παίει
655 1219 732 1258 μιν
761 1201 803 1253 ές
839 1200 917 1244 τὸν
948 1199 1193 1257 ὀφθαλμόν.
1251 1199 1365 1245 οὕτω
1397 1198 1448 1256 δὴ
1463 1205 1508 1239 60

138 1376 178 1411 in
197 1375 357 1425 gratiam
378 1373 476 1410 dicta
499 1370 617 1409 videri
638 1371 793 1422 possint.
845 1371 1066 1421 provectus)
1056 1383 1132 1406 lam
1148 1370 1253 1420 attigi
1269 1369 1316 1407 ad
1329 1371 1393 1418 IV,
1413 1372 1506 1411 120.

137 1404 380 1482 Deoquovid.
401 1435 495 1468 nott.
517 1427 675 1476 adV111‚
700 1430 791 1468 139.
848 1429 956 1464 Bene
975 1428 1109 1477 Negris
1131 1428 1372 1478 participium
1392 1426 1507 1478 προέ-

138 1508 191 1517 —
212 1487 302 1523 Ad·
292 1500 415 1537 1psum
427 1491 694 1535 argumentum
705 1497 794 1521 con-

136 1545 277 1581 feratur
295 1540 487 1580 Plutarch.
508 1541 662 1578 Aristid.
691 1540 754 1580 14.

190 1596 284 1646 τούς
303 1595 465 1646 τοξότας
485 1597 789 1648 προσελόμενοι]

134 1656 161 1692 i.
190 1669 222 1693 e.
251 1657 416 1692 assumtis
452 1656 675 1703 sagittariis,
726 1655 791 1705 qui

135 1713 214 1749 scil.
234 1713 273 1748 in
294 1713 496 1748 Persarum
524 1713 664 1763 equites
684 1712 792 1747 iacu-

135 1769 172 1805 la
192 1770 339 1805 eminus
358 1770 564 1804 mitterent.
617 1769 791 1805 Trecen-

135 1825 165 1861 ti
195 1826 296 1861 enim
325 1825 380 1860 illi
413 1823 663 1861 Athenienses
702 1837 793 1874 gra-

135 1894 225 1918 vem
246 1888 476 1917 armaturam
491 1894 579 1917 cum
595 1880 791 1928 haberent,

136 1939 263 1974 minus
295 1944 399 1974 erant
424 1940 502 1988 apti
535 1936 583 1974 ad
606 1939 793 1988 impetum

138 1995 285 2030 eminus
306 1993 525 2030 arcendum.
546 2016 602 2022 -—
622 1993 685 2033 ἐπὶ
704 1989 794 2046 χρό-

136 2065 209 2089 νον
224 2051 323 2087 valet
338 2050 570 2100 aliquamdiu,
589 2057 631 2087 ut
650 2052 719 2097 IX,
740 2054 793 2092 70

136 2102 283 2158 χρόνον
295 2105 359 2146 ε’πὶ
379 2104 539 2148 πολλόν.
569 2105 670 2145 Add.
692 2108 790 2155 VIII,

137 2164 229 2202 129.
251 2165 320 2211 ΙΧ,
339 2165 404 2203 62.
427 2166 492 2203 67.
508 2166 585 2204 119
601 2177 650 2200 ne
670 2165 790 2214 plura,

135 2225 174 2256 et
195 2219 294 2256 conf.
315 2218 478 2256 Fischer.
495 2218 543 2256 ad
559 2221 719 2259 Weller.
739 2223 793 2257 III

135 2288 175 2325 p.
195 2275 275 2316 244
305 2288 339 2313 a.
359 2290 398 2327 p.
421 2276 515 2317 385.

195 2329 532 2384 Προσβαλλούσης
553 2334 624 2383 τῆς
648 2332 789 2384 ἵππου]

139 2387 195 2422 Ita
234 2401 254 2423 e
278 2390 497 2426 Florentino
537 2396 573 2426 et
602 2390 794 2427 Sancrofti

139 2442 234 2479 libro
263 2443 350 2481 dedi
378 2459 446 2496 pro
474 2446 579 2495 vulg.
615 2448 794 2497 προσβα-

140 2496 308 2549 λούσης,
348 2514 487 2552 quum,
507 2509 663 2539 notante
692 2506 795 2541 Mat-

141 2553 261 2603 thiae,
286 2569 412 2594 sensus
441 2560 506 2595 sit:
539 2573 668 2608 „quum
694 2565 792 2610 equi-

143 2614 241 2648 tatus
259 2612 445 2650 identidem
463 2617 608 2652 irrueret
632 2615 794 2666 (προσέ-

141 2666 275 2719 βαλλε)
305 2682 382 2705 nou
395 2699 405 2717 ‚
426 2683 527 2720 quum
546 2674 717 2712 irruisset
742 2694 791 2701 —

142 2723 249 2768 Quae
268 2733 497 2776 sequuntur:
521 2728 696 2779 προέχων
714 2732 793 2768 τῶν

141 2777 273 2820 α’λλων
297 2782 339 2831 (i.
362 2794 392 2818 e.
421 2795 508 2833 prae
541 2784 623 2822 aliis
652 2786 794 2836 longius

848 1499 928 1535 χων
943 1485 1099 1534 exponit
1111 1481 1382 1534 προελαῦνων·
1405 1480 1507 1523 υποὶ-

850 1556 958 1595 ycov
948 1556 1024 1592 προ
1045 1542 1126 1578 τῶν
1148 1537 1291 1578 α’λλων.

904 1597 1057 1636 ἵσταταί
1080 1611 1120 1635 τε
1150 1590 1277 1648 ὅρθος
1303 1611 1371 1635 και
1404 1611 1507 1636 απο-

848 1653 990 1693 σείεται
1007 1651 1078 1693 τόν
1092 1654 1337 1702 Μασίστιον]
1357 1652 1507 1690 Eadem

846 1711 988 1748 locutio
1009 1710 1090 1757 VII,
1115 1712 1166 1750 88
1179 1740 1192 1757 ‚
1228 1711 1293 1746 ubi
1311 1709 1389 1747 vid.
1406 1716 1504 1747 nott.

847 1767 1019 1805 Verbum
1041 1762 1300 1806 ἄποσείεσθαι
1317 1768 1356 1802 in
1369 1767 1507 1804 talibus

848 1825 999 1875 proprie
1020 1823 1191 1860 adhiberi
1209 1837 1230 1860 a
1248 1822 1508 1874 Xenophonte

851 1880 972 1929 [cuius
1000 1880 1077 1919 vid.
1103 1880 1316 1932 Cyropaed.
1345 1881 1436 1927 VII,
1473 1883 1509 1928 1,

851 1936 937 1987 18.]
974 1943 1011 1973 et
1039 1937 1223 1974 clement.
1242 1936 1506 1974 Alexandrino

851 1994 1024 2030 observat
1077 1993 1326 2032 Valckenaer.
1389 1995 1506 2031 citans

848 2057 1042 2101 praeterea
1061 2051 1208 2088 Platon.
1231 2052 1347 2100 Gorg.
1368 2064 1404 2100 p.
1424 2048 1508 2091 484

848 2109 896 2156 Α,
926 2108 992 2143 ubi
1012 2108 1146 2158 respici
1166 2108 1300 2144 volunt
1320 2106 1427 2143 Iliad.
1443 2107 1508 2156 VI,

849 2163 943 2204 507.
995 2162 1058 2200 Ad
1092 2164 1252 2201 verbum
1281 2163 1508 2203 ἐπικεῖσθαι

846 2220 888 2256 in
907 2233 1014 2272 seqq.
1036 2220 1084 2256 cf.
1107 2221 1181 2265 VI,
1212 2219 1276 2260 49.
1306 2221 1414 2267 VIII,
1451 2218 1505 2260 84

849 2283 885 2313 et
907 2276 954 2313 ad
974 2276 1063 2315 κατ’
1091 2272 1214 2327 α’ρχοῖς
1236 2283 1331 2314 nott.
1345 2276 1394 2313 ad
1405 2277 1505 2325 VIII,

849 2335 915 2375 88.
941 2355 986 2361 —
1018 2331 1080 2370 Ad
1101 2334 1215 2370 verba
1243 2328 1415 2383 θώρηκα
1442 2335 1506 2371 λε-

847 2387 1019 2430 πιδωτὸν
1041 2389 1116 2427 vid.
1138 2397 1232 2427 nott.
1262 2389 1310 2426 ad
1333 2391 1422 2437 Vll,
1451 2391 1502 2430 61

849 2453 886 2483 et
915 2448 963 2484 cf.
984 2448 1160 2496 Mongez.
1192 2448 1231 2482 in
1251 2446 1428 2483 Memoir.
1459 2444 1507 2482 de

847 2504 872 2540 l’
894 2505 1057 2541 Institut.
1078 2505 1127 2540 T.
1148 2504 1198 2540 IV
1217 2516 1304 2553 pag.
1327 2503 1394 2542 49.

907 2559 946 2606 ἒς
982 2557 1051 2599 τόν
1088 2555 1322 2609 ὀφθαλμόν]
1354 2560 1508 2596 Plutar-

850 2615 962 2664 chus,
985 2618 1205 2653 observante
1235 2617 1292 2652 W
1295 2616 1506 2666 esselingio‚

854 2673 967 2710 Arist.
1002 2674 1050 2713 14
1071 2685 1160 2723 pag·
1190 2674 1269 2712 327
1289 2674 1333 2710 Β.
1359 2675 1502 2713 τοῦτον

851 2727 923 2780 μὲν
942 2745 967 2782 ῃ
994 2744 1039 2769 το
1065 2727 1211 2780 κράνος
1239 2727 1438 2779 υπέφαινε
1465 2725 1512 2769 οἷ-

849 2786 1012 2826 κοντίου
1045 2783 1210 2839 στύρακι
1225 2786 1356 2827 παίων
1387 2801 1446 2837 τις
1464 2781 1511 2826 οἷ·-
