1839 3292
303 190 387 230 494

352 298 422 333 not.
445 297 473 340 Ι,
495 296 565 330 216
588 299 658 331 not.
691 296 941 340 quinquaginta
977 296 1020 330 ad

351 344 445 388 regis
466 345 661 386 sepulcrum
693 344 910 386 strangulant
932 341 1022 385 Scy-

354 391 445 428 thae,
478 390 538 431 lv,
572 390 616 422 72
650 389 729 421 coll.
760 400 788 421 e.
812 388 871 424 60.
913 399 1021 430 equus

352 437 525 471 camelum
548 434 752 468 reformidat
781 438 814 466 et
837 434 914 466 ideo
938 445 1021 466 cou-

352 487 408 517 tra
429 493 535 524 equos
571 480 694 512 cameli
723 480 889 520 instructi,
923 480 948 520 I,
976 478 1022 512 80

352 532 424 562 not.
467 528 540 568 ΠΙ,
570 526 625 559 87.
668 525 747 568 equi
778 525 850 558 vim
883 525 1020 568 hyemis

352 575 468 608 ferunt
484 573 517 605 iu
543 571 701 615 Scythia,
725 583 828 614 quam
854 583 916 604 nec
933 571 1022 604 muli

353 631 417 653 nec
451 618 550 658 asini,
585 619 643 659 IV,
667 618 724 651 28.
767 618 858 661 apud
898 619 1022 651 Persas

353 666 531 699 habebant
554 664 706 704 nomina,
732 664 795 704 ΙΙΙ,
827 663 883 697 88.
918 675 1022 706 equo-

354 723 434 745 rum
465 710 642 752 regiorum
677 711 812 744 foetura
844 710 878 742 in
902 710 1023 753 Baby-

355 757 462 797 lonia,
503 758 530 799 1,
570 757 648 790 192.
697 756 776 798 equi
819 756 1024 788 Thessaliae

353 807 576 848 praestantes,
601 803 676 843 VII,
701 801 778 835 196.
808 803 887 844 equi
910 813 1024 846 augu-

354 851 460 890 rium,
500 849 564 889 ΙΙΙ,
599 847 645 882 84
685 853 755 881 not.
791 849 871 882 coll.
906 848 964 889 IV,
988 846 1022 880 7.

355 896 436 939 equi
460 895 495 927 in
518 895 630 937 Libya
652 898 686 927 et
707 895 852 936 Cyrene,
876 893 933 935 IV,
956 892 1024 926 170

355 947 425 975 not.
449 941 527 983 equi
552 941 710 982 Neptuno
733 940 836 981 sacri,
870 940 931 980 IV,
955 938 1024 972 188

355 992 426 1022 not.
449 998 555 1028 equos
577 987 670 1020 alere
693 986 735 1018 ad
754 986 854 1018 ludos
870 985 904 1018 in
915 985 1025 1018 Grae-

355 1034 412 1067 cia
456 1033 567 1066 solent
599 1032 753 1073 ditiores,
789 1032 846 1073 VI,
878 1030 925 1064 35
953 1034 1024 1063 not.

355 1080 415 1119 VI,
449 1077 517 1111 125
550 1082 620 1110 not.
659 1089 765 1119 equos
799 1077 1024 1121 quadriiugos

354 1126 500 1168 iungere
523 1123 649 1157 Graeci
673 1124 716 1157 ab
739 1123 834 1156 Afris
864 1123 1026 1164 didicere,

353 1172 415 1212 IV,
428 1170 506 1204 189.
531 1182 636 1213 equos
659 1170 702 1203 ad
712 1174 873 1203 venatum
897 1170 933 1202 in
943 1180 1026 1202 ven-

353 1222 444 1251 trem
466 1217 593 1250 cubare
626 1216 767 1249 edoctos
799 1217 926 1249 ducunt
945 1216 1024 1260 Iyt-

354 1275 427 1304 cae,
469 1263 528 1303 IV,
559 1262 616 1296 2⁰2.
664 1262 743 1305 eqni
788 1261 1024 1306 Sigynnarum

355 1310 487 1352 quales,
522 1309 564 1349 V,
589 1309 621 1342 9.
646 1309 823 1350 Indorum,
853 1308 917 1349 111,
943 1307 1022 1340 106.

356 1356 437 1397 equi
460 1354 577 1388 §isaei
600 1354 741 1395 Medici,
764 1354 825 1395 III,
842 1354 922 1387 106.
949 1354 1025 1395 VII,

355 1401 413 1435 40.
447 1401 526 1444 equi
558 1401 629 1434 albi
660 1400 782 1434 triceni
815 1411 836 1433 a
860 1400 1026 1434 Cilicibus

355 1447 465 1482 Dario
490 1447 620 1480 tributo
644 1447 745 1490 pendi
768 1446 872 1484 soliti,
897 1445 1023 1486 ΙΙΙ,90.

355 1505 524 1537 equorum
559 1493 662 1526 iubae
694 1503 756 1536 pro
790 1492 902 1526 cristis
935 1491 1025 1535 apud

356 1540 527 1574 Asiaticos
548 1539 746 1582 Aethiopes,
769 1539 846 1579 VII,
867 1538 923 1572 70.
947 1537 1027 1580 equi

356 1586 495 1619 hinnitu
523 1585 652 1618 Darius
685 1585 858 1627 quomodo
878 1595 1026 1627 regnum

356 1636 489 1672 nactus,
519 1632 579 1670 111,
609 1629 759 1665 85-87.
789 1642 895 1673 equus
921 1629 1026 1663 Masi-

357 1677 416 1711 stii
451 1677 564 1720 ipsum
594 1676 733 1717 excutit,
768 1676 827 1713 lx,
850 1675 908 1710 22.
937 1686 1025 1718 equo

356 1734 460 1756 crura
484 1735 562 1756 cum
585 1723 731 1766 genibus
752 1722 887 1755 abscisa
901 1747 910 1762 ‚
934 1721 1026 1764 quod

355 1769 536 1803 dominum
558 1772 738 1809 straverat,
749 1768 826 1809 VII,
837 1767 893 1802 88.
917 1779 1025 1811 equus

355 1815 496 1859 Artyhii
519 1815 554 1848 in
578 1820 755 1849 armatum
777 1815 867 1859 erigi
893 1814 1027 1855 doctus,

356 1862 403 1903 V,
429 1862 505 1894 111.

311 1919 519 1963 Equisonem
556 1917 651 1962 regis
684 1917 838 1960 Scythae
871 1927 950 1949 cum
971 1928 1029 1949 re-

355 1976 401 2009 ge
445 1965 607 1998 defuncto
652 1963 832 2007 sepeliunt,
874 1963 936 2003 IV,
969 1962 1026 1996 71.

357 2010 530 2053 equisonis
568 2014 603 2044 et
634 2010 715 2053 equi
752 2009 880 2042 virtute
903 2009 1028 2042 Darius

357 2058 402 2090 ad
438 2068 585 2101 regnum
618 2059 807 2099 promotus,
839 2055 902 2097 III,
936 2053 1027 2088 85-

312 2161 482 2204 Equitare
520 2160 642 2192 docent
673 2159 800 2192 liberos
846 2157 966 2191 statim
1005 2168 1028 2191 a

359 2207 477 2249 quinto
501 2217 589 2239 anuo
615 2207 751 2246 Persae,
775 2205 803 2245 I,
827 2204 907 2237 136.

311 2253 499 2296 Equitatus
535 2252 659 2285 Xerxis
690 2256 849 2294 quantus,
881 2249 957 2292 VII,
982 2248 1028 2283 8}

359 2303 428 2330 not.
453 2309 509 2339 seq
537 2322 546 2330 .

313 2344 458 2388 Equites
481 2309 642 2386 Splartae,
666 2341 760 2382 VIII,
786 2340 853 2374 124
876 2344 944 2373 not.
980 2340 1027 2374 cf.

359 2394 430 2422 not.
454 2390 497 2422 ad
524 2390 597 2429 Vll,
623 2386 692 2421 205
716 2392 747 2420 et
772 2388 815 2419 ad
844 2387 904 2428 lx,
930 2385 986 2418 85.

314 2436 498 2477 Erasinus,
544 2435 576 2468 ss.
611 2446 651 2467 ex
685 2433 905 2476 Stymphalio
950 2433 1027 2465 lacu

359 2482 480 2522 fluens,
508 2481 566 2521 VI,
590 2479 636 2512 76
659 2483 727 2512 not.
761 2478 955 2512 Cleomenis
986 2479 1026 2510 (le

351 2539 393 2560 eo
417 2528 558 2567 (lictum,
579 2527 661 2559 ibid.

315 2573 534 2616 Erechtheus,
559 2584 619 2606 rex
634 2569 907 2612 Atheniensium,
935 2568 1027 2610 VIII,

833 189 864 228 1.
892 187 1052 224 INDEX
1079 188 1270 225 RERUM.

1122 296 1179 330 4³..
1204 295 1390 340 Orithyiae
1416 297 1525 339 pater,
1550 294 1628 338 ΠΙ,
1650 295 1731 331 189.
1754 295 1788 330 ei

1122 343 1213 385 apud
1237 344 1360 376 Athen.
1385 353 1483 376 sacra
1506 342 1666 376 adferunt
1703 342 1790 386 Epi-

1122 388 1247 428 daurii,
1279 389 1317 427 V,
1349 387 1404 421 82.
1443 389 1518 422 eius
1550 388 1720 432 templum
1752 387 1790 422 in

1122 445 1201 467 arce
1225 433 1500 475 Atheniensium,
1532 435 1623 471 vlu,
1648 432 1694 467 55
1717 438 1788 469 not.

1122 480 1336 513 Erechtheus
1358 478 1522 523 γηγενής,
1545 480 1641 520 VIII,
1666 478 1722 514 55.

1076 525 1230 564 Eretria,
1260 526 1287 567 Ι,
1311 525 1366 558 61.
1401 533 1521 558 contra
1553 526 1724 560 Eretriam
1756 528 1791 560 et

1122 573 1297 613 Athenas,
1332 572 1435 604 duces
1466 572 1649 605 Persarum
1683 571 1791 612 missi,

1122 618 1180 658 1‘1,
1218 618 1274 651 43.
1306 617 1363 650 94.
1397 617 1607 650 Eretrienses
1652 617 1792 651 Ionicae

1122 663 1249 708 stirpis,
1277 664 1369 703 VIII,
1385 661 1443 699 46.
1468 674 1488 695 a
1512 663 1628 696 Persis
1642 663 1791 704 subacti,

1124 710 1185 750 vl,
1218 709 1295 742 101.
1331 709 1421 742 Susa
1452 708 1613 749 abducti,
1642 709 1792 743 clemen-

1123 759 1176 789 ter
1199 767 1220 789 a
1245 755 1352 788 Dario
1377 754 1527 798 tractati,
1556 755 1617 796 VI,
1630 754 1697 789 119
1720 758 1792 790 not.

1124 801 1371 835 Eretriensium
1395 812 1498 834 naves
1521 801 1671 834 Milesiis
1693 801 1793 835 auxi-

1125 848 1263 888 liantur,
1295 851 1334 880 ut
1365 847 1518 891 gratiam
1559 847 1722 889 reddant,
1749 847 1791 889 V,

1123 894 1180 929 99.
1219 893 1429 927 Eretrienses
1472 893 1517 926 ad
1565 893 1792 934 Salaminem,

1124 939 1218 980 vm,
1251 939 1306 972 46.
1344 938 1379 971 in
1411 940 1627 973 Graecorum
1649 939 1725 974 acie
1746 939 1793 973 ad

1124 985 1298 1023 Plataeas,
1320 985 1380 1023 IX,
1404 984 1461 1018 28.

1079 1030 1270 1075 Ergadeis,
1293 1031 1338 1063 T.
1362 1030 1413 1063 111
1436 1042 1468 1074 p.
1491 1030 1561 1064 798
1583 1042 1654 1074 seq.

1079 1077 1270 1116 Eridanus,
1293 1076 1432 1118 fluxius,
1453 1076 1515 1118 ΙΙΙ,
1539 1075 1607 1110 115
1621 1079 1691 1111 not.
1713 1076 1792 1111 Vid-

1126 1123 1314 1155 Electrum.

1079 1170 1234 1202 Erineon
1256 1179 1364 1209 mons,
1387 1167 1482 1208 VIII,
1504 1167 1560 1201 43.

1079 1216 1227 1258 Erinyes
1250 1214 1327 1247 Laii
1351 1217 1385 1248 et
1409 1214 1544 1257 Oedipi,
1566 1213 1625 1255 IV,
1642 1211 1710 1247 149
1720 1215 1792 1247 not.

1125 1262 1177 1293 De
1204 1260 1373 1302 scriptura
1419 1260 1588 1301 nominis,
1634 1259 1693 1302 IV,
1725 1258 1794 1293 119

1126 1310 1195 1341 not.
1215 1309 1249 1349 *)
1273 1306 1342 1339 vid.
1367 1306 1587 1340 Eumenides.

1081 1352 1258 1395 Erochus,
1303 1363 1381 1396 opp.
1422 1352 1598 1394 Phocidis,
1629 1350 1724 1394 VIII,
1747 1349 1794 1384 33

1127 1404 1196 1432 not.

1082 1444 1196 1478 Error
1219 1444 1311 1488 parit
1335 1444 1481 1485 damna,
1508 1444 1584 1484 VII,
1608 1442 1664 1477 10.

1082 1492 1277 1533 Ermuder,
1301 1491 1381 1525 Cois
1390 1495 1499 1534 pater,
1522 1491 1580 1530 lv,
1593 1489 1650 1524 97.
1674 1489 1717 1528 V,
1735 1487 1794 1522 37.

1081 1538 1246 1581 Erycina,
1287 1537 1386 1581 regio
1417 1537 1452 1570 in
1476 1536 1597 1569 Sicilia
1619 1532 1660 1578 (ἦ
1684 1533 1797 1578 Ἐρυ-

1127 1585 1208 1625 πίνη
1238 1580 1368 1626 χώρη),
1403 1584 1444 1623 Y,
1468 1581 1522 1616 45.
1556 1579 1598 1626 (ἡ
1629 1579 1795 1625 ”Ερυκος

1126 1627 1258 1672 χώρη),
1283 1641 1324 1662 ex
1348 1628 1423 1662 Laii
1448 1629 1597 1662 oraculis
1633 1627 1795 1663 Heracli-

1127 1676 1251 1708 darum
1275 1679 1337 1715 est,
1360 1675 1405 1717 V,
1430 1674 1487 1708 43.

1081 1720 1250 1764 Erythea,
1274 1720 1339 1754 ins.
1364 1731 1473 1764 prope
1497 1720 1626 1760 Gades,
1648 1719 1712 1761 IV,
1734 1717 1771 1753 8.

1081 1778 1330 1821 Erythrobolus
1351 1775 1543 1823 (Ἐρυθρὴ
1559 1776 1710 1821 βῶλος),
1733 1787 1795 1809 ru-

1129 1825 1191 1857 bra
1214 1825 1330 1868 gleba,
1360 1836 1439 1868 opp.
1464 1823 1616 1868 Aegypti
1651 1823 1701 1856 sic
1731 1832 1795 1856 no-

1127 1871 1310 1912 minatum,
1334 1871 1379 1911 II,
1404 1869 1484 1904 111.

1082 1926 1271 1971 Erythrae,
1303 1929 1426 1961 Ionum
1459 1927 1583 1960 civitas
1613 1925 1649 1959 in
1697 1924 1795 1966 Asia,

1127 1985 1264 2014 nomen,
1298 1974 1326 2016 I,
1360 1973 1428 2007 142
1448 1977 1518 2007 not.
1551 1970 1737 2017 Erythraei
1760 1973 1795 2004 et

1128 2020 1205 2052 Chii
1228 2021 1370 2053 eandem
1410 2018 1578 2053 sermonis
1601 2017 1795 2061 proprieta-

1128 2069 1198 2098 tem
1221 2072 1367 2107 servant,
1390 2066 1471 2099 ibid.
1495 2077 1574 2098 cum
1598 2063 1695 2098 Chiis
1720 2063 1795 2095 bel-

1128 2111 1203 2144 lum
1224 2117 1360 2155 gerunt,
1383 2113 1411 2152 I,
1437 2111 1492 2145 18.
1532 2111 1566 2144 in
1591 2110 1665 2143 acie
1681 2109 1794 2142 Grae-

1131 2169 1249 2190 corum
1274 2159 1316 2191 ad
1342 2158 1511 2198 Miletum,
1534 2157 1592 2198 1⁴1,
1615 2155 1649 2189 8.
1823 2188 1826 2191 .

1083 2202 1269 2246 Erythrae,
1293 2204 1459 2237 Boeotiae
1484 2214 1574 2244 opp.‚
1606 2197 1795 2243 Ἐρυθραὶ

1128 2249 1194 2291 τῆς
1212 2250 1397 2291 Βοιωτίης,
1419 2247 1609 2290 1x‚15not.
1623 2246 1679 2281 19.
1703 2247 1792 2290 Ery-

1130 2295 1268 2327 thraeus
1291 2306 1446 2337 campus,
1472 2296 1499 2336 I,
1520 2293 1577 2328 25.
1821 2326 1826 2338 ‹

1082 2342 1208 2384 Erymo,
1233 2341 1399 2373 Arcesilai
1409 2341 1525 2382 vidua,
1549 2338 1667 2373 mariti
1688 2337 1793 2373 inter-
1822 2342 1827 2350 '

1129 2391 1295 2419 emtorem
1321 2392 1428 2426 necat,
1454 2387 1513 2426 IV,
1539 2386 1618 2419 160.

1082 2433 1287 2473 meantem,
1313 2444 1371 2465 rex
1396 2433 1471 2473 Axi,
1495 2434 1553 2474 IV,
1577 2431 1656 2467 154.

1080 2479 1286 2519 Elem-chus,
1312 2479 1572 2512 Ammoniorum
1589 2489 1660 2519 rex,
1673 2476 1716 2518 II,
1735 2475 1792 2510 52.

1081 2525 1247 2564 Eteocles,
1272 2525 1511 2558 Laodamantis
1534 2529 1646 2568 pater,
1670 2523 1710 2564 V,
1736 2523 1792 2555 61.

1083 2570 1290 2612 Emmaus,
1316 2571 1440 2604 Careni
1462 2571 1528 2615 fit,
1550 2567 1701 2613 vn,173
1722 2572 1794 2603 not.

408 2752 437 2790 '')
473 2753 561 2787 Add.
583 2752 804 2785 Ktihlstaedt.
829 2751 1020 2787 observatt.
1041 2750 1132 2785 critt.
1161 2751 1205 2785 de
1226 2751 1382 2796 Tragicc.
1400 2753 1542 2787 Graece.
1562 2751 1699 2786 dialect.
1719 2751 1793 2786 Re-

317 2797 382 2832 val.
405 2798 492 2833 1832
508 2811 540 2842 p.
563 2798 640 2834 135.
