1839 3292
396 238 466 275 DE
495 235 620 274 VITA
647 234 720 272 ET
749 231 982 272 SCRIPTIS
1010 233 1292 271 HERODOTI.
1508 238 1594 279 427

111 349 257 387 fabulas
277 349 323 386 ab
339 345 530 384 Herodoto
549 344 711 383 historiis
741 344 929 382 admixtas
967 358 1046 382 esse
1074 343 1380 396 pronuntiarunt.
1439 344 1593 384 Potionis

112 405 308 443 cuiusdam
335 405 476 440 librum
515 417 573 442 πε
589 418 610 453 ρ
627 402 641 442 ὶ
674 404 764 452 τῆς
790 401 876 453 ‘HQ
890 397 1078 441 οόότου
1112 403 1198 440 κλο
1215 415 1244 438 π
1258 402 1319 450 ἧς
1357 406 1472 451 atque
1503 402 1593 452 περὶ

111 465 183 513 τῆς
211 461 388 510 Κτησίου
408 462 558 509 κλοπῆς
584 466 772 496 memorat
786 459 926 497 Euseb.
946 459 986 494 in
1006 459 1181 508 Praepar.
1205 458 1352 506 Evang.
1371 457 1411 492 X
1442 469 1479 506 p.
1513 456 1592 498 467

109 520 158 559 D.
211 516 350 554 Adhuc
369 517 486 553 fertur
505 517 603 553 inter
623 513 814 552 Plutarchi
833 516 968 564 scripta
988 515 1134 550 libellus
1159 512 1249 564 περὶ
1275 515 1342 563 τῆς
1372 508 1593 564 Ἡροδότου

109 571 355 624 κακοηθείας
386 574 434 609 Τ.
462 574 497 609 II
518 587 554 623 p.
590 571 797 622 854‘seq.3
829 583 943 622 quem
970 577 1099 606 tamen
1120 571 1258 606 librum
1288 582 1309 605 a
1337 567 1594 605 Chaeronensi

108 629 335 681 philosopho
363 630 544 679 scriptum
573 641 650 664 esse
671 629 828 663 minime
856 626 1028 674 credam,
1059 625 1126 662 sed
1153 627 1230 662 eius
1246 626 1389 675 scriptis
1409 626 1508 661 male
1534 626 1594 661 in-

108 692 271 735 sertum,
302 687 440 738 quippe
460 685 671 735 profectum
692 684 738 719 ab
760 683 973 719 officiosiori
993 681 1160 733 quodam
1182 683 1365 718 Graeculo
1379 710 1388 725 ‚
1427 694 1471 718 eo
1503 694 1595 718 con-

109 743 214 791 silio,
245 755 321 794 quo
351 740 535 778 eiusmodi
566 741 673 790 plura
693 741 732 775 in
753 738 991 775 Herodotum
1019 739 1180 775 conficta
1201 751 1279 774 esse
1307 739 1523 774 notavimus
1543 736 1593 774 ad

109 799 207 843 VIII,
235 798 300 839 94.
321 799 372 835 Τ.
391 798 442 834 IV
464 811 501 847 p.
531 798 622 836 129.
688 797 876 832 Nimirum
905 801 1036 832 auctor
1072 796 1282 845 scriptionis
1310 795 1492 841 Boeotos,
1521 806 1595 844 po-

110 856 259 905 pulares
285 867 391 902 suos,
430 854 475 889 ab
497 853 540 889 iis
563 853 792 900 criminibus,
824 865 987 903 quorum
1006 864 1068 888 eos
1086 864 1169 888 reos
1202 851 1342 888 fecerat
1361 850 1589 898 Herodotus,

108 912 231 947 Persis
250 911 333 946 illos
351 923 390 946 se
411 909 625 946 adiunxisse
646 916 776 946 contra
795 910 959 960 reliquos
979 910 1142 945 Graecos
1163 908 1374 955 enuntians,
1387 906 1480 943 dum
1499 920 1594 957 pur-

108 979 199 1017 gare
217 965 363 1014 studet,
400 979 477 1018 quo
507 966 641 1002 melius
670 967 903 1016 propositum
924 972 1142 1016 assequatur
1167 966 1207 1000 in
1227 965 1448 1001 universum
1468 966 1594 999 Hero-

109 1023 189 1060 doti
212 1021 406 1059 historiam
425 1023 683 1073 persequitur,
714 1021 816 1059 hunc
836 1023 1056 1072 scriptorem
1075 1021 1262 1058 malevolo
1284 1021 1412 1056 animo
1435 1019 1594 1056 ductum

107 1092 167 1116 res
187 1079 293 1116 aliter
312 1086 425 1130 atque
460 1078 685 1126 acciderint,
717 1077 911 1115 tradidisse
932 1079 1098 1114 clamans
1112 1107 1122 1125 ,
1162 1078 1285 1114 multa
1302 1076 1454 1113 finxisse
1468 1106 1478 1124 ,
1522 1077 1595 1112 alia

107 1136 289 1183 tacuisse,
319 1137 398 1172 aliis
431 1134 584 1172 laudem
602 1136 795 1181 tribuisse,
827 1135 987 1171 aliorum
1006 1135 1166 1184 gloriam
1196 1132 1389 1170 invidiosis
1414 1133 1594 1169 crimina-

109 1192 273 1229 tionibus
304 1193 540 1238 obscurasse,
579 1193 659 1228 veri
696 1192 853 1227 minime
890 1192 1095 1227 curiosum.
1173 1189 1283 1235 Quod
1330 1190 1471 1226 nullius
1510 1190 1593 1226 fere

108 1249 295 1284 momenti
323 1261 424 1296 esse,
467 1250 506 1284 in
536 1249 778 1284 annotatione
799 1246 845 1283 ad
875 1247 1063 1297 singulos,
1094 1259 1188 1298 quos
1218 1247 1287 1282 iste
1308 1253 1440 1282 auctor
1458 1247 1592 1295 tangit,

109 1304 212 1342 locos
232 1305 493 1355 probavimusz,
523 1311 565 1341 ut
591 1317 680 1341 sane
706 1303 881 1354 putidum
901 1305 949 1339 sit
967 1302 1104 1339 diutius
1128 1303 1168 1338 in
1195 1303 1330 1338 talibus
1352 1302 1593 1341 commorari.

108 1362 166 1397 Ac
194 1362 318 1411 plures
347 1362 418 1398 viri
444 1360 544 1397 docti
588 1360 734 1396 dudum
762 1358 945 1396 Herodoti
971 1372 1124 1396 causam
1144 1366 1274 1395 contra
1295 1360 1480 1408 malignas
1506 1359 1595 1395 istas

108 1429 300 1468 vanasque
316 1418 593 1454 criminationes
614 1423 870 1466 susceperunt,
891 1412 936 1463 ³⁶⁹)
965 1416 1004 1451 in
1032 1416 1166 1466 quibus
1189 1414 1389 1465 splendent
1408 1413 1593 1451 Ioachim.

111 1474 368 1522 Camerarius,
401 1472 547 1524 Ioseph.
576 1474 767 1523 Scaliger,
802 1473 988 1508 Henricns
1016 1469 1250 1522 Stephanus,
1286 1471 1347 1506 alii
1380 1478 1416 1507 et
1444 1471 1595 1521 potissi-

108 1542 219 1566 mum
246 1531 390 1567 Geinoz
421 1531 461 1566 in
491 1530 660 1580 pluribus
691 1529 1084 1566 Commentationibus
1114 1529 1213 1564 Actt.
1234 1526 1382 1564 Acadd.
1402 1528 1594 1576 Inscriptt.

108 1586 276 1633 inserti83
313 1587 447 1638 quibus
476 1585 611 1622 iisdem
637 1599 725 1622 usus
759 1593 813 1622 est
847 1586 1072 1621 Kaltwasser
1105 1585 1145 1620 in
1166 1583 1409 1620 adnotatione
1430 1584 1595 1620 versioni

107 1643 333 1680 vernaculae
367 1641 586 1679 Plutarchei
614 1643 731 1679 libelli
749 1643 937 1689 subiecta,
968 1642 1034 1677 ubi
1063 1639 1110 1677 de
1130 1641 1210 1690 ipso
1229 1641 1326 1676 libro
1357 1641 1430 1676 tale
1450 1640 1521 1675 fert
1536 1641 1595 1676 iu-

108 1697 274 1736 dicium:
306 1699 719 1747 „Uebelverstandener
738 1700 996 1735 Patriotismus
1017 1710 1096 1734 war
1112 1710 1173 1743 es,
1210 1709 1287 1733 was
1318 1695 1392 1732 den
1421 1703 1524 1733 sonst
1552 1709 1594 1733 so

108 1754 411 1792 einsichtsvollen
449 1755 530 1792 und
565 1755 784 1806 verniinftig
824 1753 1056 1792 denkenden
1085 1752 1268 1790 Plutarch
1300 1753 1487 1803 bewogen
1515 1750 1593 1802 hat,

109 1810 210 1849 diese
230 1810 423 1849 ha'mische
440 1811 702 1862 Abhandlung
722 1825 846 1862 gegen
866 1811 1037 1848 Herodot
1057 1824 1105 1847 zu
1124 1809 1323 1847 schreiben
1345 1816 1416 1846 etc.
1438 1810 1538 1846 etc.“

219 1869 408 1904 Libellum
427 1870 587 1905 alterum
608 1869 661 1905 De
697 1869 776 1905 Vita
796 1868 952 1914 Homeri,
981 1869 1046 1919 qui
1073 1867 1250 1905 Herodoti
1267 1879 1356 1917 prae
1375 1879 1414 1903 se
1431 1866 1503 1902 fert
1522 1878 1595 1902 no-

108 1936 226 1972 men,
256 1925 380 1961 ionica
410 1924 569 1962 dialecto
598 1926 873 1975 conscriptum,
925 1923 1120 1960 Herodoto
1148 1923 1488 1971 Halicarnassensi,
1532 1921 1595 1958 hi-

108 1981 244 2018 storiae
264 1982 360 2031 patri
379 1983 513 2018 merito
530 1981 825 2018 abiudicandum
847 1987 1000 2018 censent
1019 1981 1089 2017 viri
1110 1979 1223 2015 docti.
1267 1979 1594 2028 Vid.Wesseling.

110 2036 159 2073 ad
184 2037 266 2074 init.
298 2051 335 2087 p.
358 2040 435 2077 761
469 2037 529 2076 ed.
551 2051 638 2075 suae
659 2037 841 2074 Herodot.
870 2038 1017 2074 Fabric.
1046 2043 1082 2072 et
1102 2037 1245 2072 Harles.
1276 2037 1314 2071 in
1336 2036 1434 2073 Bibl.
1458 2036 1594 2071 Graec.

108 2094 156 2139 Π,
185 2096 203 2132 1
233 2094 269 2138 §.
291 2097 328 2134 ὃ.
359 2095 408 2130 Τ.
437 2095 454 2130 Ι
474 2108 509 2144 p.
532 2096 612 2135 319
632 2108 737 2147 seqq.
767 2101 803 2131 et
823 2095 870 2143 H,
888 2097 942 2135 20
963 2095 997 2140 ξ.
1014 2092 1039 2132 4
1069 2093 1135 2141 (Τ.
1153 2093 1189 2128 ΙΙ
1208 2106 1245 2143 p.
1267 2091 1381 2141 334).
1414 2090 1595 2128 Larcher.

109 2147 293 2187 Herodot.
314 2151 365 2188 T.
381 2151 431 2187 VI
449 2164 486 2201 p.
507 2153 603 2192 213.

779 2296 817 2342 ξ.
850 2297 915 2336 17.

222 2419 323 2456 Inter
355 2418 501 2458 codices
532 2418 715 2457 Herodoti
743 2417 869 2457 adhuc
901 2419 1073 2470 cognitos
1102 2419 1272 2469 prifflum
1304 2418 1432 2454 locum
1462 2422 1593 2454 tenere

111 2479 264 2525 putatur
283 2475 475 2524 ZlIediceus,
504 2478 836 2524 membranaceus,
858 2477 924 2513 fol.
945 2478 1039 2514 min.
1069 2477 1196 2513 seculo
1228 2474 1376 2511 decimo
1406 2481 1593 2521 exaratus,

113 2538 264 2567 auctore
285 2532 448 2569 Bandini
467 2535 505 2569 in
528 2534 698 2584 Catalog.
721 2533 842 2570 Codd.
865 2535 1021 2570 Graeco.
1043 2533 1134 2569 bibl.
1162 2534 1342 2568 Laurent.
1361 2532 1396 2566 11
1417 2531 1488 2568 col.
1512 2530 1593 2570 657

111 2600 205 2639 seq„
236 2600 256 2623 a
275 2589 410 2625 Iacobo
432 2591 621 2628 Gronovio
639 2592 775 2627 iuvene
799 2591 1010 2626 Florentiae
1032 2588 1125 2625 dum
1144 2589 1381 2634 versabatur,
1420 2593 1593 2623 accurate

112 2645 269 2681 collatus
289 2651 326 2682 et
344 2647 594 2697 superstitiosa
612 2660 735 2699 paene
754 2647 998 2686 veneratione
1018 2646 1153 2695 cultus,
1174 2646 1225 2682 ita
1244 2651 1286 2682 ut
1294 2644 1355 2683 vel
1366 2643 1596 2681 manifestis-

203 2833 240 2879 *)
263 2833 339 2868 Vid.
363 2833 499 2868 Fabric.
522 2833 610 2868 Bibl.
636 2836 762 2870 Graec.
785 2835 831 2869 T.
855 2834 888 2868 II
910 2845 944 2880 p.
966 2833 1045 2869 332.
