1839 3292
453 277 521 313 DE
552 275 677 313 VITA
706 274 779 311 ET
810 272 1044 311 SCRIPTIS
1071 273 1352 316 HERODOTI.
1559 278 1645 319 387

160 395 332 440 tempore
358 384 433 423 hoc
465 386 705 424 Herodotum
724 384 883 424 Athenis
912 386 1048 435 fuisse,
1088 383 1191 422 unde
1224 391 1389 438 quatuor
1416 392 1505 424 ante
1535 389 1643 427 annis

161 444 260 495 (444
281 456 315 481 a.
337 442 425 482 Chr.
447 444 502 493 n.)
525 443 691 480 Thurios
710 444 817 480 illum
840 443 1047 480 discessisse
1069 443 1250 480 colonum
1277 441 1394 479 modo
1424 444 1641 493 posuimus!

161 500 240 540 Sed
267 499 362 536 haec
392 502 560 552 quaestio
591 502 792 537 coniuncta
821 507 876 536 est
898 513 986 536 cum
1009 500 1122 536 altera
1153 498 1200 536 de
1221 498 1413 550 Sophocle
1436 500 1644 538 Herodotei

160 557 282 608 operis
303 555 406 593 haud
427 570 565 608 paucas
597 558 796 594 sententias
813 586 823 603 ,
855 555 1057 603 dictiones,
1092 557 1302 592 locutiones
1321 556 1361 592 in
1381 569 1466 593 suas
1481 557 1644 594 transfe-

158 620 267 651 rente
286 613 431 651 fabulas
453 621 488 650 et
510 612 772 650 Herodoteum
801 611 952 648 dicendi
978 624 1098 662 genus
1129 613 1316 649 imitante.
1371 614 1430 649 De
1452 626 1527 665 quo
1555 612 1644 651 vide

158 669 277 708 modo
299 677 391 707 nott.
415 670 462 707 ad
482 671 511 717 I,
532 673 566 708 1.
587 670 652 716 III,
678 671 769 708 119.
825 670 986 706 Excurs.
1008 669 1056 705 T.
1076 670 1112 704 II
1131 682 1168 719 p.
1184 669 1263 709 656
1280 681 1374 720 seq.‚
1399 671 1535 721 quibus
1555 669 1644 708 add.

159 728 271 764 allata
289 727 331 762 111
358 728 466 775 libro,
497 727 560 776 qui
580 726 806 771 inscribitur,
833 726 999 774 Zeituug
1027 724 1055 761 f.
1079 723 1115 762 d.
1139 725 1300 774 elegant.
1323 726 1432 763 Welt
1455 729 1562 768 1832
1582 740 1644 768 nr,

164 781 244 823 104
267 795 306 833 p.
334 782 429 823 825.
486 783 559 827 Qui
591 782 694 818 enim
723 781 892 818 maxime
916 780 992 817 hue
1012 787 1154 831 spectat
1177 783 1393 831 Antigonae
1423 783 1528 820 locus
1548 783 1643 832 905,

161 852 279 891 quem
310 851 358 874 ex
376 837 591 875 Herodoteo
618 839 702 875 loco
728 839 792 885 III,
813 840 889 878 119
914 837 1072 874 ductum
1097 838 1252 885 volunt,
1283 839 1313 874 is
1332 839 1491 889 scriptus
1511 840 1644 891 utique

161 909 241 932 esse
262 894 373 931 debet
395 902 479 946 post
498 893 597 931 hanc
619 893 827 931 Herodotei
846 895 930 931 libri
948 901 1096 945 partem
1115 895 1266 945 publice
1287 896 1463 932 emissam
1484 902 1549 932 aut
1569 897 1643 933 alio

161 964 237 1003 quo
257 950 373 987 modo
404 952 623 1003 aequalibus
641 952 846 1000 cognitam.
904 953 1000 988 Acta
1027 952 1130 987 enim
1151 958 1205 988 est
1222 952 1418 1001 Antigona
1440 965 1541 989 anno
1561 951 1640 992 441

160 1020 195 1047 a.
218 1006 308 1048 Chr,
328 1021 366 1044 n.
388 1022 417 1048 s.
441 1009 594 1060 Olymp.
614 1008 828 1054 LXXXIV,
848 1005 874 1046 4
894 1009 1011 1044 tribus
1037 1009 1153 1058 igitur
1178 1014 1262 1057 post
1282 1008 1467 1045 Herodoti
1502 1007 1644 1045 disces-

161 1077 247 1101 sum
268 1065 386 1102 annis.
446 1064 523 1101 Sed
553 1065 703 1115 gravior
724 1065 765 1100 111
799 1062 871 1100 hac
903 1065 1122 1116 quaestione
1143 1065 1317 1101 obiicitur
1348 1065 1440 1101 alter
1460 1064 1645 1102 Herodoti

158 1121 264 1158 locus
292 1121 337 1167 V,
359 1123 424 1168 77,
453 1120 556 1157 unde
582 1120 758 1158 historiae
777 1127 925 1171 patrem
946 1127 1046 1158 certe
1067 1127 1150 1171 post
1171 1133 1316 1157 annum
1336 1119 1417 1161 437
1438 1134 1472 1158 a.
1494 1119 1582 1162 Chr.
1603 1135 1645 1158 n.

158 1190 188 1217 s.
210 1177 364 1228 Olymp.
384 1178 580 1224 LXXXV,
609 1176 647 1218 4,
677 1176 838 1214 Athenis
867 1177 980 1214 fuisse
1014 1178 1183 1227 colligas.
1241 1177 1347 1222 Quae
1373 1190 1462 1214 cum
1490 1178 1543 1214 ita
1572 1179 1647 1215 sint

161 1240 200 1270 et
229 1235 356 1284 Heyse
376 1234 401 1271 l.
429 1234 454 1272 l.
475 1248 513 1284 p.
536 1237 589 1275 68
611 1241 647 1270 et
671 1235 815 1284 Iaeger.
833 1247 871 1283 p.
899 1236 952 1274 27
976 1233 1214 1270 Herodotum
1236 1234 1365 1284 primis
1388 1235 1549 1282 colonis,
1581 1235 1648 1286 qui

161 1288 331 1327 Thurios
352 1302 452 1327 anno
471 1288 552 1329 444
577 1303 611 1326 3.
634 1289 722 1330 Chr.
749 1304 789 1327 n.
821 1289 1081 1338 discesserunt,
1109 1291 1299 1327 accenseri
1318 1303 1428 1342 posse
1450 1297 1647 1341 negantes,

161 1347 306 1398 aliquot
336 1353 419 1396 post
449 1348 556 1383 annis
584 1348 624 1382 in
652 1347 841 1384 coloniam
859 1348 937 1382 iam
967 1346 1160 1384 conditam
1177 1347 1292 1383 Illum
1314 1361 1354 1384 se
1374 1348 1557 1398 recepisse
1577 1360 1650 1398 po-

161 1410 282 1440 nunt:
314 1410 356 1439 ut
383 1404 460 1439 iam
487 1416 568 1440 11011
595 1403 916 1455 quadragenarius
947 1403 1012 1439 sed
1035 1404 1381 1455 quinquagenarius
1411 1404 1531 1440 ferme
1557 1405 1650 1442 111110

161 1461 295 1496 abiisse
323 1458 512 1510 putandus
531 1461 588 1496 sit.
649 1458 738 1506 Sed,
768 1460 840 1495 alia
859 1466 901 1496 ut
919 1466 1080 1508 taceam,
1107 1459 1243 1497 diserta
1263 1461 1377 1496 Plinii
1398 1467 1434 1497 et
1454 1461 1651 1498 Strabonis

161 1517 376 1553 testimonia
409 1529 521 1567 supra
555 1516 666 1552 allata
696 1529 847 1567 prorsus
879 1515 1139 1566 refragantur,
1168 1517 1267 1553 bene
1294 1524 1476 1553 monente
1497 1530 1651 1569 quoque

160 1573 356 1610 Voemelio
372 1572 432 1609 l.l.
453 1586 492 1623 p.
504 1575 544 1613 7.
561 1575 597 1613 8.
624 1574 756 1624 Itaque
770 1573 905 1609 malim
923 1580 1088 1610 statuere
1110 1586 1199 1610 cum
1210 1574 1477 1610 C.Hermanno
1497 1570 1650 1622 meost)

160 1628 413 1676 Herodotum,
429 1631 493 1681 qui
509 1642 608 1665 anno
628 1628 711 1669 444
732 1642 767 1666 a.
788 1628 875 1666 Chr.
896 1642 936 1666 n.
952 1629 1119 1667 Thurios
1149 1631 1281 1681 utique
1301 1636 1461 1667 cesserat
1481 1631 1652 1678 colonus,

160 1692 290 1737 postea
319 1687 459 1722 iterum
490 1687 529 1721 in
560 1687 760 1722 Graeciam
786 1687 982 1723 revertisse
1021 1699 1142 1739 eaque
1169 1687 1367 1723 occasione
1394 1685 1564 1724 Athenas
1592 1687 1654 1724 vi-

161 1744 272 1779 sisse:
304 1741 406 1794 quod
425 1741 528 1778 idem
549 1744 702 1794 Lysiam
718 1744 849 1780 secisse
870 1744 1099 1794 accepimus.
1156 1743 1255 1788 Quin
1271 1750 1521 1796 posteaquam
1536 1742 1654 1781 Thu-

160 1800 208 1836 rii
228 1799 274 1835 ab
304 1797 597 1837 Atheniensibus
620 1799 859 1836 descivissent
882 1813 982 1836 anno
1003 1800 1083 1840 412
1106 1812 1138 1837 a.
1162 1798 1250 1837 Chr.
1263 1813 1301 1839 n.
1321 1813 1351 1837 s.
1365 1801 1515 1852 Olymp.
1531 1800 1654 1849 XCII,

164 1859 185 1895 1
210 1862 246 1892 et
265 1856 393 1906 Lysias
409 1857 547 1907 aliique
574 1855 824 1893 Athenienses
848 1857 927 1892 solo
954 1855 1087 1892 cedere
1109 1857 1229 1893 coacti
1250 1864 1385 1905 essent,
1401 1856 1505 1894 haud
1527 1856 1655 1894 credi-

162 1912 238 1949 bile
259 1919 333 1959 est,
372 1911 527 1948 Thuriis
558 1914 779 1949 remansisse
810 1911 1070 1959 Herodotum;
1107 1925 1223 1964 quem
1252 1914 1284 1950 si
1316 1913 1487 1951 Athenas
1508 1926 1656 1963 regres-

162 1980 250 2005 sum
273 1970 470 2018 ponimns,
502 1970 630 2006 licebit
666 1982 820 2020 quoque
841 1982 930 2005 cum
949 1971 1170 2005 Hermanno
1198 1971 1459 2007 recitationem
1485 1971 1655 2007 Atticam

162 2025 204 2061 in
225 2023 298 2060 hoc
321 2031 483 2075 tempus,
505 2026 571 2061 ubi
593 2024 835 2062 historiarum
857 2038 949 2076 opus
970 2027 1181 2062 maximam
1202 2033 1303 2062 certe
1323 2034 1471 2077 partem
1500 2027 1655 2063 absolu-

163 2088 247 2118 tum
263 2081 351 2125 fuit,
384 2080 598 2121 detrudere.
645 2083 695 2118 Et
712 2089 792 2118 tum
816 2095 968 2134 quoque
990 2081 1037 2118 de
1057 2083 1219 2119 Decelea
1242 2095 1337 2134 quae
1357 2090 1558 2119 narrantur
1582 2083 1654 2131 IX,

162 2140 216 2178 73
239 2139 355 2174 oculis
375 2140 497 2188 potius
514 2151 630 2190 quam
650 2139 802 2176 auribus
823 2152 844 2174 a
863 2152 952 2175 sene
972 2140 1113 2189 percipi
1143 2146 1359 2190 potuerunt.
1390 2136 1462 2188 ἐμὲ)
1520 2141 1655 2191 Itaque

163 2194 401 2231 verissimum
424 2194 540 2242 duco,
574 2195 677 2247 quod
701 2197 943 2232 Hermannus
964 2197 1089 2246 posuit
1108 2197 1158 2233 T.
1178 2197 1214 2232 II
1233 2210 1271 2246 p.
1293 2198 1386 2243 661,
1415 2194 1478 2232 hic
1499 2208 1654 2247 quoque

163 2251 389 2300 repetenda:
451 2251 570 2299 „illud
608 2259 778 2289 constare
799 2253 978 2299 arbitror,
1017 2265 1078 2289 eas
1109 2253 1229 2303 operis
1254 2259 1391 2303 partes,
1413 2265 1510 2304 quae
1533 2253 1655 2289 Grae-

165 2308 245 2342 ciae
272 2321 329 2344 res
352 2306 722 2360 Atheniensiumque
742 2308 872 2345 laudes
894 2310 1102 2356 continent,
1129 2310 1244 2345 serius
1280 2321 1395 2360 quam
1425 2310 1541 2359 vulgo
1571 2322 1654 2345 cre-

167 2361 297 2411 datur,
328 2371 365 2400 et
385 2368 610 2415 compositas
629 2367 674 2402 ab
695 2366 760 2402 illo
783 2373 818 2401 et
847 2366 1018 2403 recitatas
1050 2364 1209 2402 Athenis
1230 2378 1330 2412 esse3
1362 2366 1502 2416 priores
1526 2365 1653 2413 libros,

168 2420 303 2470 quibus
326 2421 507 2457 itinerum
527 2435 683 2458 suorum
718 2423 946 2458 memoriam
978 2429 1272 2473 exterarumque
1300 2424 1501 2458 nationum
1529 2434 1654 2458 mores

168 2482 281 2526 atque
301 2489 358 2512 res
378 2485 498 2526 gestas
520 2480 755 2528 consignavit
771 2507 781 2527 ,
817 2480 976 2515 minime
997 2480 1242 2530 repugnabo,
1280 2479 1310 2515 si
1344 2480 1446 2530 quis,
1488 2479 1654 2515 collectis

167 2532 344 2569 omnibus
360 2561 370 2581 ‚
401 2546 498 2585 quae
518 2536 597 2573 veri
616 2537 753 2573 similla
773 2548 852 2574 esse
870 2548 984 2587 supra
1003 2535 1180 2585 indicavi,
1210 2537 1287 2572 iam
1305 2542 1392 2572 ante
1414 2533 1653 2572 Thuriorum

258 2720 297 2765 *J
322 2720 399 2756 Vid.
421 2732 525 2767 supra
540 2722 584 2756 T.
607 2722 642 2756 II
664 2734 700 2768 p.
723 2724 801 2759 658.

259 2787 319 2831 **)
344 2788 568 2833 Amphipolin,
591 2801 678 2835 quae
704 2803 788 2825 anno
812 2793 880 2828 437
903 2802 935 2827 a.
961 2790 1042 2825 Chr.
1067 2790 1202 2824 condita
1227 2793 1301 2830 est,
1326 2789 1459 2822 Noster
1480 2789 1654 2833 ignorasse

168 2832 323 2874 videtum
349 2834 439 2866 nulla
462 2835 587 2880 quippe
609 2837 731 2871 notitia
753 2837 850 2871 huius
874 2837 1022 2871 coloniae
1044 2837 1088 2871 ad
1112 2836 1321 2870 Herodotum
1342 2835 1375 2868 in
1390 2835 1489 2869 Italia
1508 2846 1652 2868 commo-

169 2884 299 2913 tantem
323 2879 498 2915 devenisse
521 2881 667 2917 videtur.
714 2883 770 2917 Cf.
796 2883 874 2925 VII,
900 2884 976 2917 114.
1290 2928 1344 2970 25
1354 2925 1388 2952 ᾔ.
