<?xml version="1.0" encoding="UTF-8"?>
<!DOCTYPE html PUBLIC "-//W3C//DTD XHTML 1.0 Transitional//EN"
    "http://www.w3.org/TR/xhtml1/DTD/xhtml1-transitional.dtd">
<html xmlns="http://www.w3.org/1999/xhtml" xml:lang="en" lang="en">
 <head>
  <title>
</title>
<meta http-equiv="Content-Type" content="text/html;charset=utf-8" />
  <meta name='ocr-system' content='tesseract 3.04.00' />
  <meta name='ocr-capabilities' content='ocr_page ocr_carea ocr_par ocr_line ocrx_word'/>
</head>
<body>
  <div class='ocr_page' id='page_1' title='image "./musaeher04hero/musaeher04hero_0224.png"; bbox 0 0 1839 3292; ppageno 0'>
   <div class='ocr_carea' id='block_1_1' title="bbox 51 989 327 1026">
    <p class='ocr_par' dir='ltr' id='par_1_1' title="bbox 51 989 327 1026">
     <span class='ocr_line' id='line_1_1' title="bbox 51 989 327 1026; baseline 0.007 -9"><span class='ocrx_word' id='word_1_1' title='bbox 51 989 170 1018; x_wconf 68' lang='lat' dir='ltr'>tandem</span> <span class='ocrx_word' id='word_1_2' title='bbox 205 991 327 1026; x_wconf 77' lang='lat' dir='ltr'>auxilia,</span> 
     </span>
    </p>
   </div>
   <div class='ocr_carea' id='block_1_2' title="bbox 50 1024 313 1086">
    <p class='ocr_par' dir='ltr' id='par_1_2' title="bbox 50 1024 313 1086">
     <span class='ocr_line' id='line_1_2' title="bbox 50 1024 313 1064; baseline 0.008 -13"><span class='ocrx_word' id='word_1_3' title='bbox 50 1024 202 1064; x_wconf 61' lang='lat' dir='ltr'>Pausania</span> <span class='ocrx_word' id='word_1_4' title='bbox 227 1024 313 1061; x_wconf 81' lang='lat' dir='ltr'>duce,</span> 
     </span>
     <span class='ocr_line' id='line_1_3' title="bbox 52 1061 182 1086; baseline -0.008 0"><span class='ocrx_word' id='word_1_5' title='bbox 52 1061 182 1086; x_wconf 76' lang='lat' dir='ltr'>unttunt.</span> 
     </span>
    </p>
   </div>
   <div class='ocr_carea' id='block_1_3' title="bbox 374 215 458 256">
    <p class='ocr_par' dir='ltr' id='par_1_3' title="bbox 374 215 458 256">
     <span class='ocr_line' id='line_1_4' title="bbox 374 215 458 256; baseline 0 0"><span class='ocrx_word' id='word_1_6' title='bbox 374 215 458 256; x_wconf 84' lang='lat'>216</span> 
     </span>
    </p>
   </div>
   <div class='ocr_carea' id='block_1_4' title="bbox 775 209 1239 249">
    <p class='ocr_par' dir='ltr' id='par_1_4' title="bbox 775 209 1239 249">
     <span class='ocr_line' id='line_1_5' title="bbox 775 209 1239 249; baseline -0.006 0"><span class='ocrx_word' id='word_1_7' title='bbox 775 209 1239 249; x_wconf 86' lang='lat' dir='ltr'>HERODOTI</span> 
     </span>
    </p>
   </div>
   <div class='ocr_carea' id='block_1_5' title="bbox 346 314 1700 918">
    <p class='ocr_par' dir='ltr' id='par_1_5' title="bbox 346 314 1700 918">
     <span class='ocr_line' id='line_1_6' title="bbox 379 314 1641 380; baseline -0.009 -12"><span class='ocrx_word' id='word_1_8' title='bbox 379 323 492 380; x_wconf 80' lang='grc' dir='ltr'><em>οἶνήρ</em></span> <span class='ocrx_word' id='word_1_9' title='bbox 528 321 756 378; x_wconf 75' lang='grc' dir='ltr'><em>Τεγεήτης,</em></span> <span class='ocrx_word' id='word_1_10' title='bbox 790 317 1034 373; x_wconf 85' lang='grc' dir='ltr'><em>δυνάμενος</em></span> <span class='ocrx_word' id='word_1_11' title='bbox 1064 317 1110 360; x_wconf 81' lang='grc' dir='ltr'>ἐν</span> <span class='ocrx_word' id='word_1_12' title='bbox 1139 319 1434 371; x_wconf 86' lang='grc' dir='ltr'><em>Λακεδαίμονι</em></span> <span class='ocrx_word' id='word_1_13' title='bbox 1463 314 1641 370; x_wconf 75' lang='grc' dir='ltr'><em>μέγιστα</em></span> 
     </span>
     <span class='ocr_line' id='line_1_7' title="bbox 374 382 1641 445; baseline -0.009 -10"><span class='ocrx_word' id='word_1_14' title='bbox 374 393 549 445; x_wconf 83' lang='grc' dir='ltr'><em>ξείνων,</em></span> <span class='ocrx_word' id='word_1_15' title='bbox 589 393 677 432; x_wconf 77' lang='grc' dir='ltr'>τῶν</span> <span class='ocrx_word' id='word_1_16' title='bbox 704 386 879 441; x_wconf 80' lang='grc' dir='ltr'><em>ἐφόρων</em></span> <span class='ocrx_word' id='word_1_17' title='bbox 908 385 1095 429; x_wconf 82' lang='grc' dir='ltr'><em>ἐπύθετο</em></span> <span class='ocrx_word' id='word_1_18' title='bbox 1143 384 1284 427; x_wconf 88' lang='grc' dir='ltr'><em>πάντα</em></span> <span class='ocrx_word' id='word_1_19' title='bbox 1318 384 1450 438; x_wconf 76' lang='grc' dir='ltr'><em>λόγον</em></span> <span class='ocrx_word' id='word_1_20' title='bbox 1479 382 1557 426; x_wconf 86' lang='grc' dir='ltr'>τὸν</span> <span class='ocrx_word' id='word_1_21' title='bbox 1588 383 1641 438; x_wconf 82' lang='grc' dir='ltr'>δὴ</span> 
     </span>
     <span class='ocr_line' id='line_1_8' title="bbox 346 449 1640 513; baseline -0.005 -12"><span class='ocrx_word' id='word_1_22' title='bbox 346 461 426 503; x_wconf 76' lang='grc' dir='ltr'>2οἱ</span> <span class='ocrx_word' id='word_1_23' title='bbox 453 458 686 513; x_wconf 80' lang='grc' dir='ltr'><em>Ἀθηναῖοι</em></span> <span class='ocrx_word' id='word_1_24' title='bbox 728 455 887 510; x_wconf 77' lang='grc' dir='ltr'><em>ἔλεγον.</em></span> <span class='ocrx_word' id='word_1_25' title='bbox 948 451 1144 502; x_wconf 75' lang='grc' dir='ltr'>οἰκούσας</span> <span class='ocrx_word' id='word_1_26' title='bbox 1174 451 1219 494; x_wconf 79' lang='grc' dir='ltr'>δὲ</span> <span class='ocrx_word' id='word_1_27' title='bbox 1258 449 1281 494; x_wconf 89' lang='grc' dir='ltr'>ὁ</span> <span class='ocrx_word' id='word_1_28' title='bbox 1312 454 1481 503; x_wconf 80' lang='grc' dir='ltr'><em>Χίλεος,</em></span> <span class='ocrx_word' id='word_1_29' title='bbox 1527 451 1640 505; x_wconf 75' lang='grc' dir='ltr'><em>ἔλεγε</em></span> 
     </span>
     <span class='ocr_line' id='line_1_9' title="bbox 378 517 1697 580; baseline -0.008 -12"><span class='ocrx_word' id='word_1_30' title='bbox 378 525 465 580; x_wconf 74' lang='grc' dir='ltr'>ἄρα</span> <span class='ocrx_word' id='word_1_31' title='bbox 496 536 576 580; x_wconf 97' lang='grc' dir='ltr'><em>σφι</em></span> <span class='ocrx_word' id='word_1_32' title='bbox 604 523 724 567; x_wconf 84' lang='grc' dir='ltr'><em>τάδε·</em></span> <span class='ocrx_word' id='word_1_33' title='bbox 757 522 912 575; x_wconf 84' lang='grc' dir='ltr'><em>,,Οὕτω</em></span> <span class='ocrx_word' id='word_1_34' title='bbox 944 521 1050 577; x_wconf 73' lang='grc' dir='ltr'><em>ἔχει,</em></span> <span class='ocrx_word' id='word_1_35' title='bbox 1085 519 1242 573; x_wconf 76' lang='grc' dir='ltr'><em>ἄνδρες</em></span> <span class='ocrx_word' id='word_1_36' title='bbox 1280 518 1449 574; x_wconf 71' lang='grc' dir='ltr'><em>ἔφοροι·</em></span> <span class='ocrx_word' id='word_1_37' title='bbox 1503 517 1697 574; x_wconf 83' lang='grc' dir='ltr'><strong>Ἀθη-30</strong></span> 
     </span>
     <span class='ocr_line' id='line_1_10' title="bbox 379 586 1640 648; baseline -0.006 -12"><span class='ocrx_word' id='word_1_38' title='bbox 379 594 516 636; x_wconf 82' lang='grc' dir='ltr'><em>ναίων</em></span> <span class='ocrx_word' id='word_1_39' title='bbox 546 591 652 648; x_wconf 66' lang='grc' dir='ltr'><em>ἡμῖν</em></span> <span class='ocrx_word' id='word_1_40' title='bbox 691 590 854 634; x_wconf 81' lang='grc' dir='ltr'><em>ἐόντων</em></span> <span class='ocrx_word' id='word_1_41' title='bbox 895 589 951 644; x_wconf 80' lang='grc' dir='ltr'>μή</span> <span class='ocrx_word' id='word_1_42' title='bbox 982 587 1203 644; x_wconf 84' lang='grc' dir='ltr'><em>οἷρθμίων,</em></span> <span class='ocrx_word' id='word_1_43' title='bbox 1245 591 1307 644; x_wconf 77' lang='grc' dir='ltr'>τῷ</span> <span class='ocrx_word' id='word_1_44' title='bbox 1350 586 1395 629; x_wconf 78' lang='grc' dir='ltr'>δὲ</span> <span class='ocrx_word' id='word_1_45' title='bbox 1432 587 1640 643; x_wconf 79' lang='grc' dir='ltr'><em>βαρβάρῳ</em></span> 
     </span>
     <span class='ocr_line' id='line_1_11' title="bbox 377 654 1643 716; baseline -0.006 -12"><span class='ocrx_word' id='word_1_46' title='bbox 377 660 664 716; x_wconf 84' lang='grc' dir='ltr'><em>,,συμμάχων,</em></span> <span class='ocrx_word' id='word_1_47' title='bbox 701 659 776 702; x_wconf 84' lang='grc' dir='ltr'>καί</span> <span class='ocrx_word' id='word_1_48' title='bbox 815 674 894 712; x_wconf 90' lang='grc' dir='ltr'><em>περ</em></span> <span class='ocrx_word' id='word_1_49' title='bbox 935 659 1093 712; x_wconf 85' lang='grc' dir='ltr'><em>τείχεος</em></span> <span class='ocrx_word' id='word_1_50' title='bbox 1120 655 1192 699; x_wconf 82' lang='grc' dir='ltr'><em>διά</em></span> <span class='ocrx_word' id='word_1_51' title='bbox 1230 660 1310 698; x_wconf 89' lang='grc' dir='ltr'>τοῦ</span> <span class='ocrx_word' id='word_1_52' title='bbox 1338 654 1513 711; x_wconf 81' lang='grc' dir='ltr'><em>Ἰσθμοῦ</em></span> <span class='ocrx_word' id='word_1_53' title='bbox 1543 655 1643 711; x_wconf 80' lang='grc' dir='ltr'><em>ἐλη-</em></span> 
     </span>
     <span class='ocr_line' id='line_1_12' title="bbox 379 722 1643 785; baseline -0.006 -12"><span class='ocrx_word' id='word_1_54' title='bbox 379 729 596 785; x_wconf 82' lang='grc' dir='ltr'><em>,,λαμε’νου</em></span> <span class='ocrx_word' id='word_1_55' title='bbox 613 730 838 780; x_wconf 80' lang='grc' dir='ltr'><strong><em>καρτεροῦ,</em></strong></span> <span class='ocrx_word' id='word_1_56' title='bbox 869 725 1052 781; x_wconf 76' lang='grc' dir='ltr'><em>μεγάλαι</em></span> <span class='ocrx_word' id='word_1_57' title='bbox 1081 722 1294 773; x_wconf 76' lang='grc' dir='ltr'><em>κλισιάδες</em></span> <span class='ocrx_word' id='word_1_58' title='bbox 1325 723 1643 767; x_wconf 79' lang='grc' dir='ltr'><em>ἀναπεπτέαται</em></span> 
     </span>
     <span class='ocr_line' id='line_1_13' title="bbox 378 789 1644 853; baseline -0.006 -12"><span class='ocrx_word' id='word_1_59' title='bbox 378 797 451 851; x_wconf 58' lang='grc' dir='ltr'>»ἐς</span> <span class='ocrx_word' id='word_1_60' title='bbox 480 796 559 853; x_wconf 77' lang='grc' dir='ltr'>τήν</span> <span class='ocrx_word' id='word_1_61' title='bbox 591 796 931 850; x_wconf 85' lang='grc' dir='ltr'><em>Πελοπόννησον</em></span> <span class='ocrx_word' id='word_1_62' title='bbox 954 797 1014 849; x_wconf 81' lang='grc' dir='ltr'>τῷ</span> <span class='ocrx_word' id='word_1_63' title='bbox 1039 793 1201 848; x_wconf 82' lang='grc' dir='ltr'><em>Πέρσῃ.</em></span> <span class='ocrx_word' id='word_1_64' title='bbox 1261 789 1348 834; x_wconf 78' lang='grc' dir='ltr'><em>αλλ’</em></span> <span class='ocrx_word' id='word_1_65' title='bbox 1382 791 1644 835; x_wconf 82' lang='grc' dir='ltr'><em>ἐσακούσατε</em></span> 
     </span>
     <span class='ocr_line' id='line_1_14' title="bbox 379 859 1700 918; baseline -0.005 -12"><span class='ocrx_word' id='word_1_66' title='bbox 379 864 510 916; x_wconf 87' lang='grc' dir='ltr'><em>,,πρίν</em></span> <span class='ocrx_word' id='word_1_67' title='bbox 556 881 597 906; x_wconf 90' lang='grc' dir='ltr'><em>τι</em></span> <span class='ocrx_word' id='word_1_68' title='bbox 626 863 729 906; x_wconf 80' lang='grc' dir='ltr'><em>ἄλλο</em></span> <span class='ocrx_word' id='word_1_69' title='bbox 755 861 1038 918; x_wconf 82' lang='grc' dir='ltr'><em>Ἀθηναίοισι</em></span> <span class='ocrx_word' id='word_1_70' title='bbox 1057 860 1201 912; x_wconf 80' lang='grc' dir='ltr'><em>δόξαι,</em></span> <span class='ocrx_word' id='word_1_71' title='bbox 1233 859 1412 914; x_wconf 80' lang='grc' dir='ltr'><em>σφάλμα</em></span> <span class='ocrx_word' id='word_1_72' title='bbox 1432 860 1572 916; x_wconf 84' lang='grc' dir='ltr'><em>φέρον</em></span> <span class='ocrx_word' id='word_1_73' title='bbox 1592 864 1644 917; x_wconf 85' lang='grc' dir='ltr'>τῇ</span> <span class='ocrx_word' id='word_1_74' title='bbox 1657 864 1700 901; x_wconf 85' lang='grc'>35</span> 
     </span>
    </p>
   </div>
   <div class='ocr_carea' id='block_1_6' title="bbox 261 927 1648 1055">
    <p class='ocr_par' dir='ltr' id='par_1_6' title="bbox 261 927 1648 1055">
     <span class='ocr_line' id='line_1_15' title="bbox 261 927 1644 987; baseline 0 -16"><span class='ocrx_word' id='word_1_75' title='bbox 261 927 328 972; x_wconf 82' lang='lat'>10</span> <span class='ocrx_word' id='word_1_76' title='bbox 385 930 620 985; x_wconf 79' lang='grc' dir='ltr'><em>,,Ἑλλάδι.“</em></span> <span class='ocrx_word' id='word_1_77' title='bbox 675 931 725 974; x_wconf 91' lang='grc' dir='ltr'>Ὁ</span> <span class='ocrx_word' id='word_1_78' title='bbox 753 931 831 987; x_wconf 86' lang='grc' dir='ltr'>μέν</span> <span class='ocrx_word' id='word_1_79' title='bbox 861 942 940 986; x_wconf 90' lang='grc' dir='ltr'><em>σφι</em></span> <span class='ocrx_word' id='word_1_80' title='bbox 971 932 1109 972; x_wconf 78' lang='grc' dir='ltr'><em>ταῦτα</em></span> <span class='ocrx_word' id='word_1_81' title='bbox 1147 927 1444 983; x_wconf 86' lang='grc' dir='ltr'><em>συνεβούλευε.</em></span> <span class='ocrx_word' id='word_1_82' title='bbox 1507 930 1550 971; x_wconf 85' lang='grc' dir='ltr'>οἱ</span> <span class='ocrx_word' id='word_1_83' title='bbox 1585 928 1644 980; x_wconf 78' lang='grc' dir='ltr'>δὲ,</span> 
     </span>
     <span class='ocr_line' id='line_1_16' title="bbox 387 994 1648 1055; baseline -0.002 -14"><span class='ocrx_word' id='word_1_84' title='bbox 387 999 517 1054; x_wconf 86' lang='grc' dir='ltr'><em>φρενὶ</em></span> <span class='ocrx_word' id='word_1_85' title='bbox 545 999 754 1055; x_wconf 82' lang='grc' dir='ltr'><em>λαβόντες</em></span> <span class='ocrx_word' id='word_1_86' title='bbox 790 998 869 1042; x_wconf 83' lang='grc' dir='ltr'>τόν</span> <span class='ocrx_word' id='word_1_87' title='bbox 904 996 1058 1052; x_wconf 81' lang='grc' dir='ltr'><em>λόγον,</em></span> <span class='ocrx_word' id='word_1_88' title='bbox 1098 994 1253 1038; x_wconf 82' lang='grc' dir='ltr'><em>αὐτίκα</em></span> <span class='ocrx_word' id='word_1_89' title='bbox 1284 995 1532 1050; x_wconf 84' lang='grc' dir='ltr'><em>φράσαντες</em></span> <span class='ocrx_word' id='word_1_90' title='bbox 1571 995 1648 1038; x_wconf 81' lang='grc' dir='ltr'>ού-</span> 
     </span>
    </p>
   </div>
   <div class='ocr_carea' id='block_1_7' title="bbox 383 1062 1704 1257">
    <p class='ocr_par' dir='ltr' id='par_1_7' title="bbox 383 1062 1704 1257">
     <span class='ocr_line' id='line_1_17' title="bbox 387 1062 1648 1121; baseline -0.004 -12"><span class='ocrx_word' id='word_1_91' title='bbox 387 1067 461 1110; x_wconf 81' lang='grc' dir='ltr'>δὲν</span> <span class='ocrx_word' id='word_1_92' title='bbox 490 1071 604 1109; x_wconf 88' lang='grc' dir='ltr'><em>τοῖσι</em></span> <span class='ocrx_word' id='word_1_93' title='bbox 632 1064 853 1121; x_wconf 74' lang='grc' dir='ltr'><em>ἀγγέλοισι</em></span> <span class='ocrx_word' id='word_1_94' title='bbox 878 1070 991 1108; x_wconf 90' lang='grc' dir='ltr'><em>τοῖσι</em></span> <span class='ocrx_word' id='word_1_95' title='bbox 1030 1062 1303 1118; x_wconf 78' lang='grc' dir='ltr'><em>ἀπιγμένοισι</em></span> <span class='ocrx_word' id='word_1_96' title='bbox 1334 1062 1418 1106; x_wconf 76' lang='grc' dir='ltr'>ἀπὸ</span> <span class='ocrx_word' id='word_1_97' title='bbox 1449 1067 1538 1105; x_wconf 76' lang='grc' dir='ltr'>τῶν</span> <span class='ocrx_word' id='word_1_98' title='bbox 1567 1077 1648 1105; x_wconf 82' lang='grc' dir='ltr'>πο-</span> 
     </span>
     <span class='ocr_line' id='line_1_18' title="bbox 384 1132 1650 1188; baseline -0.005 -10"><span class='ocrx_word' id='word_1_99' title='bbox 384 1136 490 1178; x_wconf 88' lang='grc' dir='ltr'><em>λίων</em></span> <span class='ocrx_word' id='word_1_100' title='bbox 519 1132 676 1183; x_wconf 83' lang='grc' dir='ltr'><em>νυκτὸς</em></span> <span class='ocrx_word' id='word_1_101' title='bbox 706 1133 765 1175; x_wconf 77' lang='grc' dir='ltr'><em>ἔτι</em></span> <span class='ocrx_word' id='word_1_102' title='bbox 796 1132 1062 1188; x_wconf 81' lang='grc' dir='ltr'><em>ἐκπέμπουσι</em></span> <span class='ocrx_word' id='word_1_103' title='bbox 1091 1132 1465 1185; x_wconf 84' lang='grc' dir='ltr'><em>πεντακισχιλίους</em></span> <span class='ocrx_word' id='word_1_104' title='bbox 1496 1134 1650 1186; x_wconf 85' lang='grc' dir='ltr'><em>Σπαρ-</em></span> 
     </span>
     <span class='ocr_line' id='line_1_19' title="bbox 383 1197 1704 1257; baseline -0.003 -13"><span class='ocrx_word' id='word_1_105' title='bbox 383 1201 583 1257; x_wconf 80' lang='grc' dir='ltr'><em>τιητέων,</em></span> <span class='ocrx_word' id='word_1_106' title='bbox 614 1201 687 1244; x_wconf 85' lang='grc' dir='ltr'>καὶ</span> <span class='ocrx_word' id='word_1_107' title='bbox 717 1200 824 1245; x_wconf 78' lang='grc' dir='ltr'><em>ἑπτά</em></span> <span class='ocrx_word' id='word_1_108' title='bbox 853 1201 952 1256; x_wconf 88' lang='grc' dir='ltr'><em>περὶ</em></span> <span class='ocrx_word' id='word_1_109' title='bbox 980 1199 1164 1243; x_wconf 77' lang='grc' dir='ltr'><em>ἕκαστον</em></span> <span class='ocrx_word' id='word_1_110' title='bbox 1183 1197 1384 1250; x_wconf 78' lang='grc' dir='ltr'><em>τάξαντες</em></span> <span class='ocrx_word' id='word_1_111' title='bbox 1405 1202 1493 1242; x_wconf 76' lang='grc' dir='ltr'>τῶν</span> <span class='ocrx_word' id='word_1_112' title='bbox 1523 1197 1641 1243; x_wconf 78' lang='grc' dir='ltr'><em>εῖλῶ·</em></span> <span class='ocrx_word' id='word_1_113' title='bbox 1658 1203 1704 1240; x_wconf 85' lang='grc' dir='ltr'>4ο</span> 
     </span>
    </p>
   </div>
   <div class='ocr_carea' id='block_1_8' title="bbox 332 1309 608 1316">
    <p class='ocr_par' dir='ltr' id='par_1_8' title="bbox 332 1309 608 1316">
     <span class='ocr_line' id='line_1_20' title="bbox 332 1309 608 1316; baseline 0 1976"><span class='ocrx_word' id='word_1_114' title='bbox 332 1309 608 1316; x_wconf 95' lang='lat' dir='ltr'> </span> 
     </span>
    </p>
   </div>
   <div class='ocr_carea' id='block_1_9' title="bbox 330 1370 1014 2843">
    <p class='ocr_par' dir='ltr' id='par_1_9' title="bbox 330 1370 999 2045">
     <span class='ocr_line' id='line_1_21' title="bbox 330 1370 990 1424; baseline 0.018 -17"><span class='ocrx_word' id='word_1_115' title='bbox 330 1370 421 1408; x_wconf 85' lang='lat' dir='ltr'>dem</span> <span class='ocrx_word' id='word_1_116' title='bbox 451 1373 487 1409; x_wconf 90' lang='grc' dir='ltr'>ΙΙ</span> <span class='ocrx_word' id='word_1_117' title='bbox 514 1387 602 1424; x_wconf 85' lang='lat' dir='ltr'>pag.</span> <span class='ocrx_word' id='word_1_118' title='bbox 632 1376 710 1415; x_wconf 88' lang='grc'>871</span> <span class='ocrx_word' id='word_1_119' title='bbox 746 1376 790 1417; x_wconf 88' lang='lat' dir='ltr'>F.</span> <span class='ocrx_word' id='word_1_120' title='bbox 830 1378 911 1417; x_wconf 77' lang='lat'>872</span> <span class='ocrx_word' id='word_1_121' title='bbox 942 1376 990 1413; x_wconf 86' lang='lat' dir='ltr'>A·</span> 
     </span>
     <span class='ocr_line' id='line_1_22' title="bbox 331 1429 992 1480; baseline 0.008 -16"><span class='ocrx_word' id='word_1_122' title='bbox 331 1430 453 1479; x_wconf 84' lang='lat' dir='ltr'>Magis</span> <span class='ocrx_word' id='word_1_123' title='bbox 476 1429 524 1466; x_wconf 81' lang='lat' dir='ltr'>ad</span> <span class='ocrx_word' id='word_1_124' title='bbox 545 1430 803 1480; x_wconf 81' lang='lat' dir='ltr'>Herodotum,</span> <span class='ocrx_word' id='word_1_125' title='bbox 836 1440 992 1469; x_wconf 87' lang='lat' dir='ltr'>notante</span> 
     </span>
     <span class='ocr_line' id='line_1_23' title="bbox 335 1485 992 1541; baseline 0.008 -20"><span class='ocrx_word' id='word_1_126' title='bbox 335 1485 604 1536; x_wconf 78' lang='lat' dir='ltr'>Valckenaer.‚</span> <span class='ocrx_word' id='word_1_127' title='bbox 637 1488 781 1526; x_wconf 83' lang='lat' dir='ltr'>accedit</span> <span class='ocrx_word' id='word_1_128' title='bbox 806 1490 992 1541; x_wconf 84' lang='lat' dir='ltr'>Polyaen.</span> 
     </span>
     <span class='ocr_line' id='line_1_24' title="bbox 334 1542 994 1597; baseline 0.008 -19"><span class='ocrx_word' id='word_1_129' title='bbox 334 1542 387 1589; x_wconf 91' lang='lat' dir='ltr'>V,</span> <span class='ocrx_word' id='word_1_130' title='bbox 419 1545 486 1582; x_wconf 86' lang='lat'>30.</span> <span class='ocrx_word' id='word_1_131' title='bbox 517 1567 567 1572; x_wconf 85' lang='lat'>—-</span> <span class='ocrx_word' id='word_1_132' title='bbox 598 1544 661 1581; x_wconf 93' lang='lat' dir='ltr'>Ad</span> <span class='ocrx_word' id='word_1_133' title='bbox 688 1558 800 1583; x_wconf 86' lang='lat' dir='ltr'>usum</span> <span class='ocrx_word' id='word_1_134' title='bbox 824 1548 994 1597; x_wconf 82' lang='lat' dir='ltr'>particu-</span> 
     </span>
     <span class='ocr_line' id='line_1_25' title="bbox 335 1596 994 1655; baseline 0.012 -21"><span class='ocrx_word' id='word_1_135' title='bbox 335 1599 392 1635; x_wconf 85' lang='lat' dir='ltr'>lae</span> <span class='ocrx_word' id='word_1_136' title='bbox 419 1596 497 1650; x_wconf 71' lang='grc' dir='ltr'>ἄρα</span> <span class='ocrx_word' id='word_1_137' title='bbox 521 1601 562 1636; x_wconf 86' lang='lat' dir='ltr'>in</span> <span class='ocrx_word' id='word_1_138' title='bbox 593 1603 716 1639; x_wconf 79' lang='lat' dir='ltr'>verbis</span> <span class='ocrx_word' id='word_1_139' title='bbox 759 1602 864 1655; x_wconf 77' lang='grc' dir='ltr'><em>ἔλεγε</em></span> <span class='ocrx_word' id='word_1_140' title='bbox 897 1600 994 1655; x_wconf 72' lang='grc' dir='ltr'>ἄρα</span> 
     </span>
     <span class='ocr_line' id='line_1_26' title="bbox 338 1657 993 1706; baseline 0.005 -12"><span class='ocrx_word' id='word_1_141' title='bbox 338 1666 411 1703; x_wconf 88' lang='grc' dir='ltr'>σφι</span> <span class='ocrx_word' id='word_1_142' title='bbox 447 1657 550 1694; x_wconf 85' lang='lat' dir='ltr'>conf.</span> <span class='ocrx_word' id='word_1_143' title='bbox 585 1657 722 1695; x_wconf 82' lang='lat' dir='ltr'>Matth.</span> <span class='ocrx_word' id='word_1_144' title='bbox 759 1661 826 1696; x_wconf 90' lang='lat' dir='ltr'>Gr.</span> <span class='ocrx_word' id='word_1_145' title='bbox 851 1660 918 1697; x_wconf 88' lang='lat' dir='ltr'>Gr.</span> <span class='ocrx_word' id='word_1_146' title='bbox 957 1661 993 1706; x_wconf 65' lang='grc' dir='ltr'>ξ.</span> 
     </span>
     <span class='ocr_line' id='line_1_27' title="bbox 339 1711 996 1767; baseline 0.003 -16"><span class='ocrx_word' id='word_1_147' title='bbox 339 1711 419 1752; x_wconf 81' lang='grc'>614</span> <span class='ocrx_word' id='word_1_148' title='bbox 449 1726 486 1763; x_wconf 88' lang='lat' dir='ltr'>p.</span> <span class='ocrx_word' id='word_1_149' title='bbox 514 1713 632 1754; x_wconf 74' lang='lat'>1240.</span> <span class='ocrx_word' id='word_1_150' title='bbox 676 1715 778 1753; x_wconf 90' lang='lat' dir='ltr'>Add.</span> <span class='ocrx_word' id='word_1_151' title='bbox 806 1718 996 1767; x_wconf 82' lang='lat' dir='ltr'>Hartung.</span> 
     </span>
     <span class='ocr_line' id='line_1_28' title="bbox 337 1767 996 1823; baseline 0.012 -20"><span class='ocrx_word' id='word_1_152' title='bbox 337 1767 462 1805; x_wconf 84' lang='lat' dir='ltr'>Lehre</span> <span class='ocrx_word' id='word_1_153' title='bbox 486 1783 523 1806; x_wconf 85' lang='lat' dir='ltr'>v.</span> <span class='ocrx_word' id='word_1_154' title='bbox 545 1770 580 1810; x_wconf 88' lang='lat' dir='ltr'>d.</span> <span class='ocrx_word' id='word_1_155' title='bbox 616 1771 757 1822; x_wconf 85' lang='lat' dir='ltr'>griech.</span> <span class='ocrx_word' id='word_1_156' title='bbox 778 1775 881 1810; x_wconf 82' lang='lat' dir='ltr'>Part.</span> <span class='ocrx_word' id='word_1_157' title='bbox 911 1775 928 1810; x_wconf 95' lang='lat' dir='ltr'>I</span> <span class='ocrx_word' id='word_1_158' title='bbox 958 1787 996 1823; x_wconf 84' lang='lat' dir='ltr'>p.</span> 
     </span>
     <span class='ocr_line' id='line_1_29' title="bbox 341 1824 999 1881; baseline 0.014 -22"><span class='ocrx_word' id='word_1_159' title='bbox 341 1824 443 1872; x_wconf 77' lang='lat'><strong>437,</strong></span> <span class='ocrx_word' id='word_1_160' title='bbox 475 1827 541 1878; x_wconf 90' lang='lat' dir='ltr'>qui</span> <span class='ocrx_word' id='word_1_161' title='bbox 582 1829 660 1864; x_wconf 80' lang='lat' dir='ltr'>vim</span> <span class='ocrx_word' id='word_1_162' title='bbox 689 1830 893 1880; x_wconf 82' lang='lat' dir='ltr'>particulae</span> <span class='ocrx_word' id='word_1_163' title='bbox 922 1827 999 1881; x_wconf 68' lang='grc' dir='ltr'>ἄρα</span> 
     </span>
     <span class='ocr_line' id='line_1_30' title="bbox 341 1883 999 1938; baseline 0.011 -22"><span class='ocrx_word' id='word_1_164' title='bbox 341 1883 530 1931; x_wconf 86' lang='lat' dir='ltr'>pertinere</span> <span class='ocrx_word' id='word_1_165' title='bbox 564 1892 696 1922; x_wconf 87' lang='lat' dir='ltr'>monet</span> <span class='ocrx_word' id='word_1_166' title='bbox 727 1885 774 1922; x_wconf 89' lang='lat' dir='ltr'>ad</span> <span class='ocrx_word' id='word_1_167' title='bbox 805 1899 870 1933; x_wconf 84' lang='lat' dir='ltr'>ea,</span> <span class='ocrx_word' id='word_1_168' title='bbox 901 1899 999 1938; x_wconf 83' lang='lat' dir='ltr'>quae</span> 
     </span>
     <span class='ocr_line' id='line_1_31' title="bbox 341 1938 999 1988; baseline 0.009 -14"><span class='ocrx_word' id='word_1_169' title='bbox 341 1938 498 1988; x_wconf 84' lang='lat' dir='ltr'>apodosi</span> <span class='ocrx_word' id='word_1_170' title='bbox 520 1943 798 1980; x_wconf 78' lang='lat' dir='ltr'>contineantur.</span> <span class='ocrx_word' id='word_1_171' title='bbox 827 1944 877 1980; x_wconf 91' lang='lat' dir='ltr'>Et</span> <span class='ocrx_word' id='word_1_172' title='bbox 897 1943 999 1980; x_wconf 83' lang='lat' dir='ltr'>conf.</span> 
     </span>
     <span class='ocr_line' id='line_1_32' title="bbox 341 1995 697 2045; baseline 0.011 -15"><span class='ocrx_word' id='word_1_173' title='bbox 341 1995 525 2033; x_wconf 86' lang='lat' dir='ltr'>Herodot.</span> <span class='ocrx_word' id='word_1_174' title='bbox 545 1999 583 2045; x_wconf 85' lang='grc' dir='ltr'>Ι,</span> <span class='ocrx_word' id='word_1_175' title='bbox 608 1997 697 2038; x_wconf 83' lang='lat'>141.</span> 
     </span>
    </p>

    <p class='ocr_par' dir='ltr' id='par_1_10' title="bbox 343 2047 1009 2557">
     <span class='ocr_line' id='line_1_33' title="bbox 400 2047 1002 2103; baseline 0.007 -13"><span class='ocrx_word' id='word_1_176' title='bbox 400 2047 600 2103; x_wconf 82' lang='grc' dir='ltr'><em>άρθμίων]</em></span> <span class='ocrx_word' id='word_1_177' title='bbox 632 2056 689 2091; x_wconf 86' lang='lat' dir='ltr'>De</span> <span class='ocrx_word' id='word_1_178' title='bbox 711 2054 781 2093; x_wconf 90' lang='lat' dir='ltr'>hac</span> <span class='ocrx_word' id='word_1_179' title='bbox 808 2068 902 2093; x_wconf 83' lang='lat' dir='ltr'>voce</span> <span class='ocrx_word' id='word_1_180' title='bbox 923 2055 1002 2094; x_wconf 75' lang='lat' dir='ltr'>vid.</span> 
     </span>
     <span class='ocr_line' id='line_1_34' title="bbox 343 2108 1002 2164; baseline 0 -14"><span class='ocrx_word' id='word_1_181' title='bbox 343 2108 415 2156; x_wconf 82' lang='lat' dir='ltr'>VI,</span> <span class='ocrx_word' id='word_1_182' title='bbox 452 2112 519 2150; x_wconf 78' lang='grc'>88.</span> <span class='ocrx_word' id='word_1_183' title='bbox 558 2111 651 2155; x_wconf 81' lang='lat' dir='ltr'>VII,</span> <span class='ocrx_word' id='word_1_184' title='bbox 693 2116 767 2153; x_wconf 87' lang='grc'>101</span> <span class='ocrx_word' id='word_1_185' title='bbox 804 2113 895 2164; x_wconf 81' lang='lat' dir='ltr'>ibiq.</span> <span class='ocrx_word' id='word_1_186' title='bbox 924 2115 1002 2150; x_wconf 75' lang='lat' dir='ltr'>citt.</span> 
     </span>
     <span class='ocr_line' id='line_1_35' title="bbox 344 2165 1005 2213; baseline 0.011 -13"><span class='ocrx_word' id='word_1_187' title='bbox 344 2165 424 2213; x_wconf 86' lang='lat' dir='ltr'>IX,</span> <span class='ocrx_word' id='word_1_188' title='bbox 452 2169 520 2207; x_wconf 80' lang='lat'>37.</span> <span class='ocrx_word' id='word_1_189' title='bbox 541 2189 593 2194; x_wconf 93' lang='lat'>—</span> <span class='ocrx_word' id='word_1_190' title='bbox 615 2169 735 2204; x_wconf 85' lang='lat' dir='ltr'>Usum</span> <span class='ocrx_word' id='word_1_191' title='bbox 763 2170 868 2206; x_wconf 78' lang='lat' dir='ltr'>verbi</span> <span class='ocrx_word' id='word_1_192' title='bbox 889 2167 1005 2209; x_wconf 80' lang='grc' dir='ltr'><em>ἐλαύ-</em></span> 
     </span>
     <span class='ocr_line' id='line_1_36' title="bbox 346 2222 1006 2275; baseline 0.005 -15"><span class='ocrx_word' id='word_1_193' title='bbox 346 2235 432 2260; x_wconf 85' lang='grc' dir='ltr'><em>νειν</em></span> <span class='ocrx_word' id='word_1_194' title='bbox 451 2222 490 2258; x_wconf 89' lang='lat' dir='ltr'>iu</span> <span class='ocrx_word' id='word_1_195' title='bbox 508 2227 732 2275; x_wconf 78' lang='lat' dir='ltr'>seqq.attigi</span> <span class='ocrx_word' id='word_1_196' title='bbox 748 2225 796 2262; x_wconf 87' lang='lat' dir='ltr'>ad</span> <span class='ocrx_word' id='word_1_197' title='bbox 807 2227 887 2274; x_wconf 81' lang='lat' dir='ltr'>VII,</span> <span class='ocrx_word' id='word_1_198' title='bbox 914 2228 1006 2266; x_wconf 75' lang='lat'>139.</span> 
     </span>
     <span class='ocr_line' id='line_1_37' title="bbox 347 2277 1007 2332; baseline 0.006 -18"><span class='ocrx_word' id='word_1_199' title='bbox 347 2277 459 2323; x_wconf 75' lang='lat' dir='ltr'>Quod</span> <span class='ocrx_word' id='word_1_200' title='bbox 478 2282 862 2332; x_wconf 69' lang='grc' dir='ltr'><em>εεᾳυίωτκαρτεροῦ,</em></span> <span class='ocrx_word' id='word_1_201' title='bbox 887 2296 907 2318; x_wconf 87' lang='lat' dir='ltr'>e</span> <span class='ocrx_word' id='word_1_202' title='bbox 926 2296 1007 2319; x_wconf 85' lang='lat' dir='ltr'>me-</span> 
     </span>
     <span class='ocr_line' id='line_1_38' title="bbox 345 2335 1008 2376; baseline 0.006 -5"><span class='ocrx_word' id='word_1_203' title='bbox 345 2335 502 2372; x_wconf 86' lang='lat' dir='ltr'>lioribus</span> <span class='ocrx_word' id='word_1_204' title='bbox 523 2337 624 2374; x_wconf 89' lang='lat' dir='ltr'>libris</span> <span class='ocrx_word' id='word_1_205' title='bbox 643 2340 818 2375; x_wconf 84' lang='lat' dir='ltr'><strong>revocavi</strong></span> <span class='ocrx_word' id='word_1_206' title='bbox 836 2352 925 2376; x_wconf 86' lang='lat' dir='ltr'>cum</span> <span class='ocrx_word' id='word_1_207' title='bbox 945 2352 1008 2375; x_wconf 91' lang='lat' dir='ltr'>re-</span> 
     </span>
     <span class='ocr_line' id='line_1_39' title="bbox 347 2394 1009 2447; baseline 0.008 -20"><span class='ocrx_word' id='word_1_208' title='bbox 347 2398 463 2429; x_wconf 82' lang='lat' dir='ltr'>centt.</span> <span class='ocrx_word' id='word_1_209' title='bbox 511 2405 579 2443; x_wconf 83' lang='lat' dir='ltr'>pro</span> <span class='ocrx_word' id='word_1_210' title='bbox 623 2397 818 2447; x_wconf 81' lang='grc' dir='ltr'>κρατεροῦ</span> <span class='ocrx_word' id='word_1_211' title='bbox 843 2425 853 2443; x_wconf 87' lang='grc'><strong>,</strong></span> <span class='ocrx_word' id='word_1_212' title='bbox 903 2394 1009 2447; x_wconf 90' lang='lat' dir='ltr'>quod</span> 
     </span>
     <span class='ocr_line' id='line_1_40' title="bbox 349 2447 1008 2502; baseline 0.006 -18"><span class='ocrx_word' id='word_1_213' title='bbox 349 2447 576 2486; x_wconf 82' lang='lat' dir='ltr'>Schaeferus</span> <span class='ocrx_word' id='word_1_214' title='bbox 612 2452 747 2489; x_wconf 86' lang='lat' dir='ltr'>tenuit.</span> <span class='ocrx_word' id='word_1_215' title='bbox 794 2451 879 2493; x_wconf 83' lang='lat' dir='ltr'>vid.</span> <span class='ocrx_word' id='word_1_216' title='bbox 910 2453 1008 2502; x_wconf 78' lang='lat' dir='ltr'>vlu,</span> 
     </span>
     <span class='ocr_line' id='line_1_41' title="bbox 350 2506 673 2557; baseline 0 -13"><span class='ocrx_word' id='word_1_217' title='bbox 350 2507 403 2544; x_wconf 81' lang='lat'>12</span> <span class='ocrx_word' id='word_1_218' title='bbox 421 2506 551 2557; x_wconf 86' lang='lat' dir='ltr'><strong>ibique</strong></span> <span class='ocrx_word' id='word_1_219' title='bbox 575 2514 673 2544; x_wconf 84' lang='lat' dir='ltr'>nott.</span> 
     </span>
    </p>

    <p class='ocr_par' dir='ltr' id='par_1_11' title="bbox 351 2559 1014 2843">
     <span class='ocr_line' id='line_1_42' title="bbox 408 2559 1011 2613; baseline 0.007 -13"><span class='ocrx_word' id='word_1_220' title='bbox 408 2559 575 2613; x_wconf 81' lang='grc' dir='ltr'><em>μεγάλαι</em></span> <span class='ocrx_word' id='word_1_221' title='bbox 609 2559 812 2611; x_wconf 85' lang='grc' dir='ltr'><em>κλισιάδες</em></span> <span class='ocrx_word' id='word_1_222' title='bbox 857 2559 1011 2604; x_wconf 75' lang='grc' dir='ltr'><em>ἄναντε-</em></span> 
     </span>
     <span class='ocr_line' id='line_1_43' title="bbox 351 2617 1014 2671; baseline 0.008 -16"><span class='ocrx_word' id='word_1_223' title='bbox 351 2617 539 2667; x_wconf 85' lang='grc' dir='ltr'><em>πτὲαται]</em></span> <span class='ocrx_word' id='word_1_224' title='bbox 571 2620 598 2656; x_wconf 83' lang='lat' dir='ltr'>i.</span> <span class='ocrx_word' id='word_1_225' title='bbox 633 2634 666 2660; x_wconf 89' lang='lat' dir='ltr'>e.</span> <span class='ocrx_word' id='word_1_226' title='bbox 699 2620 864 2670; x_wconf 82' lang='lat' dir='ltr'>Magnae</span> <span class='ocrx_word' id='word_1_227' title='bbox 889 2626 1014 2671; x_wconf 72' lang='lat' dir='ltr'>portae</span> 
     </span>
     <span class='ocr_line' id='line_1_44' title="bbox 351 2678 1013 2725; baseline 0.011 -16"><span class='ocrx_word' id='word_1_228' title='bbox 351 2678 494 2723; x_wconf 83' lang='lat' dir='ltr'>apertae</span> <span class='ocrx_word' id='word_1_229' title='bbox 515 2680 623 2725; x_wconf 84' lang='lat' dir='ltr'>sunt,</span> <span class='ocrx_word' id='word_1_230' title='bbox 663 2678 761 2725; x_wconf 82' lang='lat' dir='ltr'>sive,</span> <span class='ocrx_word' id='word_1_231' title='bbox 793 2685 834 2714; x_wconf 88' lang='lat' dir='ltr'>ut</span> <span class='ocrx_word' id='word_1_232' title='bbox 863 2680 914 2716; x_wconf 84' lang='lat' dir='ltr'>ait</span> <span class='ocrx_word' id='word_1_233' title='bbox 934 2680 1013 2716; x_wconf 92' lang='lat' dir='ltr'>Po-</span> 
     </span>
     <span class='ocr_line' id='line_1_45' title="bbox 353 2730 1013 2787; baseline 0.012 -21"><span class='ocrx_word' id='word_1_234' title='bbox 353 2730 510 2781; x_wconf 84' lang='lat' dir='ltr'>lyaenus</span> <span class='ocrx_word' id='word_1_235' title='bbox 531 2733 558 2770; x_wconf 95' lang='lat' dir='ltr'>l.</span> <span class='ocrx_word' id='word_1_236' title='bbox 580 2733 605 2771; x_wconf 92' lang='lat' dir='ltr'>l.</span> <span class='ocrx_word' id='word_1_237' title='bbox 635 2733 777 2773; x_wconf 86' lang='grc' dir='ltr'><em>πολλαὶ</em></span> <span class='ocrx_word' id='word_1_238' title='bbox 807 2732 1013 2787; x_wconf 82' lang='grc' dir='ltr'><em>διαβάσεις</em></span> 
     </span>
     <span class='ocr_line' id='line_1_46' title="bbox 356 2784 1011 2843; baseline 0.006 -17"><span class='ocrx_word' id='word_1_239' title='bbox 356 2786 412 2835; x_wconf 83' lang='grc' dir='ltr'><em>εἰς</em></span> <span class='ocrx_word' id='word_1_240' title='bbox 431 2784 505 2839; x_wconf 81' lang='grc' dir='ltr'>τὴν</span> <span class='ocrx_word' id='word_1_241' title='bbox 530 2786 855 2843; x_wconf 78' lang='grc' dir='ltr'><em>Πελοπόννησον.</em></span> <span class='ocrx_word' id='word_1_242' title='bbox 913 2792 1011 2830; x_wconf 82' lang='lat' dir='ltr'>citat</span> 
     </span>
    </p>
   </div>
   <div class='ocr_carea' id='block_1_10' title="bbox 1048 1370 1723 2274">
    <p class='ocr_par' dir='ltr' id='par_1_12' title="bbox 1048 1370 1716 1935">
     <span class='ocr_line' id='line_1_47' title="bbox 1048 1370 1706 1425; baseline 0 -15"><span class='ocrx_word' id='word_1_243' title='bbox 1048 1370 1265 1410; x_wconf 87' lang='lat' dir='ltr'>Herodotea</span> <span class='ocrx_word' id='word_1_244' title='bbox 1301 1370 1476 1411; x_wconf 85' lang='lat' dir='ltr'>Eustath.</span> <span class='ocrx_word' id='word_1_245' title='bbox 1522 1371 1571 1410; x_wconf 84' lang='lat' dir='ltr'>ad</span> <span class='ocrx_word' id='word_1_246' title='bbox 1599 1373 1642 1410; x_wconf 90' lang='lat'>11.</span> <span class='ocrx_word' id='word_1_247' title='bbox 1669 1387 1706 1425; x_wconf 87' lang='lat' dir='ltr'>p.</span> 
     </span>
     <span class='ocr_line' id='line_1_48' title="bbox 1048 1425 1709 1479; baseline -0.003 -8"><span class='ocrx_word' id='word_1_248' title='bbox 1048 1432 1102 1471; x_wconf 89' lang='grc'>78</span> <span class='ocrx_word' id='word_1_249' title='bbox 1146 1431 1200 1466; x_wconf 82' lang='grc' dir='ltr'>ἰυ.</span> <span class='ocrx_word' id='word_1_250' title='bbox 1222 1443 1251 1465; x_wconf 88' lang='lat' dir='ltr'>s.</span> <span class='ocrx_word' id='word_1_251' title='bbox 1283 1429 1359 1476; x_wconf 83' lang='lat'>58,</span> <span class='ocrx_word' id='word_1_252' title='bbox 1401 1428 1474 1479; x_wconf 82' lang='lat'>40,</span> <span class='ocrx_word' id='word_1_253' title='bbox 1515 1431 1581 1467; x_wconf 88' lang='lat' dir='ltr'>ubi</span> <span class='ocrx_word' id='word_1_254' title='bbox 1608 1425 1709 1470; x_wconf 77' lang='grc' dir='ltr'><em>οἴνα-</em></span> 
     </span>
     <span class='ocr_line' id='line_1_49' title="bbox 1049 1485 1710 1526; baseline -0.003 0"><span class='ocrx_word' id='word_1_255' title='bbox 1049 1485 1280 1526; x_wconf 78' lang='grc' dir='ltr'><em>πέπτανται.</em></span> <span class='ocrx_word' id='word_1_256' title='bbox 1338 1487 1511 1524; x_wconf 80' lang='lat' dir='ltr'><strong>Alteram</strong></span> <span class='ocrx_word' id='word_1_257' title='bbox 1544 1488 1710 1524; x_wconf 87' lang='lat' dir='ltr'>formam</span> 
     </span>
     <span class='ocr_line' id='line_1_50' title="bbox 1051 1541 1709 1592; baseline 0.003 -11"><span class='ocrx_word' id='word_1_258' title='bbox 1051 1543 1160 1581; x_wconf 83' lang='lat' dir='ltr'>affert</span> <span class='ocrx_word' id='word_1_259' title='bbox 1192 1541 1327 1581; x_wconf 81' lang='lat' dir='ltr'>Matth.</span> <span class='ocrx_word' id='word_1_260' title='bbox 1356 1544 1422 1580; x_wconf 87' lang='lat' dir='ltr'>Gr.</span> <span class='ocrx_word' id='word_1_261' title='bbox 1457 1546 1521 1581; x_wconf 89' lang='lat' dir='ltr'>Gr.</span> <span class='ocrx_word' id='word_1_262' title='bbox 1550 1546 1587 1590; x_wconf 61' lang='grc' dir='ltr'>ξ.</span> <span class='ocrx_word' id='word_1_263' title='bbox 1614 1541 1709 1592; x_wconf 76' lang='grc'>204,</span> 
     </span>
     <span class='ocr_line' id='line_1_51' title="bbox 1052 1599 1712 1651; baseline 0.003 -15"><span class='ocrx_word' id='word_1_264' title='bbox 1052 1603 1076 1641; x_wconf 88' lang='grc'>6</span> <span class='ocrx_word' id='word_1_265' title='bbox 1104 1612 1192 1651; x_wconf 82' lang='lat' dir='ltr'>pag.</span> <span class='ocrx_word' id='word_1_266' title='bbox 1227 1602 1321 1641; x_wconf 78' lang='lat'>378.</span> <span class='ocrx_word' id='word_1_267' title='bbox 1378 1599 1440 1637; x_wconf 91' lang='lat' dir='ltr'>Ad</span> <span class='ocrx_word' id='word_1_268' title='bbox 1468 1614 1580 1638; x_wconf 86' lang='lat' dir='ltr'>usum</span> <span class='ocrx_word' id='word_1_269' title='bbox 1608 1601 1712 1638; x_wconf 77' lang='lat' dir='ltr'>voo1s</span> 
     </span>
     <span class='ocr_line' id='line_1_52' title="bbox 1052 1654 1713 1708; baseline -0.002 -13"><span class='ocrx_word' id='word_1_270' title='bbox 1052 1654 1253 1703; x_wconf 82' lang='grc' dir='ltr'><em>κλισιάδες</em></span> <span class='ocrx_word' id='word_1_271' title='bbox 1269 1658 1503 1708; x_wconf 82' lang='lat' dir='ltr'>VVesseling.</span> <span class='ocrx_word' id='word_1_272' title='bbox 1536 1658 1713 1694; x_wconf 83' lang='lat' dir='ltr'>attulerat</span> 
     </span>
     <span class='ocr_line' id='line_1_53' title="bbox 1053 1712 1714 1764; baseline 0.002 -15"><span class='ocrx_word' id='word_1_273' title='bbox 1053 1712 1246 1751; x_wconf 81' lang='lat' dir='ltr'><strong>Plutarch.</strong></span> <span class='ocrx_word' id='word_1_274' title='bbox 1272 1715 1306 1749; x_wconf 94' lang='grc' dir='ltr'>ΙΙ</span> <span class='ocrx_word' id='word_1_275' title='bbox 1346 1727 1433 1764; x_wconf 82' lang='lat' dir='ltr'>pag.</span> <span class='ocrx_word' id='word_1_276' title='bbox 1469 1717 1550 1755; x_wconf 83' lang='lat'>360</span> <span class='ocrx_word' id='word_1_277' title='bbox 1587 1715 1636 1753; x_wconf 92' lang='lat' dir='ltr'>A.</span> <span class='ocrx_word' id='word_1_278' title='bbox 1676 1720 1714 1751; x_wconf 86' lang='lat' dir='ltr'>et</span> 
     </span>
     <span class='ocr_line' id='line_1_54' title="bbox 1054 1769 1713 1821; baseline 0.002 -14"><span class='ocrx_word' id='word_1_279' title='bbox 1054 1772 1246 1811; x_wconf 77' lang='lat' dir='ltr'>wetsten.</span> <span class='ocrx_word' id='word_1_280' title='bbox 1260 1769 1309 1807; x_wconf 84' lang='lat' dir='ltr'>ad</span> <span class='ocrx_word' id='word_1_281' title='bbox 1319 1769 1489 1807; x_wconf 81' lang='lat' dir='ltr'>Corinth.</span> <span class='ocrx_word' id='word_1_282' title='bbox 1502 1773 1519 1807; x_wconf 96' lang='lat' dir='ltr'>I</span> <span class='ocrx_word' id='word_1_283' title='bbox 1530 1785 1586 1821; x_wconf 83' lang='lat' dir='ltr'>cp.</span> <span class='ocrx_word' id='word_1_284' title='bbox 1601 1774 1664 1818; x_wconf 85' lang='lat'>16,</span> <span class='ocrx_word' id='word_1_285' title='bbox 1676 1772 1713 1811; x_wconf 88' lang='grc'>9.</span> 
     </span>
     <span class='ocr_line' id='line_1_55' title="bbox 1055 1826 1716 1879; baseline 0.002 -15"><span class='ocrx_word' id='word_1_286' title='bbox 1055 1829 1120 1864; x_wconf 90' lang='lat' dir='ltr'>Tu</span> <span class='ocrx_word' id='word_1_287' title='bbox 1136 1827 1236 1874; x_wconf 84' lang='lat' dir='ltr'>vide,</span> <span class='ocrx_word' id='word_1_288' title='bbox 1258 1840 1354 1879; x_wconf 81' lang='lat' dir='ltr'>quae</span> <span class='ocrx_word' id='word_1_289' title='bbox 1370 1828 1439 1877; x_wconf 83' lang='lat' dir='ltr'>ipsi</span> <span class='ocrx_word' id='word_1_290' title='bbox 1459 1829 1651 1865; x_wconf 82' lang='lat' dir='ltr'>attulimus</span> <span class='ocrx_word' id='word_1_291' title='bbox 1667 1826 1716 1865; x_wconf 88' lang='lat' dir='ltr'>ad</span> 
     </span>
     <span class='ocr_line' id='line_1_56' title="bbox 1055 1883 1715 1935; baseline 0 -14"><span class='ocrx_word' id='word_1_292' title='bbox 1055 1883 1249 1921; x_wconf 83' lang='lat' dir='ltr'>Plutarch.</span> <span class='ocrx_word' id='word_1_293' title='bbox 1261 1883 1448 1925; x_wconf 81' lang='lat' dir='ltr'>Alcibiad.</span> <span class='ocrx_word' id='word_1_294' title='bbox 1461 1898 1498 1935; x_wconf 94' lang='lat' dir='ltr'>p.</span> <span class='ocrx_word' id='word_1_295' title='bbox 1519 1888 1608 1925; x_wconf 86' lang='lat'>110.</span> <span class='ocrx_word' id='word_1_296' title='bbox 1625 1887 1668 1924; x_wconf 89' lang='lat'>11</span> <span class='ocrx_word' id='word_1_297' title='bbox 1679 1887 1715 1924; x_wconf 85' lang='lat'>1.</span> 
     </span>
    </p>

    <p class='ocr_par' dir='ltr' id='par_1_13' title="bbox 1057 1937 1723 2274">
     <span class='ocr_line' id='line_1_57' title="bbox 1115 1937 1716 1996; baseline 0 -17"><span class='ocrx_word' id='word_1_298' title='bbox 1115 1937 1279 1991; x_wconf 75' lang='grc' dir='ltr'><em>σφάλμα</em></span> <span class='ocrx_word' id='word_1_299' title='bbox 1305 1939 1431 1991; x_wconf 80' lang='grc' dir='ltr'><em>φέρον</em></span> <span class='ocrx_word' id='word_1_300' title='bbox 1458 1944 1508 1996; x_wconf 81' lang='grc' dir='ltr'>τῇ</span> <span class='ocrx_word' id='word_1_301' title='bbox 1531 1937 1716 1990; x_wconf 87' lang='grc' dir='ltr'><em>Ἓλλάδι]</em></span> 
     </span>
     <span class='ocr_line' id='line_1_58' title="bbox 1057 1997 1721 2036; baseline -0.003 0"><span class='ocrx_word' id='word_1_302' title='bbox 1057 2000 1115 2036; x_wconf 86' lang='lat' dir='ltr'>Ita</span> <span class='ocrx_word' id='word_1_303' title='bbox 1145 2011 1165 2034; x_wconf 88' lang='lat' dir='ltr'>e</span> <span class='ocrx_word' id='word_1_304' title='bbox 1205 1999 1424 2035; x_wconf 83' lang='lat' dir='ltr'>Florentino</span> <span class='ocrx_word' id='word_1_305' title='bbox 1455 2006 1493 2036; x_wconf 84' lang='lat' dir='ltr'>et</span> <span class='ocrx_word' id='word_1_306' title='bbox 1526 1997 1721 2036; x_wconf 81' lang='lat' dir='ltr'>Sancrofti</span> 
     </span>
     <span class='ocr_line' id='line_1_59' title="bbox 1058 2053 1722 2108; baseline 0.003 -16"><span class='ocrx_word' id='word_1_307' title='bbox 1058 2056 1155 2092; x_wconf 89' lang='lat' dir='ltr'>libro</span> <span class='ocrx_word' id='word_1_308' title='bbox 1178 2054 1323 2093; x_wconf 89' lang='lat' dir='ltr'>editum</span> <span class='ocrx_word' id='word_1_309' title='bbox 1348 2069 1417 2107; x_wconf 88' lang='lat' dir='ltr'>pro</span> <span class='ocrx_word' id='word_1_310' title='bbox 1443 2056 1549 2105; x_wconf 81' lang='lat' dir='ltr'>vulg.</span> <span class='ocrx_word' id='word_1_311' title='bbox 1570 2058 1620 2108; x_wconf 82' lang='grc' dir='ltr'>τῇ</span> <span class='ocrx_word' id='word_1_312' title='bbox 1635 2053 1722 2094; x_wconf 86' lang='grc' dir='ltr'>Ἑλ-</span> 
     </span>
     <span class='ocr_line' id='line_1_60' title="bbox 1060 2108 1723 2163; baseline -0.006 -13"><span class='ocrx_word' id='word_1_313' title='bbox 1060 2108 1152 2151; x_wconf 88' lang='grc' dir='ltr'><em>λάδι</em></span> <span class='ocrx_word' id='word_1_314' title='bbox 1172 2111 1320 2163; x_wconf 84' lang='grc' dir='ltr'><em>φέρον,</em></span> <span class='ocrx_word' id='word_1_315' title='bbox 1349 2111 1451 2163; x_wconf 88' lang='lat' dir='ltr'>quod</span> <span class='ocrx_word' id='word_1_316' title='bbox 1472 2125 1561 2149; x_wconf 88' lang='lat' dir='ltr'>cum</span> <span class='ocrx_word' id='word_1_317' title='bbox 1575 2110 1723 2149; x_wconf 85' lang='lat' dir='ltr'>Sohae-</span> 
     </span>
     <span class='ocr_line' id='line_1_61' title="bbox 1061 2168 1722 2219; baseline -0.002 -15"><span class='ocrx_word' id='word_1_318' title='bbox 1061 2169 1141 2205; x_wconf 82' lang='lat' dir='ltr'>fero</span> <span class='ocrx_word' id='word_1_319' title='bbox 1153 2176 1257 2205; x_wconf 86' lang='lat' dir='ltr'>tenet</span> <span class='ocrx_word' id='word_1_320' title='bbox 1268 2168 1462 2205; x_wconf 81' lang='lat' dir='ltr'>Matthiae.</span> <span class='ocrx_word' id='word_1_321' title='bbox 1484 2172 1568 2219; x_wconf 85' lang='lat' dir='ltr'>Ipsa</span> <span class='ocrx_word' id='word_1_322' title='bbox 1580 2169 1722 2204; x_wconf 81' lang='lat' dir='ltr'>locutio</span> 
     </span>
     <span class='ocr_line' id='line_1_62' title="bbox 1063 2223 1717 2274; baseline 0 -12"><span class='ocrx_word' id='word_1_323' title='bbox 1063 2226 1175 2263; x_wconf 85' lang='lat' dir='ltr'>obvia</span> <span class='ocrx_word' id='word_1_324' title='bbox 1194 2225 1337 2263; x_wconf 88' lang='lat' dir='ltr'>Herod.</span> <span class='ocrx_word' id='word_1_325' title='bbox 1357 2227 1447 2274; x_wconf 89' lang='lat' dir='ltr'>VII,</span> <span class='ocrx_word' id='word_1_326' title='bbox 1481 2228 1528 2273; x_wconf 88' lang='lat'>6,</span> <span class='ocrx_word' id='word_1_327' title='bbox 1549 2225 1616 2262; x_wconf 91' lang='lat' dir='ltr'>ubi</span> <span class='ocrx_word' id='word_1_328' title='bbox 1640 2223 1717 2262; x_wconf 81' lang='lat' dir='ltr'>vid.</span> 
     </span>
    </p>
   </div>
   <div class='ocr_carea' id='block_1_11' title="bbox 1305 2304 1481 2356">
    <p class='ocr_par' dir='ltr' id='par_1_14' title="bbox 1305 2304 1481 2356">
     <span class='ocr_line' id='line_1_63' title="bbox 1305 2304 1481 2356; baseline 0.011 -15"><span class='ocrx_word' id='word_1_329' title='bbox 1305 2304 1396 2356; x_wconf 85' lang='lat' dir='ltr'>Cap.</span> <span class='ocrx_word' id='word_1_330' title='bbox 1429 2306 1481 2343; x_wconf 89' lang='lat' dir='ltr'>X.</span> 
     </span>
    </p>
   </div>
   <div class='ocr_carea' id='block_1_12' title="bbox 1066 2389 1730 2846">
    <p class='ocr_par' dir='ltr' id='par_1_15' title="bbox 1066 2389 1724 2500">
     <span class='ocr_line' id='line_1_64' title="bbox 1123 2389 1724 2449; baseline 0.003 -17"><span class='ocrx_word' id='word_1_331' title='bbox 1123 2392 1238 2445; x_wconf 75' lang='grc' dir='ltr'><em>φρενὶ</em></span> <span class='ocrx_word' id='word_1_332' title='bbox 1269 2391 1456 2446; x_wconf 84' lang='grc' dir='ltr'><em>λαβὸντες</em></span> <span class='ocrx_word' id='word_1_333' title='bbox 1487 2391 1554 2435; x_wconf 78' lang='grc' dir='ltr'>τὸν</span> <span class='ocrx_word' id='word_1_334' title='bbox 1584 2389 1724 2449; x_wconf 75' lang='grc' dir='ltr'><em>λόγον]</em></span> 
     </span>
     <span class='ocr_line' id='line_1_65' title="bbox 1066 2449 1529 2500; baseline 0.006 -13"><span class='ocrx_word' id='word_1_335' title='bbox 1066 2449 1152 2487; x_wconf 89' lang='lat' dir='ltr'>Vid.</span> <span class='ocrx_word' id='word_1_336' title='bbox 1174 2458 1270 2488; x_wconf 87' lang='lat' dir='ltr'>nott.</span> <span class='ocrx_word' id='word_1_337' title='bbox 1291 2451 1339 2488; x_wconf 86' lang='lat' dir='ltr'>ad</span> <span class='ocrx_word' id='word_1_338' title='bbox 1358 2454 1431 2500; x_wconf 90' lang='lat'>111,</span> <span class='ocrx_word' id='word_1_339' title='bbox 1461 2451 1529 2492; x_wconf 77' lang='lat'>41.</span> 
     </span>
    </p>

    <p class='ocr_par' dir='ltr' id='par_1_16' title="bbox 1067 2503 1730 2846">
     <span class='ocr_line' id='line_1_66' title="bbox 1123 2503 1730 2559; baseline 0.003 -14"><span class='ocrx_word' id='word_1_340' title='bbox 1123 2506 1192 2545; x_wconf 83' lang='grc' dir='ltr'>καὶ</span> <span class='ocrx_word' id='word_1_341' title='bbox 1210 2506 1305 2546; x_wconf 78' lang='grc' dir='ltr'><em>ἑπτά</em></span> <span class='ocrx_word' id='word_1_342' title='bbox 1335 2509 1425 2559; x_wconf 84' lang='grc' dir='ltr'><em>περὶ</em></span> <span class='ocrx_word' id='word_1_343' title='bbox 1463 2508 1627 2548; x_wconf 77' lang='grc' dir='ltr'><em>ἕκαστον</em></span> <span class='ocrx_word' id='word_1_344' title='bbox 1658 2503 1730 2547; x_wconf 77' lang='grc' dir='ltr'>τά·</span> 
     </span>
     <span class='ocr_line' id='line_1_67' title="bbox 1067 2563 1728 2614; baseline 0 -13"><span class='ocrx_word' id='word_1_345' title='bbox 1067 2563 1204 2611; x_wconf 83' lang='grc' dir='ltr'><em>ξαντες</em></span> <span class='ocrx_word' id='word_1_346' title='bbox 1257 2568 1336 2604; x_wconf 77' lang='grc' dir='ltr'>τῶν</span> <span class='ocrx_word' id='word_1_347' title='bbox 1377 2563 1568 2614; x_wconf 69' lang='grc' dir='ltr'><em>εἱλώτων]</em></span> <span class='ocrx_word' id='word_1_348' title='bbox 1623 2566 1728 2602; x_wconf 85' lang='lat' dir='ltr'>Haeo</span> 
     </span>
     <span class='ocr_line' id='line_1_68' title="bbox 1070 2621 1729 2674; baseline 0.002 -18"><span class='ocrx_word' id='word_1_349' title='bbox 1070 2621 1185 2657; x_wconf 78' lang='lat' dir='ltr'>verba</span> <span class='ocrx_word' id='word_1_350' title='bbox 1215 2634 1236 2658; x_wconf 89' lang='lat' dir='ltr'>a</span> <span class='ocrx_word' id='word_1_351' title='bbox 1268 2623 1437 2673; x_wconf 85' lang='lat' dir='ltr'>pluribus</span> <span class='ocrx_word' id='word_1_352' title='bbox 1470 2622 1583 2660; x_wconf 89' lang='lat' dir='ltr'>codd.</span> <span class='ocrx_word' id='word_1_353' title='bbox 1607 2633 1729 2674; x_wconf 87' lang='lat' dir='ltr'>quum</span> 
     </span>
     <span class='ocr_line' id='line_1_69' title="bbox 1070 2677 1729 2730; baseline 0 -17"><span class='ocrx_word' id='word_1_354' title='bbox 1070 2678 1205 2725; x_wconf 85' lang='lat' dir='ltr'>absint,</span> <span class='ocrx_word' id='word_1_355' title='bbox 1237 2687 1409 2730; x_wconf 87' lang='lat' dir='ltr'>suspecta</span> <span class='ocrx_word' id='word_1_356' title='bbox 1428 2678 1561 2716; x_wconf 79' lang='lat' dir='ltr'>habuit</span> <span class='ocrx_word' id='word_1_357' title='bbox 1581 2677 1729 2716; x_wconf 77' lang='lat' dir='ltr'>Sohae-</span> 
     </span>
     <span class='ocr_line' id='line_1_70' title="bbox 1067 2733 1730 2788; baseline 0 -18"><span class='ocrx_word' id='word_1_358' title='bbox 1067 2733 1194 2783; x_wconf 80' lang='lat' dir='ltr'>ferus,</span> <span class='ocrx_word' id='word_1_359' title='bbox 1237 2749 1353 2788; x_wconf 85' lang='lat' dir='ltr'>quem</span> <span class='ocrx_word' id='word_1_360' title='bbox 1382 2738 1552 2788; x_wconf 87' lang='lat' dir='ltr'>sequitur</span> <span class='ocrx_word' id='word_1_361' title='bbox 1571 2733 1730 2772; x_wconf 86' lang='lat' dir='ltr'>Bekke—</span> 
     </span>
     <span class='ocr_line' id='line_1_71' title="bbox 1067 2793 1730 2846; baseline -0.005 -17"><span class='ocrx_word' id='word_1_362' title='bbox 1067 2805 1150 2842; x_wconf 87' lang='lat' dir='ltr'>rus,</span> <span class='ocrx_word' id='word_1_363' title='bbox 1181 2795 1364 2846; x_wconf 85' lang='lat' dir='ltr'>uncisque</span> <span class='ocrx_word' id='word_1_364' title='bbox 1386 2793 1559 2842; x_wconf 87' lang='lat' dir='ltr'>inclusit,</span> <span class='ocrx_word' id='word_1_365' title='bbox 1590 2793 1730 2844; x_wconf 87' lang='lat' dir='ltr'>quippe</span> 
     </span>
    </p>
   </div>
  </div>
 </body>
</html>
