1839 3292
442 210 704 249 HERODOTI
733 209 980 248 CALLIOPE
1008 210 1079 249 IX.
1312 212 1395 253 207

151 341 208 369 va
236 319 427 379 μετέμελε
471 316 627 373 οὐδὲν,
670 322 819 375 πολλῷ
854 335 897 363 τε
936 321 1100 374 μᾶλλον
1126 317 1289 373 ἐπῆγον
1317 318 1396 363 τὸν
1410 328 1453 362 10

150 392 340 444 Πέρσην·
370 388 444 431 καὶ
473 386 806 443 συμπροέπεμψέ
826 403 870 430 τε
903 387 1054 443 Θώρηξ
1084 385 1108 430 ὁ
1131 389 1396 441 Ληρισσαῖος

149 458 306 512 Ξέρξεα
337 454 578 511 φεύγοντα,
608 456 681 498 καὶ
708 453 803 498 τότε
831 456 878 498 ἐκ
906 458 985 497 τοῦ
1004 459 1202 511 φανεροῦ
1231 460 1397 512 παρῆκε

147 523 407 578 Μαρδόνιον
436 523 504 566 ἐπὶ
532 523 610 579 τὴν
634 519 828 564 Ἑλλάδα.
881 520 994 565 Ἐπεὶ
1026 525 1072 567 δὲ
1099 524 1394 581 πορευόμενος
1453 538 1495 566 eo
1480 547 1531 566 ons
1519 539 1586 567 sffiu
1570 548 1615 567 um

142 594 303 649 γίνεται
334 593 360 634 ό
388 590 565 645 στρατὸς
608 589 655 632 ἐν
684 592 934 642 Βοιωτοῖσι,
975 592 1018 634 οἱ
1051 595 1236 647 Θηβαῖοι
1272 610 1394 638 κατε-

143 661 367 716 λάμβανον
392 657 468 701 τὸν
498 657 777 711 Μαρδόνιον,
807 657 880 700 καὶ
912 659 1233 714 συνεβούλευον
1271 661 1453 722 αὖτῷ,15

142 729 337 783 λέγοντες
360 724 417 776 ὦς
447 723 529 768 οὐκ
559 727 622 780 εἴη
650 729 790 780 χῶρος
820 725 1150 781 ἐπιτηδειότερος
1169 729 1397 784 ἐνστρατο-

143 793 400 839 πεδεύεσθαι
457 792 639 844 ἐκείνου,
700 790 803 836 οὐδὲ
860 792 941 835 ἔων
1000 793 1110 837 ἰέναι
1167 795 1396 851 ἑκαστέρω,

143 858 378 903 οἷλλάὐτοῦ
397 859 604 914 ἱζόμενον,
620 860 781 903 ποιέειν
797 858 908 911 ὅκως
938 859 1120 917 ἀμαχητὶ
1140 862 1219 919 τὴν
1247 867 1394 907 πᾶσαν

112 925 318 969 ΞἙλλάδα
357 928 710 983 καταστρέψηται.
767 928 932 979 ,,Κατὰ
972 928 1051 984 μὲν
1089 930 1171 985 γὰρ
1202 930 1250 974 vd
1283 933 1397 986 ἰσχυ-

140 993 254 1048 ,,ρὸν
286 992 499 1050 Ἕλληνας
542 995 917 1051 ὁμοφρονέοντας,
976 997 1097 1050 οἵπερ
1143 998 1216 1041 καὶ
1256 997 1451 1053 miens-20

139 1059 303 1113 »ταύτὰ
343 1061 603 1117 ἐγίνωσκον,
643 1063 805 1119 χαλεποὶ
847 1061 958 1106 εἶναι
996 1065 1294 1120 περιγίνεσθαι
1322 1066 1397 1110 καὶ

84 1272 266 1321 φανεροῦ
306 1267 381 1307 vid.
420 1273 514 1305 nott.
555 1266 603 1303 ad
635 1267 737 1314 VIII,

89 1329 166 1366 126
189 1333 225 1362 et
244 1325 291 1362 ad
302 1325 460 1363 verbum
480 1325 632 1375 παρῆκε
643 1331 737 1361 nott.

86 1381 136 1419 ad
154 1383 217 1431 IV,
244 1381 333 1422 146.

329 1470 420 1520 Cap.
441 1469 490 1507 Π.

139 1544 450 1598 κατελάμβανον]
485 1546 734 1594 „cohibuerunt

81 1605 340 1656 pergendique
369 1605 408 1639 iu
432 1604 598 1640 Atticam
626 1605 736 1652 impe-

82 1665 154 1698 tum
191 1664 433 1711 represserunt.
447 1661 470 1680 ‘⁴
551 1658 732 1695 Wessel.

81 1718 147 1754 Tu
179 1717 253 1754 vid.
283 1718 394 1754 allata
427 1715 474 1752 ad
503 1717 569 1762 ΙΙΙ,
592 1717 657 1755 36.
680 1737 732 1743 —w

80 1773 142 1809 Ad
173 1775 288 1811 verba
326 1768 627 1822 ἐπιτηδειότερος
667 1770 732 1810 ε’ν-

82 1826 460 1882 στρατοπεδεύεσθαι
500 1828 602 1894 conf'.
636 1835 731 1864 nott.

81 1885 130 1922 ad
166 1887 210 1933 V,
247 1889 315 1926 23
352 1886 420 1931 ΙΧ,
456 1887 494 1925 7.
545 1879 618 1923 ου’ν.
657 1883 732 1922 ε’ων

80 1948 206 1979 verto:
268 1941 515 1979 dissuadebant
585 1939 733 1977 ulterzus

75 1997 254 2049 progredi.

138 2049 217 2092 ἀλλ’
239 2049 365 2092 αὐτοῦ
384 2050 564 2103 ἱζόμενον
583 2049 733 2091 ποιέειν

79 2124 116 2150 κ.
137 2125 169 2148 τ.
192 2110 242 2157 λ.]
272 2112 330 2146 De
358 2116 543 2146 structura
565 2109 612 2145 cf.
636 2115 731 2145 nott.

83 2164 132 2202 ad
155 2165 236 2213 VII,
261 2165 350 2206 104.
382 2166 517 2216 Suppl.
540 2164 731 2212 ἐκέλευον,

80 2221 183 2273 quod
202 2223 325 2272 ipsum
337 2235 508 2273 expresse
519 2221 622 2258 addit
633 2223 733 2257 Pau-

80 2290 158 2314 sau.
181 2280 248 2324 IX,
274 2281 335 2326 13,
358 2282 393 2318 ὅ.
413 2301 469 2306 —
494 2280 537 2314 In
558 2279 732 2328 proxime

80 2346 184 2384 seqq.
214 2336 292 2371 siue
308 2348 417 2371 causa
437 2336 573 2385 opinor
593 2335 732 2384 Stege-

81 2402 142 2425 rus
155 2397 189 2425 et
203 2389 399 2428 Bekkerus
411 2392 645 2427 refluxerunt
658 2406 731 2429 κα-

81 2445 347 2496 ταστρέψεται
374 2460 442 2497 pro
472 2448 576 2496 vulg.
616 2462 730 2485 κατα-

82 2500 309 2551 στρέψηται,
328 2504 613 2554 quodomnibus
629 2504 730 2540 libris

80 2558 286 2607 probatum
315 2560 394 2595 iare
432 2567 559 2597 tuetur
589 2561 730 2597 Censor

79 2615 278 2663 Lipsiensis
302 2616 404 2654 1833
424 2630 462 2666 Ρ.
482 2615 547 2657 48-

136 2668 233 2708 aare}
254 2667 361 2709 -τὸ
383 2669 558 2724 ἰσχυρὸν]
595 2675 731 2723 Attigit

78 2724 212 2764 Matth.
236 2727 300 2763 Gr.
324 2727 389 2762 Gr.
412 2728 585 2779 §.581p-
610 2731 685 2771 115

78 2782 225 2820 Iudicat
279 2783 382 2818 enim
426 2782 521 2820 haec
566 2785 730 2823 formula

795 1267 908 1314 valde,
938 1268 1106 1315 maxime,
1132 1281 1197 1317 pro
1224 1269 1377 1318 viribus,
1413 1277 1451 1308 et

791 1325 965 1373 pertinet,
979 1323 1137 1360 docente
1155 1326 1250 1361 Gail.
1273 1326 1344 1375 (Le
1362 1325 1451 1377 phi-

792 1380 909 1428 lolog.
938 1380 989 1415 IV
1018 1393 1056 1447 Ρ.
1078 1382 1178 1428 337)
1211 1380 1259 1417 ad
1288 1384 1450 1420 verbum

781 1431 990 1485 Έλληνας
1014 1434 1355 1486 ὁμοφρονέοντας,
1377 1452 1448 1475 cu-

794 1492 851 1527 ius
871 1493 954 1528 loco
976 1503 1064 1527 sane
1088 1493 1330 1541 exspectabas
1359 1492 1451 1533 ‘Ek-

790 1543 925 1597 λήνων
966 1545 1320 1598 ὁμοφρονεόντων,
1377 1551 1450 1587 nisi

793 1605 961 1641 absolute
983 1606 1122 1654 positos
1147 1606 1306 1655 accipias
1334 1604 1450 1644 hosce

791 1661 1032 1707 accusativos,
1066 1668 1107 1697 ut
1134 1662 1182 1708 ΙΙ,
1213 1664 1288 1702 66;
1326 1666 1450 1702 ταῦτα

790 1712 979 1768 γινόμενα
1009 1717 1080 1752 alia
1114 1717 1151 1753 id
1171 1731 1304 1767 genus.
1360 1718 1450 1758 vid.

789 1774 834 1820 V,
860 1774 1076 1824 lOSibique
1099 1775 1211 1810 allata
1234 1782 1269 1811 et
1279 1774 1449 1814 Fischer.

791 1829 837 1866 ad
874 1830 1024 1866 Weller
1047 1832 1113 1877 ΙΙΙ,
1148 1833 1165 1869 1
1202 1844 1239 1881 Ρ.
1262 1833 1356 1872 887.
1381 1832 1449 1871 Cr.

786 1885 916 1922 laudat
959 1887 1084 1923 Klotz.
1128 1885 1177 1923 ad
1233 1888 1449 1939 Tyrtaeum

787 1956 826 1993 p.
848 1945 911 1983 18.

844 1995 993 2049 χαλεποὶ
1028 1994 1127 2036 εἶναι
1168 1998 1447 2051 περιγίνεσθαι

788 2069 826 2093 κ.
848 2070 881 2093 τ.
902 2055 960 2103 λ.]
1000 2053 1085 2091 Vid.
1114 2054 1248 2094 Matth.
1282 2057 1347 2094 Gr.
1378 2058 1446 2094 Gr.

790 2112 827 2157 §.
849 2110 942 2159 443,
974 2113 993 2149 1
1024 2124 1062 2161 Ρ.
1093 2113 1188 2151 829.
1222 2133 1267 2138 -
1322 2111 1386 2148 Ad
1407 2111 1448 2151 ἕ·-

790 2179 925 2217 φασαν
964 2164 1142 2218 λέγοντες
1183 2166 1260 2205 vid.
1290 2168 1341 2217 V,
1377 2170 1446 2209 36.

789 2221 862 2274 τήν
890 2220 1065 2262 ΓΕλλάδα
1091 2219 1313 2274 διαστήσεις
1344 2226 1446 2261 acci-

788 2282 875 2330 pio:
907 2281 1093 2317 Graeciam
1112 2279 1304 2328 dz‘sz'unges,
1320 2283 1359 2318 in
1378 2293 1447 2318 να-

787 2339 864 2373 rias
874 2340 995 2386 partes
1021 2336 1172 2373 Graecos
1190 2336 1334 2375 divides.
1375 2339 1443 2373 In-

785 2394 978 2430 transitivo
999 2406 1110 2429 sensu
1131 2391 1344 2444 διαστήτην
1358 2396 1442 2430 Ho-

786 2463 913 2486 merus
935 2448 1030 2486 dixit
1050 2451 1093 2486 ΙΙ.
1108 2451 1136 2498 Ι,
1155 2452 1192 2497 6,
1222 2449 1326 2501 quod
1345 2451 1442 2486 Plu-

787 2505 938 2543 tarchus
955 2507 1169 2543 imitaturin
1181 2507 1297 2544 Num.
1314 2509 1351 2546 2.
1365 2507 1444 2545 διϊ-

789 2558 929 2601 στοῖναι
948 2560 1018 2608 τάς
1039 2560 1172 2608 πόλεις
1202 2561 1339 2598 eodem
1364 2576 1441 2614 quo

786 2618 1001 2655 Herodotus
1020 2632 1131 2655 sensu
1151 2617 1246 2655 dixit
1260 2618 1441 2657 Aristides

785 2677 804 2711 Ι
835 2689 872 2725 Ρ.
897 2674 978 2714 482
1006 2687 1035 2710 s.
1067 2677 1160 2715 718.
1188 2676 1206 2710 Ι
1234 2688 1272 2725 Ρ.
1299 2675 1382 2717 489
1410 2689 1440 2714 S.

691 2730 729 2770 5.
786 2734 879 2771 727.
899 2732 917 2766 Ι
935 2744 973 2780 p.
988 2730 1200 2771 5185.769
1215 2731 1330 2769 Dind.
1362 2731 1441 2770 Sed

787 2788 996 2839 διαστῆναι
1015 2785 1160 2825 Herod.
1177 2788 1242 2838 IV,
1276 2791 1339 2835 11,
1374 2789 1441 2826 ubi

1452 735 1534 775 692

1450 573 1478 600 '1
1480 572 1586 601 hebani
1588 549 1684 601 εᾱαῗίι
1686 549 1725 602 ma.
