1839 3292
574 184 924 221 URANIA.
981 183 1112 220 VIII.

1427 188 1484 227 55

188 294 372 343 3πόλιος
403 291 718 336 ἐνδιαιτέεσθαι
748 292 795 335 ἐν
824 294 884 349 τῷ
915 292 1009 346 ἱρῷ.
1051 290 1228 344 λέγουσί
1259 305 1304 332 τε
1332 293 1537 344 ταῦτα,35

214 361 287 405 καὶ
317 361 369 417 δὴ
399 361 471 403 καὶ
502 358 560 411 ὥς
590 359 705 403 ἐόντι
734 358 938 416 ἐπιμήνια
961 358 1225 403 ἐπιτελέουσι
1254 357 1481 414 προτιθέν-

158 588 354 627 Plutarch.
374 588 564 626 Themist.
589 590 640 628 10
663 602 702 639 p.
738 590 816 628 116

158 648 204 683 E.
234 645 450 685 Philostrat.
480 645 585 680 Icon.
613 645 661 691 11,
696 647 746 684 17
772 658 814 694 p.

159 705 241 743 837
275 716 305 742 5.
330 716 370 753 Ρ.
396 704 449 742 80
467 702 543 741 Iac.
570 698 742 737 Eustath.
765 699 815 737 ad

160 758 291 810 Odyss.
321 772 360 809 p.
401 757 518 801 1423,
549 760 574 797 7
594 770 623 796 5.
653 757 718 803 64,
748 759 813 796 11.

157 815 383 851 Versabatur
408 814 470 849 ille
492 813 604 849 draco
634 813 814 863 probabi-

156 872 241 908 liter
275 872 315 907 in
343 872 536 906 Minervae
563 869 729 906 Poliadis
771 883 815 906 ea

156 926 262 974 cella,
285 940 382 979 quae
397 927 511 976 ipsius
533 925 625 963 deae
637 933 815 962 sanctua-

155 985 255 1019 rium
275 984 513 1031 continebat,
555 982 682 1019 media
714 984 814 1019 inter

154 1039 415 1076 Erechtheum
451 1046 488 1076 et
535 1039 812 1087 Paudmseum,

154 1103 197 1133 ut
224 1104 330 1133 notat
361 1097 403 1133 C.
421 1098 465 1136 Ο.
487 1097 636 1133 Miiller.
665 1099 722 1132 De
738 1098 814 1131 Mi-

154 1166 261 1190 nerv.
287 1152 435 1190 Poliad.
458 1166 496 1202 p.
517 1155 584 1193 QS.
606 1153 692 1191 coll.
715 1154 813 1189 Rose

153 1210 341 1260 Inscriptt.
364 1211 498 1246 Graec.
518 1222 556 1258 p.
581 1212 672 1249 161.
712 1211 811 1246 Hinc

153 1267 302 1303 Atticae
334 1265 426 1302 deae
453 1266 617 1302 crebrius
637 1264 809 1302 additum

154 1321 327 1360 videmus
346 1328 561 1373 serpentem
572 1322 680 1358 velin
696 1334 809 1358 vaso-

153 1392 240 1415 rum
253 1380 418 1430 picturis‚
445 1384 486 1414 ut
511 1378 609 1413 bene
637 1378 811 1415 observat

154 1435 329 1473 Creuzer.
359 1437 398 1470 in
423 1434 597 1484 Symbol.
618 1435 653 1468 II
668 1448 704 1484 p.
728 1436 810 1474 727

151 1504 230 1542 seq.
252 1489 345 1531 744.
404 1490 488 1535 Quo
502 1491 683 1540 serpentis
703 1503 811 1541 sym-

151 1548 240 1585 bolo
264 1560 380 1584 omne
398 1546 511 1584 vitale
537 1547 698 1597 intelligi
728 1547 810 1584 vult

150 1604 300 1640 Miiller.
328 1604 353 1641 1.
374 1604 414 1652 1.,
445 1602 562 1656 quod,
588 1617 679 1640 cum
700 1610 810 1640 antea

149 1661 310 1705 latuerit,
332 1673 436 1697 nunc
469 1661 738 1711 imperfectum
772 1667 810 1697 et

148 1717 313 1754 informe
324 1718 576 1767 progeminet.
587 1716 681 1754 Mihi
690 1716 808 1754 hocce

148 1774 260 1823 signo
287 1780 367 1810 tam
397 1772 445 1810 ad
462 1775 713 1824 agriculturae
733 1775 810 1810 ini-

147 1831 200 1868 tia
216 1843 332 1881 quam
347 1829 395 1867 ad
411 1837 530 1867 artem
550 1830 731 1867 medendi
745 1844 808 1866 re-

147 1887 242 1937 spici
260 1886 421 1926 videtur.
488 1887 560 1924 Cr.
600 1886 695 1924 haec
737 1886 806 1924 ad-

146 1944 292 1992 scripsit
308 1955 318 1980 :
353 1943 490 1992 „Quod
513 1943 724 1994 Hesychius
739 1944 763 1980 l.
780 1945 805 1982 l.

148 1998 280 2037 addit:
318 1999 385 2039 καὶ
414 2001 455 2039 οἵ
487 1998 558 2052 μὲν
589 2000 658 2040 ἕνα
680 2001 804 2049 φασίν

146 2054 364 2105 (δράκοντα
385 2058 466 2105 50.)·
498 2055 601 2096 οἶδὲ
628 2052 716 2106 δύο,
744 2056 803 2093 (Ιί-

146 2114 278 2149 sertius
298 2112 456 2150 Photius
471 2114 511 2149 in
530 2115 625 2150 Lex.
647 2114 702 2164 (p.
726 2115 806 2154 319

146 2170 264 2206 Dobr.
284 2183 323 2220 p.
353 2169 434 2211 274
454 2172 573 2220 LiPS.)
607 2167 806 2221 Οἰκουρόν

147 2222 268 2275 όφινε
309 2222 380 2265 τὸν
408 2229 478 2277 τῆς
502 2222 704 2273 Πολιάδος
727 2222 805 2275 φύ-

147 2283 265 2320 λακοι·
299 2281 368 2321 καὶ
379 2278 618 2333 Ηρόδοτος·
650 2279 806 2335 φύλαρ-

147 2352 208 2388 χοι
232 2336 274 2377 δὲ
300 2334 424 2378 αὐτοῦ
444 2335 529 2379 δύο.
589 2341 692 2377 Haec
720 2353 804 2390 par-

145 2395 215 2431 tim
231 2408 280 2431 ex
295 2395 486 2433 Herodoto
502 2397 640 2447 partim
656 2410 704 2433 ex
720 2399 799 2433 He-

147 2449 276 2499 sychio
299 2453 350 2488 ita
377 2454 550 2503 expleas:
584 2452 666 2492 Καὶ
682 2449 799 2504 Ἡρό

149 2506 287 2553 δοτος
301 2505 371 2558 μὲν
401 2508 469 2548 ε’να
507 2508 633 2560 φησὶν
669 2509 711 2549 ἐν
744 2512 799 2560 τῷ

149 2561 264 2615 ἱερῷ·
299 2560 568 2616 Φύλαργος
601 2563 643 2605 δὲ
673 2561 799 2605 αυτοῦ

146 2602 235 2657 δύο.
293 2621 390 2656 Nam
422 2623 472 2658 ita
492 2621 615 2659 codex
636 2624 754 2672 Galei,
777 2636 799 2658 a

148 2675 317 2711 Por-sono
333 2684 369 2713 et
383 2679 533 2715 Dobreo
551 2679 707 2715 collatus
729 2692 798 2729 pro

151 2726 361 2781 Φύλαρχοι,
392 2735 430 2770 in
449 2748 523 2785 quo
545 2748 623 2771 non
639 2733 800 2772 haesisse

146 2788 264 2824 mirm
278 2787 573 2828 Schleusnerum
593 2791 801 2840 (Animad-

873 582 986 626 verss.
1002 589 1042 624 in
1063 586 1193 624 Photii
1208 586 1302 626 Lex.
1318 599 1406 638 pag.
1423 588 1533 636 270).

872 645 1002 696 Atque
1022 645 1051 681 si
1068 641 1301 694 Hesychium
1322 644 1534 694 pleniorem

872 703 951 737 He1
954 700 1057 737 odon
1079 700 1250 737 codicem
1265 707 1441 737 'mactasse
1456 707 1534 736 sta-

872 764 967 804 tuas,
998 756 1087 793 huic
1108 763 1193 807 post
1223 756 1264 795 ἐν
1292 759 1348 795 mi
1373 756 1447 808 ἱρῷ
1462 755 1532 792 ad-

873 814 1044 851 dendum
1072 826 1223 850 censeas
1247 798 1328 864 Ἐρ
1340 815 1466 863 εχθῆ
1478 827 1498 852 ο
1513 828 1532 859 ς

873 872 952 919 [vel
978 871 1101 920 potius
1125 866 1372 921 Ἐρεχθέος].
1432 870 1531 905 Nam

870 929 944 966 τοῦ
972 923 1182 979 Ἐρεχθέος
1210 925 1337 963 adiicit
1361 927 1530 962 Lexico-

869 982 1050 1034 graphus.
1107 984 1201 1019 Utut
1245 989 1320 1030 est,
1371 980 1530 1018 Photius

869 1040 995 1091 prodit
1008 1038 1244 1077 :Herodotus
1259 1051 1381 1075 unum
1398 1037 1529 1075 draco-

869 1111 961 1133 nem
977 1098 1017 1132 in
1027 1109 1071 1133 eo
1087 1097 1248 1133 sacrario
1261 1109 1339 1132 esse
1351 1094 1532 1144 (narrasse

869 1155 1023 1200 scilicet,
1045 1159 1087 1189 ut
1113 1152 1327 1190 Herodotus
1351 1153 1432 1202 ipse
1451 1158 1530 1188 tra-

868 1209 923 1246 dit
934 1241 944 1255 ‚
979 1207 1248 1258 Athenienses)
1262 1238 1271 1255 ‚
1287 1206 1528 1259 Phylarchus

867 1265 1097 1315 (historicus)
1121 1265 1195 1302 duo
1211 1264 1354 1302 ibidem
1371 1277 1463 1301 esse.
1475 1266 1499 1284 ‘⁶

924 1322 993 1361 καὶ
1012 1320 1062 1372 δή
1080 1321 1148 1360 καὶ
1166 1320 1219 1368 ὥς
1244 1317 1348 1361 ἐόντι
1378 1316 1527 1372 ἐπιμή-

867 1393 936 1418 νια
968 1376 1208 1417 ἐπιτελέουσι
1247 1375 1524 1427 προτιθέντες]

865 1437 999 1485 Lange
1028 1433 1123 1470 haec
1152 1435 1204 1469 ita
1224 1434 1426 1469 vernacule
1457 1446 1528 1468 ex-

866 1493 1023 1543 pressit:
1061 1490 1169 1539 „und
1195 1490 1411 1536 ausserdem,
1444 1489 1527 1525 dass

866 1551 915 1586 sz'e
956 1549 1034 1595 ilar,
1084 1549 1148 1583 wie
1184 1548 1291 1583 einem
1323 1545 1528 1593 lebendigen

865 1604 1069 1652 DIenschen‚
1091 1603 1161 1641 alle
1179 1601 1408 1640 Mondem'ltr
1423 1601 1457 1638 T
1456 1601 1525 1638 keil

864 1665 1056 1698 vorsetzten
1066 1688 1082 1705 ‚
1131 1659 1285 1696 nt'imliclz
1328 1657 1524 1706 Hom’glcu-

863 1719 986 1755 clten.“
1044 1714 1279 1766 Schweigh.,
1306 1715 1426 1767 quiin
1445 1716 1525 1750 Le-

861 1776 950 1812 xico
967 1772 1182 1810 Herodoteo
1208 1786 1239 1810 5.
1261 1786 1298 1810 v.
1333 1770 1524 1810 ἐπιτελεῖν

862 1832 988 1868 scribit
1033 1824 1254 1880 ,ἐγιιμήνιεν
1284 1825 1523 1867 ἐπιτελέουσι

862 1886 1129 1939 προτιθέντες,
1142 1897 1240 1922 11011;
1264 1888 1443 1921 menstrua
1457 1896 1521 1919 sa-

862 1958 923 1982 cra
940 1944 1088 1995 faciunt
1105 1941 1191 1979 sed:
1214 1944 1401 1987 menstrua,
1421 1952 1521 1975 men-

859 2005 995 2038 struam
1038 2002 1234 2050 pensionem
1273 1995 1519 2047 persolvunt‚“

860 2059 900 2094 in
916 2058 1050 2094 Latina
1060 2057 1233 2093 versione
1244 2054 1296 2090 sic
1313 2052 1492 2102 expressit
1504 2061 1517 2088 :

862 2114 951 2162 „sed
973 2115 1077 2150 etiam
1102 2115 1270 2161 tanquam
1300 2122 1336 2145 re
1360 2121 1442 2144 vera
1469 2107 1521 2143 ibi

861 2171 1018 2208 versanti
1044 2173 1217 2205 menstrua
1244 2178 1349 2202 sacra
1366 2163 1517 2214 faciunt

859 2227 1115 2277 aclpommtqne.
1120 2226 1143 2244 “
1200 2224 1326 2258 Minus
1346 2227 1459 2266 recte,
1484 2219 1516 2255 si

859 2283 952 2349 quid
967 2281 1092 2320 xideo.
1140 2281 1239 2317 Nam
1254 2283 1416 2329 praestat
1436 2275 1517 2315 ἐπι-

859 2334 984 2391 μήνιοι
1004 2339 1143 2375 referre
1177 2335 1225 2373 ad
1246 2331 1514 2385 προτιθέντες,

855 2395 929 2433 1100
955 2397 1032 2432 fere
1053 2405 1188 2432 sensu:
1219 2393 1394 2428 menstrua
1412 2389 1515 2424 ciba-

853 2456 911 2490 ria
933 2452 980 2502 (s.
997 2453 1185 2503 placentas
1201 2447 1356 2497 singulis
1371 2444 1514 2481 mensi-

854 2507 940 2560 bus)
977 2511 1183 2558 apponentes
1203 2477 1354 2553 serssenti
1372 2513 1515 2538 remsa-

855 2580 948 2604 cram
965 2564 1110 2614 faciunt
1134 2576 1165 2599 5.
1197 2572 1299 2597 sacra
1315 2560 1510 2609 peragunt.

853 2623 1024 2660 Verbum
1053 2616 1288 2669 προτιθέναι
1322 2615 1409 2651 satis
1442 2613 1513 2649 tri-

855 2686 939 2716 tum
961 2676 1007 2713 de
1023 2674 1236 2726 apponendis
1262 2671 1376 2718 cibis3
1407 2668 1512 2706 unde

856 2736 982 2781 etiam,
994 2738 1150 2769 notante
1165 2727 1452 2774 Valckenaerio,
1473 2740 1513 2764 οι

858 2788 971 2844 ἄρτοι
987 2791 1060 2840 τῆς
1076 2785 1320 2842 προθέσεως,
1341 2796 1436 2838 quos
1450 2794 1512 2819 sa-
