<?xml version="1.0" encoding="UTF-8"?>
<!DOCTYPE html PUBLIC "-//W3C//DTD XHTML 1.0 Transitional//EN"
    "http://www.w3.org/TR/xhtml1/DTD/xhtml1-transitional.dtd">
<html xmlns="http://www.w3.org/1999/xhtml" xml:lang="en" lang="en">
 <head>
  <title>
</title>
<meta http-equiv="Content-Type" content="text/html;charset=utf-8" />
  <meta name='ocr-system' content='tesseract 3.04.00' />
  <meta name='ocr-capabilities' content='ocr_page ocr_carea ocr_par ocr_line ocrx_word'/>
</head>
<body>
  <div class='ocr_page' id='page_1' title='image "./musaeher04hero_0270.png"; bbox 0 0 1839 3292; ppageno 0'>
   <div class='ocr_carea' id='block_1_1' title="bbox 372 196 456 236">
    <p class='ocr_par' dir='ltr' id='par_1_1' title="bbox 372 196 456 236">
     <span class='ocr_line' id='line_1_1' title="bbox 372 196 456 236; baseline 0.012 -1"><span class='ocrx_word' id='word_1_1' title='bbox 372 196 456 236; x_wconf 73' lang='lat'>262</span> 
     </span>
    </p>
   </div>
   <div class='ocr_carea' id='block_1_2' title="bbox 371 301 975 359">
    <p class='ocr_par' dir='ltr' id='par_1_2' title="bbox 371 301 975 359">
     <span class='ocr_line' id='line_1_2' title="bbox 371 301 975 359; baseline -0.007 -11"><span class='ocrx_word' id='word_1_2' title='bbox 371 305 441 349; x_wconf 80' lang='grc' dir='ltr'>καὶ</span> <span class='ocrx_word' id='word_1_3' title='bbox 471 302 692 359; x_wconf 79' lang='grc' dir='ltr'>Ἀργείους</span> <span class='ocrx_word' id='word_1_4' title='bbox 721 301 975 359; x_wconf 77' lang='grc' dir='ltr'><em>γενόμενος·</em></span> 
     </span>
    </p>
   </div>
   <div class='ocr_carea' id='block_1_3' title="bbox 375 368 1638 494">
    <p class='ocr_par' dir='ltr' id='par_1_3' title="bbox 375 368 1638 494">
     <span class='ocr_line' id='line_1_3' title="bbox 375 368 1435 427; baseline -0.002 -11"><span class='ocrx_word' id='word_1_5' title='bbox 375 372 485 427; x_wconf 79' lang='grc' dir='ltr'><em>πρὸς</em></span> <span class='ocrx_word' id='word_1_6' title='bbox 520 371 732 426; x_wconf 78' lang='grc' dir='ltr'><strong><em>Ἀρκάδας</em></strong></span> <span class='ocrx_word' id='word_1_7' title='bbox 767 370 954 419; x_wconf 81' lang='grc' dir='ltr'><em>πάντας,</em></span> <span class='ocrx_word' id='word_1_8' title='bbox 1007 368 1121 423; x_wconf 70' lang='grc' dir='ltr'><em>πλὴν</em></span> <span class='ocrx_word' id='word_1_9' title='bbox 1153 370 1435 414; x_wconf 78' lang='grc' dir='ltr'><em>Μαντινέων·</em></span> 
     </span>
     <span class='ocr_line' id='line_1_4' title="bbox 378 435 1638 494; baseline -0.001 -10"><span class='ocrx_word' id='word_1_10' title='bbox 378 439 402 484; x_wconf 91' lang='grc' dir='ltr'>ὁ</span> <span class='ocrx_word' id='word_1_11' title='bbox 433 439 699 494; x_wconf 66' lang='grc' dir='ltr'><em>,Μεσσηνίων</em></span> <span class='ocrx_word' id='word_1_12' title='bbox 730 435 754 480; x_wconf 88' lang='grc' dir='ltr'>ὁ</span> <span class='ocrx_word' id='word_1_13' title='bbox 785 435 893 491; x_wconf 83' lang='grc' dir='ltr'><strong><em>πρὸς</em></strong></span> <span class='ocrx_word' id='word_1_14' title='bbox 918 435 1100 493; x_wconf 67' lang='grc' dir='ltr'><em>Ἰθώμῃ·</em></span> <span class='ocrx_word' id='word_1_15' title='bbox 1130 436 1317 488; x_wconf 79' lang='grc' dir='ltr'><em>ὕστατος</em></span> <span class='ocrx_word' id='word_1_16' title='bbox 1351 437 1410 490; x_wconf 78' lang='grc' dir='ltr'>δὲ,</span> <span class='ocrx_word' id='word_1_17' title='bbox 1439 436 1463 483; x_wconf 89' lang='grc' dir='ltr'>ὁ</span> <span class='ocrx_word' id='word_1_18' title='bbox 1484 439 1532 482; x_wconf 79' lang='grc' dir='ltr'><em>ἐν</em></span> <span class='ocrx_word' id='word_1_19' title='bbox 1555 442 1638 483; x_wconf 83' lang='grc' dir='ltr'>Τα-</span> 
     </span>
    </p>
   </div>
   <div class='ocr_carea' id='block_1_4' title="bbox 323 633 1013 2846">
    <p class='ocr_par' dir='ltr' id='par_1_4' title="bbox 323 633 1012 2561">
     <span class='ocr_line' id='line_1_5' title="bbox 323 633 984 684; baseline 0.002 -15"><span class='ocrx_word' id='word_1_20' title='bbox 323 634 484 670; x_wconf 84' lang='lat' dir='ltr'>alterum</span> <span class='ocrx_word' id='word_1_21' title='bbox 501 645 590 670; x_wconf 86' lang='lat' dir='ltr'>cum</span> <span class='ocrx_word' id='word_1_22' title='bbox 612 633 790 684; x_wconf 75' lang='lat' dir='ltr'>Tegeatis</span> <span class='ocrx_word' id='word_1_23' title='bbox 812 634 984 684; x_wconf 80' lang='lat' dir='ltr'>Argivis-</span> 
     </span>
     <span class='ocr_line' id='line_1_6' title="bbox 326 690 984 742; baseline 0 -14"><span class='ocrx_word' id='word_1_24' title='bbox 326 704 418 742; x_wconf 88' lang='lat' dir='ltr'>que,</span> <span class='ocrx_word' id='word_1_25' title='bbox 460 690 623 727; x_wconf 85' lang='lat' dir='ltr'>alterum</span> <span class='ocrx_word' id='word_1_26' title='bbox 653 703 742 727; x_wconf 89' lang='lat' dir='ltr'>cum</span> <span class='ocrx_word' id='word_1_27' title='bbox 773 690 984 728; x_wconf 79' lang='lat' dir='ltr'>Arcadibus</span> 
     </span>
     <span class='ocr_line' id='line_1_7' title="bbox 324 746 986 793; baseline 0 -9"><span class='ocrx_word' id='word_1_28' title='bbox 324 747 585 793; x_wconf 86' lang='lat' dir='ltr'>commissum,</span> <span class='ocrx_word' id='word_1_29' title='bbox 607 746 781 784; x_wconf 87' lang='lat' dir='ltr'>incidunt</span> <span class='ocrx_word' id='word_1_30' title='bbox 812 749 907 784; x_wconf 86' lang='lat' dir='ltr'>intra</span> <span class='ocrx_word' id='word_1_31' title='bbox 932 749 986 784; x_wconf 89' lang='lat'>0-</span> 
     </span>
     <span class='ocr_line' id='line_1_8' title="bbox 325 805 985 855; baseline 0.002 -15"><span class='ocrx_word' id='word_1_32' title='bbox 325 805 444 855; x_wconf 78' lang='lat' dir='ltr'>lymp.</span> <span class='ocrx_word' id='word_1_33' title='bbox 473 805 631 849; x_wconf 80' lang='lat' dir='ltr'>LXXV,</span> <span class='ocrx_word' id='word_1_34' title='bbox 660 806 686 843; x_wconf 78' lang='lat'>2</span> <span class='ocrx_word' id='word_1_35' title='bbox 708 811 745 841; x_wconf 90' lang='lat' dir='ltr'>et</span> <span class='ocrx_word' id='word_1_36' title='bbox 774 805 985 855; x_wconf 81' lang='lat' dir='ltr'><strong>LXXVIII,</strong></span> 
     </span>
     <span class='ocr_line' id='line_1_9' title="bbox 325 861 985 907; baseline 0.005 -11"><span class='ocrx_word' id='word_1_37' title='bbox 325 861 364 907; x_wconf 83' lang='lat'>4,</span> <span class='ocrx_word' id='word_1_38' title='bbox 405 861 628 897; x_wconf 77' lang='lat' dir='ltr'>observante</span> <span class='ocrx_word' id='word_1_39' title='bbox 669 861 710 898; x_wconf 89' lang='lat' dir='ltr'>C.</span> <span class='ocrx_word' id='word_1_40' title='bbox 752 862 796 899; x_wconf 87' lang='lat' dir='ltr'>O.</span> <span class='ocrx_word' id='word_1_41' title='bbox 835 862 985 899; x_wconf 73' lang='lat' dir='ltr'>Mulier.</span> 
     </span>
     <span class='ocr_line' id='line_1_10' title="bbox 325 918 987 970; baseline 0.003 -16"><span class='ocrx_word' id='word_1_42' title='bbox 325 918 417 954; x_wconf 92' lang='lat' dir='ltr'>Dor.</span> <span class='ocrx_word' id='word_1_43' title='bbox 446 918 462 952; x_wconf 94' lang='lat'>1</span> <span class='ocrx_word' id='word_1_44' title='bbox 497 931 534 968; x_wconf 89' lang='lat' dir='ltr'>p.</span> <span class='ocrx_word' id='word_1_45' title='bbox 567 919 658 965; x_wconf 75' lang='lat'>188,</span> <span class='ocrx_word' id='word_1_46' title='bbox 687 919 752 970; x_wconf 90' lang='lat' dir='ltr'>qui</span> <span class='ocrx_word' id='word_1_47' title='bbox 781 920 917 955; x_wconf 88' lang='lat' dir='ltr'>merito</span> <span class='ocrx_word' id='word_1_48' title='bbox 939 918 987 956; x_wconf 88' lang='lat' dir='ltr'>ad</span> 
     </span>
     <span class='ocr_line' id='line_1_11' title="bbox 327 972 988 1012; baseline 0.002 -1"><span class='ocrx_word' id='word_1_49' title='bbox 327 972 423 1011; x_wconf 86' lang='lat' dir='ltr'>haec</span> <span class='ocrx_word' id='word_1_50' title='bbox 443 973 586 1011; x_wconf 86' lang='lat' dir='ltr'>attendi</span> <span class='ocrx_word' id='word_1_51' title='bbox 606 974 701 1012; x_wconf 85' lang='lat' dir='ltr'>vult.</span> <span class='ocrx_word' id='word_1_52' title='bbox 748 976 853 1011; x_wconf 19' lang='lat' dir='ltr'>*Nam</span> <span class='ocrx_word' id='word_1_53' title='bbox 873 976 988 1012; x_wconf 88' lang='lat' dir='ltr'>unica</span> 
     </span>
     <span class='ocr_line' id='line_1_12' title="bbox 328 1031 988 1083; baseline 0.003 -17"><span class='ocrx_word' id='word_1_54' title='bbox 328 1031 407 1066; x_wconf 88' lang='lat' dir='ltr'>fere</span> <span class='ocrx_word' id='word_1_55' title='bbox 432 1037 485 1066; x_wconf 84' lang='lat' dir='ltr'>est</span> <span class='ocrx_word' id='word_1_56' title='bbox 525 1032 669 1067; x_wconf 86' lang='lat' dir='ltr'>mentio</span> <span class='ocrx_word' id='word_1_57' title='bbox 707 1044 853 1080; x_wconf 89' lang='lat' dir='ltr'>eorum,</span> <span class='ocrx_word' id='word_1_58' title='bbox 889 1045 988 1083; x_wconf 84' lang='lat' dir='ltr'>quae</span> 
     </span>
     <span class='ocr_line' id='line_1_13' title="bbox 328 1086 989 1137; baseline 0.002 -14"><span class='ocrx_word' id='word_1_59' title='bbox 328 1094 412 1137; x_wconf 90' lang='lat' dir='ltr'>post</span> <span class='ocrx_word' id='word_1_60' title='bbox 439 1089 573 1124; x_wconf 81' lang='lat' dir='ltr'>Persas</span> <span class='ocrx_word' id='word_1_61' title='bbox 597 1086 775 1124; x_wconf 80' lang='lat' dir='ltr'>devictos</span> <span class='ocrx_word' id='word_1_62' title='bbox 803 1089 842 1124; x_wconf 89' lang='lat' dir='ltr'>in</span> <span class='ocrx_word' id='word_1_63' title='bbox 872 1089 989 1125; x_wconf 90' lang='lat' dir='ltr'>Pelo-</span> 
     </span>
     <span class='ocr_line' id='line_1_14' title="bbox 328 1145 990 1196; baseline 0.003 -17"><span class='ocrx_word' id='word_1_64' title='bbox 328 1156 500 1194; x_wconf 87' lang='lat' dir='ltr'>ponneso</span> <span class='ocrx_word' id='word_1_65' title='bbox 538 1145 637 1179; x_wconf 82' lang='lat' dir='ltr'>inter</span> <span class='ocrx_word' id='word_1_66' title='bbox 666 1145 765 1194; x_wconf 90' lang='lat' dir='ltr'>ipsos</span> <span class='ocrx_word' id='word_1_67' title='bbox 794 1145 990 1196; x_wconf 88' lang='lat' dir='ltr'>Pelopon-</span> 
     </span>
     <span class='ocr_line' id='line_1_15' title="bbox 329 1199 991 1253; baseline 0.003 -17"><span class='ocrx_word' id='word_1_68' title='bbox 329 1201 451 1240; x_wconf 86' lang='lat' dir='ltr'>nesios</span> <span class='ocrx_word' id='word_1_69' title='bbox 503 1199 724 1238; x_wconf 82' lang='lat' dir='ltr'>acciderint.</span> <span class='ocrx_word' id='word_1_70' title='bbox 801 1202 991 1253; x_wconf 80' lang='lat' dir='ltr'>Tegeatas</span> 
     </span>
     <span class='ocr_line' id='line_1_16' title="bbox 330 1257 991 1308; baseline 0.003 -14"><span class='ocrx_word' id='word_1_71' title='bbox 330 1257 525 1307; x_wconf 78' lang='lat' dir='ltr'>Spartanis</span> <span class='ocrx_word' id='word_1_72' title='bbox 537 1258 861 1308; x_wconf 78' lang='lat' dir='ltr'>semperinfensos</span> <span class='ocrx_word' id='word_1_73' title='bbox 878 1259 991 1296; x_wconf 84' lang='lat' dir='ltr'>fuisse</span> 
     </span>
     <span class='ocr_line' id='line_1_17' title="bbox 329 1315 990 1366; baseline 0.003 -16"><span class='ocrx_word' id='word_1_74' title='bbox 329 1315 526 1352; x_wconf 74' lang='lat' dir='ltr'>novimus:</span> <span class='ocrx_word' id='word_1_75' title='bbox 564 1316 630 1366; x_wconf 89' lang='lat' dir='ltr'>qui</span> <span class='ocrx_word' id='word_1_76' title='bbox 650 1316 880 1352; x_wconf 86' lang='lat' dir='ltr'>reconciliati</span> <span class='ocrx_word' id='word_1_77' title='bbox 901 1329 990 1353; x_wconf 90' lang='lat' dir='ltr'>cum</span> 
     </span>
     <span class='ocr_line' id='line_1_18' title="bbox 329 1371 991 1424; baseline 0.003 -17"><span class='ocrx_word' id='word_1_78' title='bbox 329 1371 526 1421; x_wconf 77' lang='lat' dir='ltr'>Spartanis</span> <span class='ocrx_word' id='word_1_79' title='bbox 546 1372 667 1424; x_wconf 88' lang='lat' dir='ltr'>iisque</span> <span class='ocrx_word' id='word_1_80' title='bbox 682 1373 812 1409; x_wconf 88' lang='lat' dir='ltr'>sociati</span> <span class='ocrx_word' id='word_1_81' title='bbox 828 1386 895 1423; x_wconf 89' lang='lat' dir='ltr'>per</span> <span class='ocrx_word' id='word_1_82' title='bbox 906 1374 991 1410; x_wconf 89' lang='lat' dir='ltr'>bel-</span> 
     </span>
     <span class='ocr_line' id='line_1_19' title="bbox 328 1428 995 1479; baseline 0.004 -16"><span class='ocrx_word' id='word_1_83' title='bbox 328 1428 410 1464; x_wconf 88' lang='lat' dir='ltr'>lum</span> <span class='ocrx_word' id='word_1_84' title='bbox 432 1429 627 1465; x_wconf 87' lang='lat' dir='ltr'>Persicum</span> <span class='ocrx_word' id='word_1_85' title='bbox 656 1436 786 1479; x_wconf 86' lang='lat' dir='ltr'>postea</span> <span class='ocrx_word' id='word_1_86' title='bbox 818 1429 995 1468; x_wconf 85' lang='lat' dir='ltr'>disiuncti</span> 
     </span>
     <span class='ocr_line' id='line_1_20' title="bbox 331 1485 995 1535; baseline 0.003 -14"><span class='ocrx_word' id='word_1_87' title='bbox 331 1486 474 1535; x_wconf 81' lang='lat' dir='ltr'><strong>priores</strong></span> <span class='ocrx_word' id='word_1_88' title='bbox 489 1485 703 1522; x_wconf 85' lang='lat' dir='ltr'>inimicitias</span> <span class='ocrx_word' id='word_1_89' title='bbox 724 1499 924 1524; x_wconf 79' lang='lat' dir='ltr'><strong>renovasse</strong></span> <span class='ocrx_word' id='word_1_90' title='bbox 935 1488 995 1525; x_wconf 79' lang='lat' dir='ltr'>vi-</span> 
     </span>
     <span class='ocr_line' id='line_1_21' title="bbox 332 1541 995 1595; baseline 0.003 -17"><span class='ocrx_word' id='word_1_91' title='bbox 332 1541 484 1579; x_wconf 72' lang='lat' dir='ltr'>dentur.</span> <span class='ocrx_word' id='word_1_92' title='bbox 543 1543 694 1592; x_wconf 78' lang='lat' dir='ltr'>Argivis</span> <span class='ocrx_word' id='word_1_93' title='bbox 717 1545 831 1580; x_wconf 88' lang='lat' dir='ltr'>etiam</span> <span class='ocrx_word' id='word_1_94' title='bbox 850 1553 995 1595; x_wconf 69' lang='lat' dir='ltr'>&#39;perpe-</span> 
     </span>
     <span class='ocr_line' id='line_1_22' title="bbox 330 1599 994 1652; baseline 0.005 -18"><span class='ocrx_word' id='word_1_95' title='bbox 330 1605 412 1635; x_wconf 85' lang='lat' dir='ltr'>tuas</span> <span class='ocrx_word' id='word_1_96' title='bbox 442 1599 520 1636; x_wconf 85' lang='lat' dir='ltr'>sere</span> <span class='ocrx_word' id='word_1_97' title='bbox 550 1601 650 1637; x_wconf 75' lang='lat' dir='ltr'>rixas</span> <span class='ocrx_word' id='word_1_98' title='bbox 683 1607 797 1652; x_wconf 83' lang='lat' dir='ltr'>atque</span> <span class='ocrx_word' id='word_1_99' title='bbox 832 1608 994 1638; x_wconf 89' lang='lat' dir='ltr'>conten-</span> 
     </span>
     <span class='ocr_line' id='line_1_23' title="bbox 331 1657 996 1707; baseline 0.006 -16"><span class='ocrx_word' id='word_1_100' title='bbox 331 1657 453 1692; x_wconf 82' lang='lat' dir='ltr'>tiones</span> <span class='ocrx_word' id='word_1_101' title='bbox 470 1669 559 1693; x_wconf 87' lang='lat' dir='ltr'>cum</span> <span class='ocrx_word' id='word_1_102' title='bbox 579 1657 776 1707; x_wconf 78' lang='lat' dir='ltr'>Spartanis</span> <span class='ocrx_word' id='word_1_103' title='bbox 794 1658 908 1695; x_wconf 84' lang='lat' dir='ltr'>fuisse</span> <span class='ocrx_word' id='word_1_104' title='bbox 929 1671 996 1695; x_wconf 90' lang='lat' dir='ltr'>ac-</span> 
     </span>
     <span class='ocr_line' id='line_1_24' title="bbox 335 1710 997 1766; baseline 0.006 -18"><span class='ocrx_word' id='word_1_105' title='bbox 335 1710 528 1763; x_wconf 83' lang='lat' dir='ltr'>cepimus:</span> <span class='ocrx_word' id='word_1_106' title='bbox 553 1715 694 1765; x_wconf 79' lang='lat' dir='ltr'><strong>quippe</strong></span> <span class='ocrx_word' id='word_1_107' title='bbox 707 1728 872 1766; x_wconf 86' lang='lat' dir='ltr'>quorum</span> <span class='ocrx_word' id='word_1_108' title='bbox 889 1716 997 1766; x_wconf 89' lang='lat' dir='ltr'>prin-</span> 
     </span>
     <span class='ocr_line' id='line_1_25' title="bbox 335 1770 998 1819; baseline 0.005 -13"><span class='ocrx_word' id='word_1_109' title='bbox 335 1771 516 1819; x_wconf 84' lang='lat' dir='ltr'>cipatum,</span> <span class='ocrx_word' id='word_1_110' title='bbox 537 1778 579 1807; x_wconf 91' lang='lat' dir='ltr'>ut</span> <span class='ocrx_word' id='word_1_111' title='bbox 608 1770 776 1819; x_wconf 79' lang='lat' dir='ltr'>videtur,</span> <span class='ocrx_word' id='word_1_112' title='bbox 808 1770 998 1809; x_wconf 87' lang='lat' dir='ltr'>detrecta-</span> 
     </span>
     <span class='ocr_line' id='line_1_26' title="bbox 338 1826 997 1879; baseline 0.006 -17"><span class='ocrx_word' id='word_1_113' title='bbox 338 1827 428 1863; x_wconf 81' lang='lat' dir='ltr'>bant</span> <span class='ocrx_word' id='word_1_114' title='bbox 455 1826 621 1879; x_wconf 76' lang='lat' dir='ltr'><strong>indeque</strong></span> <span class='ocrx_word' id='word_1_115' title='bbox 646 1829 763 1865; x_wconf 85' lang='lat' dir='ltr'>etiam</span> <span class='ocrx_word' id='word_1_116' title='bbox 782 1829 821 1864; x_wconf 85' lang='lat' dir='ltr'>iu</span> <span class='ocrx_word' id='word_1_117' title='bbox 845 1830 997 1866; x_wconf 86' lang='lat' dir='ltr'>Persico</span> 
     </span>
     <span class='ocr_line' id='line_1_27' title="bbox 338 1884 1002 1923; baseline 0.006 -4"><span class='ocrx_word' id='word_1_118' title='bbox 338 1884 439 1920; x_wconf 86' lang='lat' dir='ltr'>bello</span> <span class='ocrx_word' id='word_1_119' title='bbox 462 1891 605 1921; x_wconf 85' lang='lat' dir='ltr'>ceteros</span> <span class='ocrx_word' id='word_1_120' title='bbox 627 1886 790 1922; x_wconf 86' lang='lat' dir='ltr'>Graecos</span> <span class='ocrx_word' id='word_1_121' title='bbox 807 1884 911 1923; x_wconf 86' lang='lat' dir='ltr'>haud</span> <span class='ocrx_word' id='word_1_122' title='bbox 931 1885 1002 1923; x_wconf 82' lang='lat' dir='ltr'>ad-</span> 
     </span>
     <span class='ocr_line' id='line_1_28' title="bbox 340 1941 1002 1993; baseline 0.006 -17"><span class='ocrx_word' id='word_1_123' title='bbox 340 1941 534 1987; x_wconf 74' lang='lat' dir='ltr'>iuvabant,</span> <span class='ocrx_word' id='word_1_124' title='bbox 555 1949 781 1978; x_wconf 88' lang='lat' dir='ltr'>neutrorum</span> <span class='ocrx_word' id='word_1_125' title='bbox 802 1950 925 1993; x_wconf 87' lang='lat' dir='ltr'>partes</span> <span class='ocrx_word' id='word_1_126' title='bbox 945 1956 1002 1980; x_wconf 93' lang='lat' dir='ltr'>se-</span> 
     </span>
     <span class='ocr_line' id='line_1_29' title="bbox 340 1999 1002 2049; baseline 0.006 -16"><span class='ocrx_word' id='word_1_127' title='bbox 340 1999 432 2039; x_wconf 83' lang='lat' dir='ltr'>cuti,</span> <span class='ocrx_word' id='word_1_128' title='bbox 462 1999 540 2035; x_wconf 89' lang='lat' dir='ltr'>Nec</span> <span class='ocrx_word' id='word_1_129' title='bbox 552 1999 662 2049; x_wconf 89' lang='lat' dir='ltr'>plura</span> <span class='ocrx_word' id='word_1_130' title='bbox 678 2000 785 2036; x_wconf 88' lang='lat' dir='ltr'>nobis</span> <span class='ocrx_word' id='word_1_131' title='bbox 801 2000 1002 2037; x_wconf 81' lang='lat' dir='ltr'><strong>innotuere</strong></span> 
     </span>
     <span class='ocr_line' id='line_1_30' title="bbox 341 2053 1002 2106; baseline 0.003 -15"><span class='ocrx_word' id='word_1_132' title='bbox 341 2053 389 2091; x_wconf 91' lang='lat' dir='ltr'>de</span> <span class='ocrx_word' id='word_1_133' title='bbox 423 2055 703 2106; x_wconf 79' lang='lat' dir='ltr'>Spartanorum</span> <span class='ocrx_word' id='word_1_134' title='bbox 733 2057 1002 2094; x_wconf 79' lang='lat' dir='ltr'>certaminibus</span> 
     </span>
     <span class='ocr_line' id='line_1_31' title="bbox 341 2112 1001 2166; baseline 0.005 -19"><span class='ocrx_word' id='word_1_135' title='bbox 341 2124 432 2148; x_wconf 90' lang='lat' dir='ltr'>cum</span> <span class='ocrx_word' id='word_1_136' title='bbox 473 2112 674 2150; x_wconf 74' lang='lat' dir='ltr'>Arcadibus</span> <span class='ocrx_word' id='word_1_137' title='bbox 710 2114 856 2162; x_wconf 74' lang='lat' dir='ltr'>vicinis,</span> <span class='ocrx_word' id='word_1_138' title='bbox 905 2127 1001 2166; x_wconf 91' lang='lat' dir='ltr'>quos</span> 
     </span>
     <span class='ocr_line' id='line_1_32' title="bbox 340 2168 1005 2218; baseline 0.006 -14"><span class='ocrx_word' id='word_1_139' title='bbox 340 2168 502 2218; x_wconf 81' lang='lat' dir='ltr'>Spartae</span> <span class='ocrx_word' id='word_1_140' title='bbox 537 2170 617 2207; x_wconf 70' lang='lat' dir='ltr'>sive</span> <span class='ocrx_word' id='word_1_141' title='bbox 649 2168 892 2207; x_wconf 87' lang='lat' dir='ltr'>dominatum</span> <span class='ocrx_word' id='word_1_142' title='bbox 927 2172 1005 2208; x_wconf 79' lang='lat' dir='ltr'>sive</span> 
     </span>
     <span class='ocr_line' id='line_1_33' title="bbox 340 2226 1006 2276; baseline 0.008 -16"><span class='ocrx_word' id='word_1_143' title='bbox 340 2226 598 2276; x_wconf 82' lang='lat' dir='ltr'>principatum</span> <span class='ocrx_word' id='word_1_144' title='bbox 638 2227 737 2264; x_wconf 83' lang='lat' dir='ltr'>ferre</span> <span class='ocrx_word' id='word_1_145' title='bbox 766 2229 932 2264; x_wconf 87' lang='lat' dir='ltr'>noluisse</span> <span class='ocrx_word' id='word_1_146' title='bbox 962 2241 1006 2265; x_wconf 86' lang='lat' dir='ltr'>ac</span> 
     </span>
     <span class='ocr_line' id='line_1_34' title="bbox 343 2281 1008 2335; baseline 0.006 -18"><span class='ocrx_word' id='word_1_147' title='bbox 343 2281 391 2318; x_wconf 88' lang='lat' dir='ltr'>de</span> <span class='ocrx_word' id='word_1_148' title='bbox 401 2295 582 2332; x_wconf 84' lang='lat' dir='ltr'>agrorum</span> <span class='ocrx_word' id='word_1_149' title='bbox 592 2285 760 2321; x_wconf 86' lang='lat' dir='ltr'>terminis</span> <span class='ocrx_word' id='word_1_150' title='bbox 783 2298 872 2321; x_wconf 83' lang='lat' dir='ltr'>cum</span> <span class='ocrx_word' id='word_1_151' title='bbox 887 2285 1008 2335; x_wconf 85' lang='lat' dir='ltr'>Spar-</span> 
     </span>
     <span class='ocr_line' id='line_1_35' title="bbox 342 2339 1007 2379; baseline 0.006 -5"><span class='ocrx_word' id='word_1_152' title='bbox 342 2340 440 2375; x_wconf 81' lang='lat' dir='ltr'>tanis</span> <span class='ocrx_word' id='word_1_153' title='bbox 470 2339 709 2377; x_wconf 75' lang='lat' dir='ltr'>contendisse</span> <span class='ocrx_word' id='word_1_154' title='bbox 740 2340 919 2378; x_wconf 85' lang='lat' dir='ltr'>credibile</span> <span class='ocrx_word' id='word_1_155' title='bbox 940 2348 1007 2379; x_wconf 81' lang='lat' dir='ltr'>est.</span> 
     </span>
     <span class='ocr_line' id='line_1_36' title="bbox 344 2395 1008 2446; baseline 0.005 -15"><span class='ocrx_word' id='word_1_156' title='bbox 344 2397 402 2432; x_wconf 89' lang='lat' dir='ltr'>De</span> <span class='ocrx_word' id='word_1_157' title='bbox 434 2395 689 2446; x_wconf 75' lang='lat' dir='ltr'>Da‘paeensibus</span> <span class='ocrx_word' id='word_1_158' title='bbox 723 2398 772 2434; x_wconf 86' lang='lat' dir='ltr'>ita</span> <span class='ocrx_word' id='word_1_159' title='bbox 801 2399 1008 2435; x_wconf 80' lang='lat' dir='ltr'>Pausanias</span> 
     </span>
     <span class='ocr_line' id='line_1_37' title="bbox 345 2451 1012 2510; baseline 0.006 -20"><span class='ocrx_word' id='word_1_160' title='bbox 345 2453 420 2490; x_wconf 90' lang='grc'><strong>1.1.</strong></span> <span class='ocrx_word' id='word_1_161' title='bbox 451 2452 492 2492; x_wconf 81' lang='grc' dir='ltr'>οἱ</span> <span class='ocrx_word' id='word_1_162' title='bbox 507 2451 549 2492; x_wconf 79' lang='grc' dir='ltr'>δὲ</span> <span class='ocrx_word' id='word_1_163' title='bbox 572 2454 792 2501; x_wconf 74' lang='grc' dir='ltr'><em>Διπαιεῖς’</em></span> <span class='ocrx_word' id='word_1_164' title='bbox 776 2470 817 2494; x_wconf 86' lang='grc' dir='ltr'><em>εν</em></span> <span class='ocrx_word' id='word_1_165' title='bbox 832 2470 878 2510; x_wconf 80' lang='grc' dir='ltr'>τη</span> <span class='ocrx_word' id='word_1_166' title='bbox 900 2458 1012 2494; x_wconf 70' lang='lat' dir='ltr'>lislom-</span> 
     </span>
     <span class='ocr_line' id='line_1_38' title="bbox 346 2498 1009 2563; baseline 0.005 -16"><span class='ocrx_word' id='word_1_167' title='bbox 346 2523 368 2547; x_wconf 71' lang='grc' dir='ltr'><em>ἰ</em></span> <span class='ocrx_word' id='word_1_168' title='bbox 374 2510 464 2548; x_wconf 79' lang='grc' dir='ltr'><em>αλια</em></span> <span class='ocrx_word' id='word_1_169' title='bbox 473 2506 644 2561; x_wconf 72' lang='grc' dir='ltr'><em>τολισμα</em></span> <span class='ocrx_word' id='word_1_170' title='bbox 655 2498 865 2563; x_wconf 77' lang='grc' dir='ltr'><em>’Λοκάὸων</em></span> <span class='ocrx_word' id='word_1_171' title='bbox 882 2506 1009 2561; x_wconf 70' lang='grc' dir='ltr'><em>ἠσαντ</em></span> 
     </span>
    </p>

    <p class='ocr_par' dir='ltr' id='par_1_5' title="bbox 347 2568 1013 2846">
     <span class='ocr_line' id='line_1_39' title="bbox 347 2568 1011 2618; baseline 0.009 -18"><span class='ocrx_word' id='word_1_172' title='bbox 347 2568 548 2617; x_wconf 79' lang='lat' dir='ltr'>equibus</span> <span class='ocrx_word' id='word_1_173' title='bbox 539 2569 627 2618; x_wconf 80' lang='lat' dir='ltr'>ipsis</span> <span class='ocrx_word' id='word_1_174' title='bbox 648 2568 1011 2617; x_wconf 71' lang='lat' dir='ltr'>0011‹:·ludeieliceat‚</span> 
     </span>
     <span class='ocr_line' id='line_1_40' title="bbox 347 2623 1013 2663; baseline 0.009 -6"><span class='ocrx_word' id='word_1_175' title='bbox 347 2623 558 2660; x_wconf 76' lang='lat' dir='ltr'>Pausaniae</span> <span class='ocrx_word' id='word_1_176' title='bbox 607 2631 729 2663; x_wconf 87' lang='lat' dir='ltr'>aetate</span> <span class='ocrx_word' id='word_1_177' title='bbox 784 2628 1013 2663; x_wconf 85' lang='lat' dir='ltr'>memoriam</span> 
     </span>
     <span class='ocr_line' id='line_1_41' title="bbox 350 2679 1012 2733; baseline 0.011 -20"><span class='ocrx_word' id='word_1_178' title='bbox 350 2679 451 2716; x_wconf 85' lang='lat' dir='ltr'>urbis</span> <span class='ocrx_word' id='word_1_179' title='bbox 492 2682 570 2717; x_wconf 78' lang='lat' dir='ltr'>iam</span> <span class='ocrx_word' id='word_1_180' title='bbox 608 2682 847 2720; x_wconf 76' lang='lat' dir='ltr'>obliteratam</span> <span class='ocrx_word' id='word_1_181' title='bbox 886 2684 1012 2733; x_wconf 83' lang='lat' dir='ltr'>fuisse,</span> 
     </span>
     <span class='ocr_line' id='line_1_42' title="bbox 352 2737 1013 2788; baseline 0.011 -17"><span class='ocrx_word' id='word_1_182' title='bbox 352 2742 416 2772; x_wconf 84' lang='lat' dir='ltr'>aut</span> <span class='ocrx_word' id='word_1_183' title='bbox 434 2737 547 2773; x_wconf 85' lang='lat' dir='ltr'>etiam</span> <span class='ocrx_word' id='word_1_184' title='bbox 568 2739 689 2788; x_wconf 84' lang='lat' dir='ltr'>ipsam</span> <span class='ocrx_word' id='word_1_185' title='bbox 711 2741 844 2777; x_wconf 85' lang='lat' dir='ltr'>urbem</span> <span class='ocrx_word' id='word_1_186' title='bbox 866 2741 931 2777; x_wconf 88' lang='lat' dir='ltr'>illa</span> <span class='ocrx_word' id='word_1_187' title='bbox 946 2754 1013 2778; x_wconf 86' lang='lat' dir='ltr'>ae-</span> 
     </span>
     <span class='ocr_line' id='line_1_43' title="bbox 351 2799 920 2846; baseline 0.009 -16"><span class='ocrx_word' id='word_1_188' title='bbox 351 2799 427 2830; x_wconf 83' lang='lat' dir='ltr'>tate</span> <span class='ocrx_word' id='word_1_189' title='bbox 447 2807 526 2831; x_wconf 88' lang='lat' dir='ltr'>non</span> <span class='ocrx_word' id='word_1_190' title='bbox 546 2799 706 2846; x_wconf 83' lang='lat' dir='ltr'>amplius</span> <span class='ocrx_word' id='word_1_191' title='bbox 723 2799 920 2841; x_wconf 79' lang='lat' dir='ltr'>exstitisse,</span> 
     </span>
    </p>
   </div>
   <div class='ocr_carea' id='block_1_5' title="bbox 787 196 1246 232">
    <p class='ocr_par' dir='ltr' id='par_1_6' title="bbox 787 196 1246 232">
     <span class='ocr_line' id='line_1_44' title="bbox 787 196 1246 232; baseline 0 0"><span class='ocrx_word' id='word_1_192' title='bbox 787 196 1246 232; x_wconf 80' lang='lat' dir='ltr'><strong>HERODOTI</strong></span> 
     </span>
    </p>
   </div>
   <div class='ocr_carea' id='block_1_6' title="bbox 1021 301 1697 425">
    <p class='ocr_par' dir='ltr' id='par_1_7' title="bbox 1021 301 1697 425">
     <span class='ocr_line' id='line_1_45' title="bbox 1021 301 1640 357; baseline 0.003 -13"><span class='ocrx_word' id='word_1_193' title='bbox 1021 301 1127 357; x_wconf 80' lang='grc' dir='ltr'><em>μετὰ</em></span> <span class='ocrx_word' id='word_1_194' title='bbox 1157 303 1226 356; x_wconf 81' lang='grc' dir='ltr'>δὲ,</span> <span class='ocrx_word' id='word_1_195' title='bbox 1256 303 1280 346; x_wconf 87' lang='grc' dir='ltr'>ὁ</span> <span class='ocrx_word' id='word_1_196' title='bbox 1323 303 1370 346; x_wconf 76' lang='grc' dir='ltr'><em>ἐν</em></span> <span class='ocrx_word' id='word_1_197' title='bbox 1401 306 1640 346; x_wconf 82' lang='grc' dir='ltr'><em>Διπαιεῦσι</em></span> 
     </span>
     <span class='ocr_line' id='line_1_46' title="bbox 1480 371 1697 425; baseline -0.014 -11"><span class='ocrx_word' id='word_1_198' title='bbox 1480 371 1549 414; x_wconf 80' lang='grc' dir='ltr'>ἐπὶ</span> <span class='ocrx_word' id='word_1_199' title='bbox 1582 371 1697 425; x_wconf 80' lang='grc' dir='ltr'>δὲ,50</span> 
     </span>
    </p>
   </div>
   <div class='ocr_carea' id='block_1_7' title="bbox 1041 627 1734 2849">
    <p class='ocr_par' dir='ltr' id='par_1_8' title="bbox 1041 627 1734 2849">
     <span class='ocr_line' id='line_1_47' title="bbox 1099 627 1704 684; baseline 0 -12"><span class='ocrx_word' id='word_1_200' title='bbox 1099 631 1123 673; x_wconf 84' lang='grc' dir='ltr'>ὁ</span> <span class='ocrx_word' id='word_1_201' title='bbox 1142 631 1392 684; x_wconf 75' lang='grc' dir='ltr'><em>Μεσσηνίων</em></span> <span class='ocrx_word' id='word_1_202' title='bbox 1412 630 1433 672; x_wconf 81' lang='grc' dir='ltr'>ὁ</span> <span class='ocrx_word' id='word_1_203' title='bbox 1463 627 1704 684; x_wconf 56' lang='lat' dir='ltr'>mods-’1305-</span> 
     </span>
     <span class='ocr_line' id='line_1_48' title="bbox 1043 684 1704 744; baseline -0.003 -14"><span class='ocrx_word' id='word_1_204' title='bbox 1043 691 1116 744; x_wconf 84' lang='grc' dir='ltr'>μῃ]</span> <span class='ocrx_word' id='word_1_205' title='bbox 1151 691 1299 740; x_wconf 79' lang='lat' dir='ltr'>Vulgo:</span> <span class='ocrx_word' id='word_1_206' title='bbox 1340 686 1440 741; x_wconf 78' lang='grc' dir='ltr'><strong><em>πρός</em></strong></span> <span class='ocrx_word' id='word_1_207' title='bbox 1462 691 1516 743; x_wconf 81' lang='grc' dir='ltr'>τῷ</span> <span class='ocrx_word' id='word_1_208' title='bbox 1536 684 1704 744; x_wconf 82' lang='grc' dir='ltr'><strong><em>Ἰσθμῷ.</em></strong></span> 
     </span>
     <span class='ocr_line' id='line_1_49' title="bbox 1042 746 1705 797; baseline 0 -13"><span class='ocrx_word' id='word_1_209' title='bbox 1042 748 1093 784; x_wconf 88' lang='lat' dir='ltr'>At</span> <span class='ocrx_word' id='word_1_210' title='bbox 1104 748 1304 784; x_wconf 87' lang='lat' dir='ltr'>articulum</span> <span class='ocrx_word' id='word_1_211' title='bbox 1316 748 1490 783; x_wconf 87' lang='lat' dir='ltr'>meliores</span> <span class='ocrx_word' id='word_1_212' title='bbox 1500 746 1586 783; x_wconf 88' lang='lat' dir='ltr'>libri</span> <span class='ocrx_word' id='word_1_213' title='bbox 1596 747 1705 797; x_wconf 85' lang='lat' dir='ltr'>igno-</span> 
     </span>
     <span class='ocr_line' id='line_1_50' title="bbox 1043 802 1706 841; baseline -0.003 0"><span class='ocrx_word' id='word_1_214' title='bbox 1043 811 1128 841; x_wconf 85' lang='lat' dir='ltr'>rant</span> <span class='ocrx_word' id='word_1_215' title='bbox 1162 805 1263 841; x_wconf 87' lang='lat' dir='ltr'>male</span> <span class='ocrx_word' id='word_1_216' title='bbox 1290 811 1483 841; x_wconf 89' lang='lat' dir='ltr'>retentum</span> <span class='ocrx_word' id='word_1_217' title='bbox 1507 815 1528 839; x_wconf 90' lang='lat' dir='ltr'>a</span> <span class='ocrx_word' id='word_1_218' title='bbox 1557 802 1706 841; x_wconf 79' lang='lat' dir='ltr'>Sohae-</span> 
     </span>
     <span class='ocr_line' id='line_1_51' title="bbox 1041 854 1708 913; baseline 0.003 -15"><span class='ocrx_word' id='word_1_219' title='bbox 1041 862 1124 898; x_wconf 85' lang='lat' dir='ltr'>sero</span> <span class='ocrx_word' id='word_1_220' title='bbox 1147 868 1181 898; x_wconf 86' lang='lat' dir='ltr'>et</span> <span class='ocrx_word' id='word_1_221' title='bbox 1201 859 1396 901; x_wconf 83' lang='lat' dir='ltr'>Matthiae.</span> <span class='ocrx_word' id='word_1_222' title='bbox 1455 858 1534 898; x_wconf 89' lang='lat' dir='ltr'>Sed</span> <span class='ocrx_word' id='word_1_223' title='bbox 1552 854 1708 913; x_wconf 79' lang='grc' dir='ltr'>Ἰσθμῷ</span> 
     </span>
     <span class='ocr_line' id='line_1_52' title="bbox 1044 917 1706 969; baseline -0.003 -14"><span class='ocrx_word' id='word_1_224' title='bbox 1044 931 1177 956; x_wconf 88' lang='lat' dir='ltr'>omnes</span> <span class='ocrx_word' id='word_1_225' title='bbox 1220 918 1403 969; x_wconf 81' lang='lat' dir='ltr'>praebent</span> <span class='ocrx_word' id='word_1_226' title='bbox 1439 917 1568 968; x_wconf 88' lang='lat' dir='ltr'>scripti</span> <span class='ocrx_word' id='word_1_227' title='bbox 1606 917 1706 966; x_wconf 86' lang='lat' dir='ltr'>libri,</span> 
     </span>
     <span class='ocr_line' id='line_1_53' title="bbox 1046 973 1708 1028; baseline -0.002 -17"><span class='ocrx_word' id='word_1_228' title='bbox 1046 989 1139 1028; x_wconf 90' lang='lat' dir='ltr'>quos</span> <span class='ocrx_word' id='word_1_229' title='bbox 1156 974 1216 1012; x_wconf 79' lang='lat' dir='ltr'>liic</span> <span class='ocrx_word' id='word_1_230' title='bbox 1229 973 1457 1012; x_wconf 86' lang='lat' dir='ltr'>deserendos</span> <span class='ocrx_word' id='word_1_231' title='bbox 1471 974 1601 1011; x_wconf 84' lang='lat' dir='ltr'>censui</span> <span class='ocrx_word' id='word_1_232' title='bbox 1616 974 1708 1010; x_wconf 87' lang='lat' dir='ltr'>Pal-</span> 
     </span>
     <span class='ocr_line' id='line_1_54' title="bbox 1045 1031 1709 1082; baseline -0.002 -15"><span class='ocrx_word' id='word_1_233' title='bbox 1045 1033 1156 1068; x_wconf 91' lang='lat' dir='ltr'>merii</span> <span class='ocrx_word' id='word_1_234' title='bbox 1177 1033 1450 1079; x_wconf 87' lang='lat' dir='ltr'>coniecturam,</span> <span class='ocrx_word' id='word_1_235' title='bbox 1463 1043 1581 1082; x_wconf 89' lang='lat' dir='ltr'>quam</span> <span class='ocrx_word' id='word_1_236' title='bbox 1593 1031 1709 1067; x_wconf 84' lang='lat' dir='ltr'>etiam</span> 
     </span>
     <span class='ocr_line' id='line_1_55' title="bbox 1046 1088 1710 1139; baseline -0.002 -15"><span class='ocrx_word' id='word_1_237' title='bbox 1046 1089 1223 1139; x_wconf 84' lang='lat' dir='ltr'>praetulit</span> <span class='ocrx_word' id='word_1_238' title='bbox 1243 1089 1397 1138; x_wconf 82' lang='lat' dir='ltr'>Negris,</span> <span class='ocrx_word' id='word_1_239' title='bbox 1427 1094 1591 1135; x_wconf 83' lang='lat' dir='ltr'>secutus,</span> <span class='ocrx_word' id='word_1_240' title='bbox 1617 1088 1710 1124; x_wconf 88' lang='lat' dir='ltr'>Lar-</span> 
     </span>
     <span class='ocr_line' id='line_1_56' title="bbox 1048 1143 1712 1196; baseline -0.003 -14"><span class='ocrx_word' id='word_1_241' title='bbox 1048 1143 1164 1182; x_wconf 87' lang='lat' dir='ltr'>chero</span> <span class='ocrx_word' id='word_1_242' title='bbox 1187 1157 1341 1196; x_wconf 89' lang='lat' dir='ltr'>quoque</span> <span class='ocrx_word' id='word_1_243' title='bbox 1356 1144 1557 1195; x_wconf 89' lang='lat' dir='ltr'>probatam</span> <span class='ocrx_word' id='word_1_244' title='bbox 1570 1150 1607 1181; x_wconf 87' lang='lat' dir='ltr'>et</span> <span class='ocrx_word' id='word_1_245' title='bbox 1622 1144 1712 1181; x_wconf 89' lang='lat' dir='ltr'>Sie-</span> 
     </span>
     <span class='ocr_line' id='line_1_57' title="bbox 1046 1200 1710 1251; baseline -0.006 -12"><span class='ocrx_word' id='word_1_246' title='bbox 1046 1202 1177 1239; x_wconf 90' lang='lat' dir='ltr'>belisio</span> <span class='ocrx_word' id='word_1_247' title='bbox 1199 1200 1248 1238; x_wconf 84' lang='lat' dir='ltr'>ad</span> <span class='ocrx_word' id='word_1_248' title='bbox 1268 1203 1432 1238; x_wconf 87' lang='lat' dir='ltr'>Pausan.</span> <span class='ocrx_word' id='word_1_249' title='bbox 1453 1201 1477 1238; x_wconf 93' lang='grc'><strong>1</strong></span> <span class='ocrx_word' id='word_1_250' title='bbox 1497 1200 1522 1239; x_wconf 86' lang='lat' dir='ltr'>l.</span> <span class='ocrx_word' id='word_1_251' title='bbox 1544 1213 1631 1251; x_wconf 84' lang='lat' dir='ltr'>pag.</span> <span class='ocrx_word' id='word_1_252' title='bbox 1645 1203 1710 1248; x_wconf 82' lang='lat'>31,</span> 
     </span>
     <span class='ocr_line' id='line_1_58' title="bbox 1047 1257 1713 1312; baseline -0.002 -17"><span class='ocrx_word' id='word_1_253' title='bbox 1047 1259 1112 1312; x_wconf 91' lang='lat' dir='ltr'>qui</span> <span class='ocrx_word' id='word_1_254' title='bbox 1132 1271 1248 1306; x_wconf 90' lang='lat' dir='ltr'>nunc,</span> <span class='ocrx_word' id='word_1_255' title='bbox 1278 1259 1324 1295; x_wconf 91' lang='lat' dir='ltr'>ab</span> <span class='ocrx_word' id='word_1_256' title='bbox 1347 1257 1483 1295; x_wconf 88' lang='lat' dir='ltr'>eodem</span> <span class='ocrx_word' id='word_1_257' title='bbox 1514 1257 1713 1295; x_wconf 89' lang='lat' dir='ltr'>Siebelisio</span> 
     </span>
     <span class='ocr_line' id='line_1_59' title="bbox 1047 1310 1713 1385; baseline -0.002 -31"><span class='ocrx_word' id='word_1_258' title='bbox 1047 1316 1458 1385; x_wconf 60' lang='lat' dir='ltr'>cpnstitutusffiraebet:</span> <span class='ocrx_word' id='word_1_259' title='bbox 1474 1312 1658 1365; x_wconf 81' lang='grc' dir='ltr'><em>τέταρτον</em></span> <span class='ocrx_word' id='word_1_260' title='bbox 1670 1310 1713 1353; x_wconf 79' lang='grc' dir='ltr'>δὲ</span> 
     </span>
     <span class='ocr_line' id='line_1_60' title="bbox 1049 1369 1715 1425; baseline -0.011 -12"><span class='ocrx_word' id='word_1_261' title='bbox 1049 1370 1102 1425; x_wconf 59' lang='grc' dir='ltr'>ἦ]</span> <span class='ocrx_word' id='word_1_262' title='bbox 1107 1373 1275 1412; x_wconf 79' lang='grc' dir='ltr'><em>ωνίσατο</em></span> <span class='ocrx_word' id='word_1_263' title='bbox 1286 1369 1386 1423; x_wconf 82' lang='grc' dir='ltr'>πρὸς</span> <span class='ocrx_word' id='word_1_264' title='bbox 1412 1387 1508 1418; x_wconf 87' lang='grc' dir='ltr'><em>τους</em></span> <span class='ocrx_word' id='word_1_265' title='bbox 1527 1369 1610 1422; x_wconf 85' lang='lat' dir='ltr'>[ubi</span> <span class='ocrx_word' id='word_1_266' title='bbox 1621 1371 1715 1407; x_wconf 90' lang='lat' dir='ltr'>olim</span> 
     </span>
     <span class='ocr_line' id='line_1_61' title="bbox 1050 1423 1714 1478; baseline -0.002 -11"><span class='ocrx_word' id='word_1_267' title='bbox 1050 1431 1151 1467; x_wconf 90' lang='lat' dir='ltr'>male</span> <span class='ocrx_word' id='word_1_268' title='bbox 1171 1431 1356 1466; x_wconf 88' lang='lat' dir='ltr'>insertum</span> <span class='ocrx_word' id='word_1_269' title='bbox 1368 1436 1448 1466; x_wconf 88' lang='lat' dir='ltr'>erat</span> <span class='ocrx_word' id='word_1_270' title='bbox 1465 1426 1502 1476; x_wconf 77' lang='grc' dir='ltr'>ἐξ</span> <span class='ocrx_word' id='word_1_271' title='bbox 1517 1423 1714 1478; x_wconf 82' lang='grc' dir='ltr'><strong>Ἰσθμοῦ]</strong></span> 
     </span>
     <span class='ocr_line' id='line_1_62' title="bbox 1051 1481 1714 1537; baseline -0.006 -10"><span class='ocrx_word' id='word_1_272' title='bbox 1051 1487 1092 1534; x_wconf 76' lang='grc' dir='ltr'>ἐς</span> <span class='ocrx_word' id='word_1_273' title='bbox 1129 1481 1313 1537; x_wconf 80' lang='grc' dir='ltr'><em>Ἰθωμην</em></span> <span class='ocrx_word' id='word_1_274' title='bbox 1346 1481 1599 1533; x_wconf 72' lang='grc' dir='ltr'><em>ἀποστάντας</em></span> <span class='ocrx_word' id='word_1_275' title='bbox 1628 1497 1714 1524; x_wconf 84' lang='grc' dir='ltr'><em>των</em></span> 
     </span>
     <span class='ocr_line' id='line_1_63' title="bbox 1054 1539 1717 1592; baseline -0.011 -8"><span class='ocrx_word' id='word_1_276' title='bbox 1054 1539 1249 1592; x_wconf 69' lang='grc' dir='ltr'><em>εἷλωτωνς</em></span> <span class='ocrx_word' id='word_1_277' title='bbox 1271 1542 1376 1580; x_wconf 85' lang='lat' dir='ltr'>addit</span> <span class='ocrx_word' id='word_1_278' title='bbox 1392 1543 1612 1589; x_wconf 86' lang='lat' dir='ltr'>Pausanias,</span> <span class='ocrx_word' id='word_1_279' title='bbox 1625 1547 1717 1578; x_wconf 88' lang='lat' dir='ltr'>tuno</span> 
     </span>
     <span class='ocr_line' id='line_1_64' title="bbox 1054 1598 1719 1653; baseline -0.005 -16"><span class='ocrx_word' id='word_1_280' title='bbox 1054 1600 1211 1653; x_wconf 85' lang='lat' dir='ltr'>quidem</span> <span class='ocrx_word' id='word_1_281' title='bbox 1251 1613 1331 1638; x_wconf 87' lang='lat' dir='ltr'>nou</span> <span class='ocrx_word' id='word_1_282' title='bbox 1373 1612 1506 1637; x_wconf 88' lang='lat' dir='ltr'>omnes</span> <span class='ocrx_word' id='word_1_283' title='bbox 1537 1598 1719 1636; x_wconf 82' lang='lat' dir='ltr'>defecisse</span> 
     </span>
     <span class='ocr_line' id='line_1_65' title="bbox 1052 1657 1720 1706; baseline -0.006 -11"><span class='ocrx_word' id='word_1_284' title='bbox 1052 1657 1210 1706; x_wconf 82' lang='lat' dir='ltr'>helotas,</span> <span class='ocrx_word' id='word_1_285' title='bbox 1227 1657 1294 1695; x_wconf 90' lang='lat' dir='ltr'>sed</span> <span class='ocrx_word' id='word_1_286' title='bbox 1311 1657 1538 1694; x_wconf 85' lang='lat' dir='ltr'>Messenicos</span> <span class='ocrx_word' id='word_1_287' title='bbox 1555 1661 1720 1704; x_wconf 86' lang='lat' dir='ltr'>tantum,</span> 
     </span>
     <span class='ocr_line' id='line_1_66' title="bbox 1054 1711 1722 1768; baseline -0.004 -17"><span class='ocrx_word' id='word_1_288' title='bbox 1054 1716 1121 1768; x_wconf 88' lang='lat' dir='ltr'>qui</span> <span class='ocrx_word' id='word_1_289' title='bbox 1150 1728 1190 1752; x_wconf 90' lang='lat' dir='ltr'>se</span> <span class='ocrx_word' id='word_1_290' title='bbox 1212 1727 1234 1751; x_wconf 90' lang='lat' dir='ltr'>a</span> <span class='ocrx_word' id='word_1_291' title='bbox 1262 1715 1393 1765; x_wconf 86' lang='lat' dir='ltr'>priscis</span> <span class='ocrx_word' id='word_1_292' title='bbox 1414 1714 1559 1750; x_wconf 84' lang='lat' dir='ltr'>Helotis</span> <span class='ocrx_word' id='word_1_293' title='bbox 1581 1711 1722 1749; x_wconf 81' lang='lat' dir='ltr'>abiun-</span> 
     </span>
     <span class='ocr_line' id='line_1_67' title="bbox 1054 1768 1723 1824; baseline -0.007 -15"><span class='ocrx_word' id='word_1_294' title='bbox 1054 1779 1202 1820; x_wconf 61' lang='lat' dir='ltr'>:nei-ant,</span> <span class='ocrx_word' id='word_1_295' title='bbox 1219 1785 1361 1824; x_wconf 88' lang='lat' dir='ltr'>eosque</span> <span class='ocrx_word' id='word_1_296' title='bbox 1375 1768 1552 1821; x_wconf 84' lang='lat' dir='ltr'>Delphici</span> <span class='ocrx_word' id='word_1_297' title='bbox 1571 1768 1723 1820; x_wconf 85' lang='lat' dir='ltr'>Apolli-</span> 
     </span>
     <span class='ocr_line' id='line_1_68' title="bbox 1057 1827 1723 1866; baseline -0.006 -1"><span class='ocrx_word' id='word_1_298' title='bbox 1057 1830 1115 1866; x_wconf 89' lang='lat' dir='ltr'>nis</span> <span class='ocrx_word' id='word_1_299' title='bbox 1139 1843 1188 1865; x_wconf 85' lang='lat' dir='ltr'>ex</span> <span class='ocrx_word' id='word_1_300' title='bbox 1208 1829 1362 1866; x_wconf 88' lang='lat' dir='ltr'>oraculo</span> <span class='ocrx_word' id='word_1_301' title='bbox 1375 1835 1411 1865; x_wconf 88' lang='lat' dir='ltr'>et</span> <span class='ocrx_word' id='word_1_302' title='bbox 1423 1827 1723 1864; x_wconf 84' lang='lat' dir='ltr'>Tisameuimo-</span> 
     </span>
     <span class='ocr_line' id='line_1_69' title="bbox 1058 1881 1723 1926; baseline -0.008 -3"><span class='ocrx_word' id='word_1_303' title='bbox 1058 1887 1146 1926; x_wconf 79' lang='lat' dir='ltr'>uitis</span> <span class='ocrx_word' id='word_1_304' title='bbox 1175 1899 1196 1922; x_wconf 89' lang='lat' dir='ltr'>a</span> <span class='ocrx_word' id='word_1_305' title='bbox 1221 1884 1537 1923; x_wconf 86' lang='lat' dir='ltr'>Lacedaemoniis</span> <span class='ocrx_word' id='word_1_306' title='bbox 1568 1881 1723 1920; x_wconf 84' lang='lat' dir='ltr'>foedere</span> 
     </span>
     <span class='ocr_line' id='line_1_70' title="bbox 1058 1940 1725 1980; baseline -0.003 -1"><span class='ocrx_word' id='word_1_307' title='bbox 1058 1943 1159 1980; x_wconf 85' lang='lat' dir='ltr'>facto</span> <span class='ocrx_word' id='word_1_308' title='bbox 1191 1956 1271 1980; x_wconf 83' lang='lat' dir='ltr'>esse</span> <span class='ocrx_word' id='word_1_309' title='bbox 1299 1942 1470 1980; x_wconf 89' lang='lat' dir='ltr'>dimissos</span> <span class='ocrx_word' id='word_1_310' title='bbox 1497 1940 1725 1977; x_wconf 86' lang='lat' dir='ltr'>incolumes.</span> 
     </span>
     <span class='ocr_line' id='line_1_71' title="bbox 1058 1995 1727 2039; baseline -0.01 0"><span class='ocrx_word' id='word_1_311' title='bbox 1058 2001 1226 2039; x_wconf 87' lang='lat' dir='ltr'>Vocatur</span> <span class='ocrx_word' id='word_1_312' title='bbox 1238 2007 1368 2038; x_wconf 87' lang='lat' dir='ltr'>autem</span> <span class='ocrx_word' id='word_1_313' title='bbox 1386 1998 1461 2036; x_wconf 85' lang='lat' dir='ltr'>hoc</span> <span class='ocrx_word' id='word_1_314' title='bbox 1482 1998 1628 2035; x_wconf 88' lang='lat' dir='ltr'>bellum</span> <span class='ocrx_word' id='word_1_315' title='bbox 1637 1995 1727 2034; x_wconf 86' lang='lat' dir='ltr'>vul-</span> 
     </span>
     <span class='ocr_line' id='line_1_72' title="bbox 1059 2053 1727 2108; baseline -0.007 -14"><span class='ocrx_word' id='word_1_316' title='bbox 1059 2070 1109 2108; x_wconf 83' lang='lat' dir='ltr'>go</span> <span class='ocrx_word' id='word_1_317' title='bbox 1131 2058 1285 2094; x_wconf 90' lang='lat' dir='ltr'>tertium</span> <span class='ocrx_word' id='word_1_318' title='bbox 1314 2056 1584 2102; x_wconf 73' lang='lat' dir='ltr'>Messmficum,</span> <span class='ocrx_word' id='word_1_319' title='bbox 1619 2053 1727 2090; x_wconf 81' lang='lat' dir='ltr'>exci-</span> 
     </span>
     <span class='ocr_line' id='line_1_73' title="bbox 1058 2111 1726 2161; baseline -0.009 -10"><span class='ocrx_word' id='word_1_320' title='bbox 1058 2121 1183 2151; x_wconf 88' lang='lat' dir='ltr'>tatum</span> <span class='ocrx_word' id='word_1_321' title='bbox 1202 2121 1281 2150; x_wconf 86' lang='lat' dir='ltr'>tam</span> <span class='ocrx_word' id='word_1_322' title='bbox 1302 2127 1323 2151; x_wconf 92' lang='lat' dir='ltr'>a</span> <span class='ocrx_word' id='word_1_323' title='bbox 1349 2113 1544 2150; x_wconf 87' lang='lat' dir='ltr'>Messeniis</span> <span class='ocrx_word' id='word_1_324' title='bbox 1565 2111 1726 2161; x_wconf 85' lang='lat' dir='ltr'>Spartae</span> 
     </span>
     <span class='ocr_line' id='line_1_74' title="bbox 1061 2168 1726 2207; baseline -0.008 0"><span class='ocrx_word' id='word_1_325' title='bbox 1061 2170 1221 2207; x_wconf 88' lang='lat' dir='ltr'>subditis</span> <span class='ocrx_word' id='word_1_326' title='bbox 1238 2177 1275 2206; x_wconf 90' lang='lat' dir='ltr'>et</span> <span class='ocrx_word' id='word_1_327' title='bbox 1294 2172 1334 2207; x_wconf 90' lang='lat' dir='ltr'>iu</span> <span class='ocrx_word' id='word_1_328' title='bbox 1352 2168 1567 2207; x_wconf 87' lang='lat' dir='ltr'>helotarum</span> <span class='ocrx_word' id='word_1_329' title='bbox 1583 2174 1726 2204; x_wconf 87' lang='lat' dir='ltr'>statum</span> 
     </span>
     <span class='ocr_line' id='line_1_75' title="bbox 1062 2222 1727 2279; baseline -0.008 -15"><span class='ocrx_word' id='word_1_330' title='bbox 1062 2226 1364 2279; x_wconf 79' lang='lat' dir='ltr'>redactis,quam</span> <span class='ocrx_word' id='word_1_331' title='bbox 1387 2239 1408 2263; x_wconf 82' lang='lat' dir='ltr'>a</span> <span class='ocrx_word' id='word_1_332' title='bbox 1430 2225 1557 2276; x_wconf 87' lang='lat' dir='ltr'>priscis</span> <span class='ocrx_word' id='word_1_333' title='bbox 1577 2222 1727 2271; x_wconf 83' lang='lat' dir='ltr'>helotis,</span> 
     </span>
     <span class='ocr_line' id='line_1_76' title="bbox 1063 2280 1728 2333; baseline -0.008 -12"><span class='ocrx_word' id='word_1_334' title='bbox 1063 2285 1125 2322; x_wconf 81' lang='lat' dir='ltr'>vel</span> <span class='ocrx_word' id='word_1_335' title='bbox 1150 2291 1251 2321; x_wconf 88' lang='lat' dir='ltr'>certe</span> <span class='ocrx_word' id='word_1_336' title='bbox 1280 2297 1413 2321; x_wconf 89' lang='lat' dir='ltr'>eorum</span> <span class='ocrx_word' id='word_1_337' title='bbox 1436 2288 1554 2333; x_wconf 90' lang='lat' dir='ltr'>parte,</span> <span class='ocrx_word' id='word_1_338' title='bbox 1584 2280 1728 2318; x_wconf 73' lang='lat' dir='ltr'>viribus</span> 
     </span>
     <span class='ocr_line' id='line_1_77' title="bbox 1066 2339 1728 2388; baseline -0.008 -10"><span class='ocrx_word' id='word_1_339' title='bbox 1066 2341 1299 2388; x_wconf 83' lang='lat' dir='ltr'>coniunctis,</span> <span class='ocrx_word' id='word_1_340' title='bbox 1331 2348 1367 2378; x_wconf 90' lang='lat' dir='ltr'>et</span> <span class='ocrx_word' id='word_1_341' title='bbox 1394 2339 1528 2377; x_wconf 85' lang='lat' dir='ltr'>decem</span> <span class='ocrx_word' id='word_1_342' title='bbox 1548 2339 1586 2374; x_wconf 92' lang='lat' dir='ltr'>in</span> <span class='ocrx_word' id='word_1_343' title='bbox 1608 2349 1728 2374; x_wconf 85' lang='lat' dir='ltr'>annos</span> 
     </span>
     <span class='ocr_line' id='line_1_78' title="bbox 1066 2394 1730 2449; baseline -0.006 -14"><span class='ocrx_word' id='word_1_344' title='bbox 1066 2397 1299 2449; x_wconf 86' lang='lat' dir='ltr'>productum</span> <span class='ocrx_word' id='word_1_345' title='bbox 1315 2399 1464 2435; x_wconf 86' lang='lat' dir='ltr'>obsessa</span> <span class='ocrx_word' id='word_1_346' title='bbox 1484 2394 1632 2442; x_wconf 63' lang='lat' dir='ltr'>Iunone,</span> <span class='ocrx_word' id='word_1_347' title='bbox 1654 2394 1680 2432; x_wconf 89' lang='lat' dir='ltr'>i.</span> <span class='ocrx_word' id='word_1_348' title='bbox 1693 2407 1730 2431; x_wconf 81' lang='lat' dir='ltr'>e.</span> 
     </span>
     <span class='ocr_line' id='line_1_79' title="bbox 1068 2450 1730 2495; baseline -0.006 -4"><span class='ocrx_word' id='word_1_349' title='bbox 1068 2456 1115 2492; x_wconf 87' lang='lat' dir='ltr'>ab</span> <span class='ocrx_word' id='word_1_350' title='bbox 1130 2467 1229 2491; x_wconf 87' lang='lat' dir='ltr'>anno</span> <span class='ocrx_word' id='word_1_351' title='bbox 1244 2454 1466 2495; x_wconf 66' lang='lat'>403—406</span> <span class='ocrx_word' id='word_1_352' title='bbox 1489 2465 1523 2491; x_wconf 91' lang='lat' dir='ltr'>a.</span> <span class='ocrx_word' id='word_1_353' title='bbox 1535 2450 1625 2488; x_wconf 85' lang='lat' dir='ltr'>Chr.</span> <span class='ocrx_word' id='word_1_354' title='bbox 1645 2463 1686 2487; x_wconf 87' lang='lat' dir='ltr'>n.</span> <span class='ocrx_word' id='word_1_355' title='bbox 1698 2463 1730 2491; x_wconf 84' lang='lat' dir='ltr'>s.</span> 
     </span>
     <span class='ocr_line' id='line_1_80' title="bbox 1069 2507 1730 2563; baseline -0.011 -14"><span class='ocrx_word' id='word_1_356' title='bbox 1069 2512 1441 2563; x_wconf 63' lang='lat' dir='ltr'>013mp.Lxxv,111</span> <span class='ocrx_word' id='word_1_357' title='bbox 1463 2507 1730 2555; x_wconf 73' lang='lat' dir='ltr'><strong>4—-LXXXI‚</strong></span> 
     </span>
     <span class='ocr_line' id='line_1_81' title="bbox 1073 2541 1731 2621; baseline -0.011 -15"><span class='ocrx_word' id='word_1_358' title='bbox 1073 2572 1108 2608; x_wconf 91' lang='lat'>1.</span> <span class='ocrx_word' id='word_1_359' title='bbox 1115 2557 1214 2606; x_wconf 76' lang='lat' dir='ltr'>&#39;th.</span> <span class='ocrx_word' id='word_1_360' title='bbox 1232 2541 1454 2621; x_wconf 53' lang='lat' dir='ltr'>Thqudid’.</span> <span class='ocrx_word' id='word_1_361' title='bbox 1475 2567 1505 2613; x_wconf 93' lang='lat'>1,</span> <span class='ocrx_word' id='word_1_362' title='bbox 1524 2568 1618 2606; x_wconf 80' lang='lat'>101.</span> <span class='ocrx_word' id='word_1_363' title='bbox 1636 2565 1731 2601; x_wconf 79' lang='lat' dir='ltr'>Dio-</span> 
     </span>
     <span class='ocr_line' id='line_1_82' title="bbox 1071 2620 1732 2669; baseline -0.011 -6"><span class='ocrx_word' id='word_1_364' title='bbox 1071 2624 1153 2663; x_wconf 89' lang='lat' dir='ltr'>dor.</span> <span class='ocrx_word' id='word_1_365' title='bbox 1167 2627 1242 2664; x_wconf 83' lang='lat' dir='ltr'>Sic.</span> <span class='ocrx_word' id='word_1_366' title='bbox 1264 2628 1333 2669; x_wconf 74' lang='lat' dir='ltr'>XI,</span> <span class='ocrx_word' id='word_1_367' title='bbox 1354 2625 1419 2666; x_wconf 86' lang='lat'>64.</span> <span class='ocrx_word' id='word_1_368' title='bbox 1449 2620 1641 2660; x_wconf 86' lang='lat' dir='ltr'>Plutarch.</span> <span class='ocrx_word' id='word_1_369' title='bbox 1667 2621 1732 2657; x_wconf 90' lang='lat' dir='ltr'>Ci-</span> 
     </span>
     <span class='ocr_line' id='line_1_83' title="bbox 1070 2678 1733 2724; baseline -0.011 -5"><span class='ocrx_word' id='word_1_370' title='bbox 1070 2696 1177 2719; x_wconf 91' lang='lat' dir='ltr'>mon.</span> <span class='ocrx_word' id='word_1_371' title='bbox 1208 2686 1257 2724; x_wconf 83' lang='grc'>16</span> <span class='ocrx_word' id='word_1_372' title='bbox 1288 2684 1374 2721; x_wconf 88' lang='lat' dir='ltr'>coll.</span> <span class='ocrx_word' id='word_1_373' title='bbox 1395 2679 1628 2719; x_wconf 80' lang='lat' dir='ltr'>Dahlmann.</span> <span class='ocrx_word' id='word_1_374' title='bbox 1652 2678 1733 2713; x_wconf 89' lang='lat' dir='ltr'>He-</span> 
     </span>
     <span class='ocr_line' id='line_1_84' title="bbox 1071 2734 1732 2790; baseline -0.014 -13"><span class='ocrx_word' id='word_1_375' title='bbox 1071 2738 1154 2777; x_wconf 90' lang='lat' dir='ltr'>rod.</span> <span class='ocrx_word' id='word_1_376' title='bbox 1184 2753 1270 2790; x_wconf 82' lang='lat' dir='ltr'>pag.</span> <span class='ocrx_word' id='word_1_377' title='bbox 1298 2744 1351 2781; x_wconf 83' lang='lat'>39</span> <span class='ocrx_word' id='word_1_378' title='bbox 1381 2746 1418 2776; x_wconf 86' lang='lat' dir='ltr'>et</span> <span class='ocrx_word' id='word_1_379' title='bbox 1452 2738 1495 2775; x_wconf 88' lang='lat' dir='ltr'>C.</span> <span class='ocrx_word' id='word_1_380' title='bbox 1518 2737 1562 2773; x_wconf 90' lang='lat'>0.</span> <span class='ocrx_word' id='word_1_381' title='bbox 1582 2734 1732 2775; x_wconf 72' lang='lat' dir='ltr'>Mffller,</span> 
     </span>
     <span class='ocr_line' id='line_1_85' title="bbox 1071 2791 1734 2849; baseline -0.011 -15"><span class='ocrx_word' id='word_1_382' title='bbox 1071 2798 1162 2837; x_wconf 86' lang='lat' dir='ltr'>Dor.</span> <span class='ocrx_word' id='word_1_383' title='bbox 1180 2799 1197 2833; x_wconf 90' lang='lat' dir='ltr'>l</span> <span class='ocrx_word' id='word_1_384' title='bbox 1218 2811 1256 2849; x_wconf 88' lang='lat' dir='ltr'>p.</span> <span class='ocrx_word' id='word_1_385' title='bbox 1282 2799 1372 2839; x_wconf 81' lang='grc'><strong>189.</strong></span> <span class='ocrx_word' id='word_1_386' title='bbox 1404 2797 1488 2843; x_wconf 80' lang='lat' dir='ltr'>Quo</span> <span class='ocrx_word' id='word_1_387' title='bbox 1508 2792 1629 2844; x_wconf 83' lang='lat' dir='ltr'>magis</span> <span class='ocrx_word' id='word_1_388' title='bbox 1657 2791 1734 2828; x_wconf 88' lang='lat' dir='ltr'>mi-</span> 
     </span>
    </p>
   </div>
   <div class='ocr_carea' id='block_1_8' title="bbox 1695 444 1777 485">
    <p class='ocr_par' dir='ltr' id='par_1_9' title="bbox 1695 444 1777 485">
     <span class='ocr_line' id='line_1_86' title="bbox 1695 444 1777 485; baseline 0.024 -2"><span class='ocrx_word' id='word_1_389' title='bbox 1695 444 1777 485; x_wconf 88' lang='grc'>710</span> 
     </span>
    </p>
   </div>
  </div>
 </body>
</html>
