1839 3292
557 181 1016 219 CALLIOPE.

1077 183 1093 217 1
1104 183 1156 219 X.
1405 188 1487 228 343

225 300 313 339 σαι,
351 286 595 343 πυθόμενοί
625 301 759 343 σφεας
787 289 1069 343 προσπλέειν,
1110 287 1275 344 ἀνῆγον
1305 290 1377 332 καὶ
1409 290 1487 334 αὐ-

222 358 289 399 τοὶ
330 356 438 410 πρὸς
480 355 560 410 τήν
590 355 774 410 ἤπειρον
803 357 878 408 τὰς
906 358 1005 407 νέας
1033 356 1109 407 τὰς
1141 355 1299 407 ἄλλας,
1339 357 1413 407 τοὶς
1443 359 1488 402 δὲ

221 425 441 466 Φοινίκων
488 421 663 479 ἀπηκαν
701 424 945 468 ἀποπλέειν.
1004 423 1361 480 βουλευομένοισι
1404 425 1487 508 γοέρ

217 501 298 546 σφι
328 490 470 534 ἐδόκεε
502 493 745 547 ναυμαχίην
774 492 832 573 μὴ
869 491 1114 535 ποιέεσθαι·
1157 491 1210 535 ου’
1240 492 1323 548 γάρ
1355 487 1416 536 ὦν
1446 493 1488 536 έ-

187 558 370 601 3δόκεον
410 559 557 614 ὁμοῖοι
587 558 712 601 εἶναι.

771 560 813 609 ές
845 559 890 602 δὲ
920 576 998 615 την
1038 560 1221 616 ἤπειρον
1259 558 1485 614 ἀπέπλεον,

216 625 330 676 ὅκως
370 626 471 669 ἔωσι
513 625 600 669 ὑπὸ
639 626 717 670 τὸν
744 625 876 678 πεζόν
915 627 1104 680 στρατὸν
1141 625 1221 669 τόν
1258 630 1484 684 σφέτερον,
1501 638 1543 670 10

215 693 345 736 ἐόντα
365 693 412 736 ἐν
427 698 480 750 τῇ
498 692 705 750 Μυκάλῃ·
735 692 783 744 ὃς
804 691 1088 744 κελεύσαντος
1107 693 1288 747 Ξέρξεω,
1310 702 1482 740 καταλε-

185 761 440 815 4λειμμένος
458 764 540 804 τοῦ
568 760 702 804 ἄλλου
724 765 922 815 στρατοῦ,
947 759 1115 817 Ἰωνίην
1135 762 1362 817 ἐφύλασσε.
1403 768 1481 807 τοῦ

212 833 380 884 πλῆθος
419 827 498 884 μὲν
535 823 590 883 ἦν
625 829 670 879 ἓξ
713 829 944 884 μυριάδες·
986 829 1235 885 ἐστρατήγεε
1266 830 1311 874 δὲ
1341 829 1479 874 αὐτοῦ

217 895 454 950 Τιγράνης,
491 895 642 938 κάλλεΐ
666 912 708 938 τε
753 897 825 939 καὶ
855 896 1038 952 μεγάθεϊ
1074 896 1341 953 ὑπερφέρων
1372 901 1484 953 Περ·
1498 906 1538 939 15

182 971 204 1005 5
216 963 338 1006 σέων.

394 961 499 1006 Ὑπὸ
538 967 699 1006 τοῦτον
736 964 814 1019 μὲν
845 964 896 1020 δὴ
936 965 1014 1008 τόν
1055 965 1242 1020 στρατόν
1271 964 1481 1021 ἐβουλεύ-

212 1043 345 1075 σαντο
377 1031 700 1086 καταφυγόντες
739 1034 784 1074 οἱ
811 1036 892 1075 τοῦ
922 1038 1136 1077 ναυτικοῦ
1167 1035 1400 1090 στρατηγοὶ
1429 1033 1479 1077 ἀ-

210 1099 411 1153 νειρύσαι
439 1100 515 1150 τὰς
543 1099 664 1150 νέας,
705 1100 777 1142 καὶ
805 1102 1115 1156 περιβαλέσθαι
1153 1101 1303 1156 ἕρκος,
1338 1102 1478 1156 ἔρυμα

84 1159 151 1206 9ἵ
207 1171 296 1210 τῶν
324 1173 455 1218 νεῶν,
495 1167 569 1210 καὶ
599 1167 745 1221 σφέων
776 1167 919 1211 αὐτῶν
949 1168 1264 1225 κρησφύγετον.

208 1233 575 1292 βουλευσάμενοι,
612 1233 844 1291 ἀνήγοντο.

1327 1172 1473 1212 Ταῦτα

902 1235 1159 1292 ἀπικόμενοι
1200 1237 1245 1279 δὲ
1274 1236 1389 1291 παρὰ
1421 1237 1526 1279 τὸΞΟ

206 1307 296 1347 τῶν
327 1304 552 1346 Ποτνιέων
579 1301 677 1357 ἱρὸν
705 1307 781 1358 τῆς
801 1304 1015 1359 Μυκάλης
1045 1305 1087 1355 ές
1107 1304 1312 1347 Γαίσωνά
1333 1320 1376 1347 τε
1400 1303 1472 1347 καὶ

206 1370 533 1424 Σκολοπόεντα,
570 1376 623 1426 τῇ
653 1370 882 1427 Δήμητρος
906 1371 1167 1425 Ἐλευσινίης
1209 1372 1322 1414 ἐστὶν
1361 1371 1472 1426 ἱρὸν,

205 1440 255 1483 τὸ
289 1441 491 1490 Φίλιστος
522 1436 805 1490 ὁΠασικλέος
834 1438 1065 1494 ἱδρύσατο,

149 1602 431 1655 Xenophontea
459 1599 527 1653 [de
547 1600 683 1652 quibus
703 1600 808 1637 conf.

151 1663 276 1700 SturZ.
304 1662 344 1697 in
365 1662 461 1697 Lex.
481 1655 729 1707 Xenophout.
758 1657 810 1695 IV

149 1731 237 1770 pag,
258 1717 358 1766 607]
383 1723 419 1753 et
443 1713 623 1765 Thucyd.
644 1715 716 1761 VI,
740 1717 808 1755 67.

150 1798 203 1805 —
242 1774 306 1811 Ad
340 1780 569 1811 structuram
600 1771 806 1808 verborum

151 1827 312 1880 ἀπῆκαν
347 1826 560 1870 ἀποπλέειν
587 1827 687 1864 conf.
708 1834 806 1867 nott.

150 1887 199 1925 ad
220 1885 372 1935 V1,84
402 1893 438 1923 et
457 1884 504 1922 ad
533 1884 613 1922 vim
641 1886 806 1934 particu-

149 1946 208 1982 lae
243 1945 300 1983 ὠν
325 1945 366 1979 in
395 1943 519 1980 verbis
552 1936 600 1980 ου’
630 1955 703 1992 γαρ
745 1942 803 1979 ὥν

149 1997 310 2042 ἐδόκεον
324 1999 460 2037 Matth.
483 1999 549 2035 Gr.
576 1999 643 2035 Gr.
665 1999 702 2043 ξ.
722 1996 803 2037 625

148 2071 237 2110 pag.
257 2060 375 2098 1272.

201 2129 285 2176 ύπὸ
309 2133 378 2174 τόν
408 2131 525 2182 πεζόν
559 2129 745 2185 στρατόν]
775 2132 802 2169 i.

149 2207 181 2234 e.
217 2194 279 2231 sub
302 2192 413 2229 tutela
444 2193 501 2228 sm·
526 2192 675 2247 ipsoruqz
697 2201 800 2226 exer-

148 2252 250 2289 citus.
279 2251 323 2286 In
342 2249 619 2301 seqq.verbum
640 2248 693 2298 ἠν
714 2252 801 2282 aute

116 2338 119 2342 ,
147 2306 190 2353 ἓξ
211 2306 314 2343 deest
342 2307 382 2342 in
412 2305 607 2343 Schaeferi
639 2311 674 2340 et
694 2301 800 2339 Bek-

150 2361 232 2399 keri
251 2362 426 2401 editione.
482 2364 539 2398 De
563 2360 722 2410 Tigrane
750 2359 800 2398 cf.

151 2419 240 2467 vn,
260 2422 325 2460 62.
353 2420 427 2467 lx,
454 2421 545 2460 102.

204 2492 341 2535 κάλλεϊ
358 2512 397 2536 τε
413 2496 479 2536 καὶ
504 2492 689 2549 μεγάθεϊ]
715 2493 802 2532 vid.

152 2559 245 2590 nott.
266 2552 313 2590 ad
330 2554 400 2602 IV,
431 2556 482 2593 12
509 2561 545 2590 et
573 2553 620 2590 ad
639 2553 800 2590 verbum

150 2607 384 2660 ὑπερφέρων
403 2617 495 2646 nott.
517 2610 566 2646 ad
584 2611 683 2656 VIII,
709 2606 800 2648 144.

149 2667 207 2701 De
226 2666 341 2702 verbo
373 2661 581 2717 ἀπειρύσαι
605 2665 682 2703 vid.
703 2671 800 2702 nott.

150 2721 199 2758 ad
218 2723 304 2769 VII,
327 2722 379 2762 59
392 2750 401 2768 ‚
434 2721 480 2758 de
499 2724 614 2759 verbo
633 2722 800 2774 περιβα-

149 2777 289 2819 λέσθαι
317 2784 410 2815 nott.
438 2777 486 2816 ad
504 2781 543 2828 Ι,
579 2782 671 2821 163.
722 2779 800 2817 Vo-

1097 1440 1262 1497 Νείλεῳ
1292 1441 1352 1497 τῷ
1383 1438 1469 1481 Κό·

863 1613 949 1637 cem
987 1597 1265 1652 κρησφύγετον
1320 1598 1523 1637 illustravi-

862 1670 949 1695 mus
969 1657 1018 1694 ad
1039 1658 1094 1706 V,
1116 1656 1186 1698 24.

1050 1736 1144 1788 Cap.
1172 1735 1327 1774 XCVII.

918 1814 959 1863 ἔς
984 1811 1170 1854 Γαίσωνά
1198 1828 1239 1853 τε
1268 1810 1335 1852 καὶ
1364 1813 1518 1852 Σκολο-

857 1867 1026 1922 πόεντα]
1066 1871 1250 1920 ,,Γαίσων
1276 1870 1434 1917 fluvius,
1469 1882 1518 1905 ex

857 1928 1014 1979 Ephoro
1035 1935 1147 1965 notus
1180 1925 1281 1977 apud
1299 1925 1443 1962 Athen.
1466 1926 1516 1962 Vl

856 1998 944 2036 pag.
968 1987 1045 2025 311
1068 1986 1113 2021 E.
1133 1985 1261 2022 Gessus
1291 1981 1392 2033 apud
1414 1982 1514 2021 Plin.

857 2044 914 2088 V,
942 2043 1020 2090 29,
1054 2044 1120 2081 31.
1161 2041 1297 2078 Gaesus
1326 2039 1450 2078 Melae
1483 2039 1512 2084 I,

860 2101 910 2139 17
929 2098 983 2146 [ξ.
1004 2100 1052 2144 2,
1075 2098 1141 2133 ubi
1162 2096 1262 2133 conf.
1284 2092 1513 2131 Tzschucke

855 2162 953 2191 nott.
974 2166 1111 2204 exegg.
1132 2154 1215 2190 Vol.
1235 2153 1299 2193 III.
1321 2153 1366 2188 P.
1386 2152 1404 2186 I
1422 2163 1512 2200 pag.

856 2210 972 2260 488}
1064 2205 1303 2255 Σκολοπὸεις
1359 2206 1513 2243 aliunde

855 2281 935 2304 non
965 2268 1161 2316 cognitus,
1211 2279 1259 2301 ex
1287 2263 1361 2300 hoc
1390 2265 1514 2300 Hero-

857 2323 937 2361 doti
956 2325 1040 2360 loco
1053 2324 1240 2374 colligitur
1251 2321 1372 2357 amuis
1388 2320 1514 2366 fuisse,

855 2382 896 2418 iu
925 2382 1140 2417 Gaesonem
1167 2377 1272 2415 haud
1299 2377 1432 2428 procul
1465 2377 1512 2412 ab

857 2438 952 2474 ostio
987 2449 1103 2489 aquas
1140 2448 1226 2473 suas
1265 2433 1515 2470 exonerans.“

861 2492 1313 2541 Schweighaeuser.
1337 2490 1510 2540 Necplu-

855 2564 896 2587 ra
924 2550 1033 2586 affert
1058 2551 1246 2586 Manuert.
1267 2547 1335 2593 VI,
1368 2548 1392 2586 3
1422 2558 1511 2596 pag.

856 2609 952 2646 292.
1009 2607 1066 2641 De
1095 2604 1333 2642 Potnzensium
1366 2603 1510 2653 templo

853 2663 908 2699 nil
928 2661 1050 2699 habeo
1062 2659 1198 2712 ‚quod
1219 2658 1388 2696 afferam.

913 2719 1064 2771 Νείλεῳ
1086 2719 1139 2771 τῷ
1164 2711 1328 2769 Κόδρου
1350 2708 1509 2754 ἐπισπό-

855 2776 994 2829 μενος]
1025 2758 1134 2814 Coni‘.
1157 2779 1251 2813 nott.
1273 2771 1378 2821 adl,
1416 2769 1507 2812 142.

1530 1190 1575 1218 lbi
1592 1197 1684 1219 naves
1694 1190 1803 1219 subdu*

1527 1228 1596 1251 ctae
1631 1225 1770 1261 valloque

1527 1257 1669 1287 munitae.
