1839 3292
490 218 952 260 CALLIOPE.

172 337 249 393 μὲν
287 333 339 389 δὴ
378 332 440 376 ἑνὶ
479 334 568 375 τῶν
596 330 750 385 τάφων
779 324 889 384 ἦσαν
922 325 964 368 οἱ
994 322 1152 377 ἰρένες·

1008 217 1026 253 I
1037 216 1090 254 X.
1341 217 1426 256 329

1205 320 1252 365 ἐν
1289 321 1337 364 δὲ
1365 325 1426 377 τῷ

171 401 313 457 ἑτέρῳ,
342 401 384 443 οἱ
415 399 538 443 ἄλλοι
567 397 856 450 Σπαρτιῆται·
891 393 938 436 ἐν
967 393 1013 435 δὲ
1041 394 1100 447 τῷ
1131 389 1350 446 τρίτῳ,οῑ
1373 389 1427 430 εί-

142 476 163 510 3
174 473 312 518 annes.

373 462 496 511 οὗτοι
525 467 602 521 μὲν
634 463 748 507 οὕτω
780 462 980 504 εᾛθαπτον

1044 460 1246 512 Τεγεῆται
1277 455 1322 498 δὲ
1351 471 1428 510 χω-
1438 461 1484 496 35

171 536 238 589 ρὶς
261 552 424 587 παντας
447 534 588 584 ἁλέας·
618 531 692 575 καὶ
715 528 943 583 Ἀθηναῖοι
971 524 1074 574 τούς
1096 523 1270 566 ἑωυτῶν
1301 521 1427 577 ὁμοῦ,

171 604 244 646 καὶ
274 603 494 658 Μεγαρέες
522 617 565 644 τε
594 598 667 643 καὶ
702 593 902 638 Φλιάσιοι
930 591 1035 642 τούς
1067 590 1154 634 ὑπὸ
1185 595 1260 645 τῆς
1289 592 1427 633 ἵππου

173 671 506 726 διαφθαρέντας.
538 665 707 710 τούτων
734 661 812 718 μὲν
842 660 894 716 δή
927 658 1104 702 πάντων
1130 656 1308 712 πληρεες
1339 655 1430 712 ἐγέ-

146 742 168 778 4
179 755 311 781 νοντο
342 739 385 780 οἱ
404 735 549 791 τάφοι.

615 734 709 775 Τῶν
743 730 787 773 δὲ
818 727 964 771 α’λλων
985 725 1081 769 ὅσοι
1103 725 1176 768 καὶ
1194 726 1430 780 φαίνονται

175 805 222 848 ἐν
263 808 505 861 Πλαταιῇσι
544 800 687 850 ἐόντες
727 796 892 877 τάφοι,
931 793 1116 843 τούτους
1147 791 1219 842 δὲ,
1260 807 1317 841 ως
1346 789 1428 846 ἐγώ

175 872 478 928 πυνθανομαι,
518 864 909 923 ἐπαισχυνομένους
942 864 995 918 τῇ
1034 858 1213 902 ἀπεστοῖ
1239 861 1313 914 τῆς
1342 875 1427 914 μα-
1484 870 1564 911 731

175 957 262 996 χης,
295 939 503 991 ἑκάστους
531 937 707 996 χώματα
734 936 873 990 χῶσαι
902 944 1047 981 κεινα,
1077 930 1163 971 τῶν
1192 924 1486 983 ἐπιγινομέ-41

177 1117 258 1154 τῶν
287 1113 328 1153 δὲ
350 1112 478 1154 ἄλλων
507 1127 542 1153 κ.
565 1126 599 1151 τ.
619 1110 674 1162 λ.]
706 1111 778 1148 Af-

122 1171 194 1208 fert
225 1171 409 1208 Pseudo-
419 1168 613 1207 Plutarch.
640 1169 676 1204 II
692 1181 778 1219 pag.

125 1230 206 1268 872
227 1230 267 1265 F.
288 1251 340 1257 --
397 1229 491 1264 Mox
517 1240 584 1277 pro
616 1223 781 1272 τούτους

127 1281 176 1334 δή
198 1297 287 1321 cum
323 1291 479 1321 recentt.
509 1284 658 1334 reposui
688 1298 781 1322 του-

123 1355 217 1387 τους
257 1340 316 1381 δέ.
393 1342 497 1386 Quae
545 1346 777 1391 sequuntur:

125 1395 483 1448 ἐπαισχυνομένους
494 1398 543 1450 τῇ
556 1393 720 1435 οἷπεστοῖ
740 1396 780 1443 (i.

127 1467 158 1493 e.
183 1467 286 1503 quam
301 1454 449 1503 puderet
469 1466 534 1499 eos,
559 1453 649 1502 quod
664 1466 687 1488 α
706 1465 781 1502 pu-

127 1522 203 1558 gna
231 1509 475 1559 abfuissent),
505 1511 626 1558 tangit
646 1510 782 1544 Blom-

129 1564 230 1603 field.
251 1568 412 1604 Glossar.
430 1565 478 1602 ad
493 1565 671 1616 Aeschyl.
696 1565 781 1602 S.c.

129 1621 207 1659 Th.
249 1625 323 1661 171
368 1623 416 1659 ob
450 1635 586 1660 vocem
617 1618 783 1669 ἄπεστώ,

129 1691 227 1730 quae
243 1678 383 1715 Suidae
402 1680 420 1715 I
442 1693 480 1729 p.
511 1680 593 1719 257
623 1679 785 1729 exponi-

129 1741 191 1772 tur
221 1730 424 1786 ἀποδημία
458 1736 630 1772 absentia.
693 1735 785 1772 Val-

131 1791 332 1829 ckenaerio
356 1792 404 1828 acl
424 1793 661 1828 Herodotum
681 1793 709 1838 1,
731 1791 783 1832 85

132 1849 252 1897 magis
274 1850 439 1899 placeret
469 1843 653 1896 οἷπεστύϊ,
686 1860 786 1899 quo-

133 1906 237 1941 niam
275 1904 380 1971 apud
414 1907 516 1955 Hesy
519 1903 578 1943 ch.
600 1907 617 1941 I
640 1918 677 1955 p.
707 1902 788 1943 444

136 1973 325 2008 απεστυς·
356 1955 618 2012 αποχοόοησις.
647 1963 703 1997 De
716 1959 790 1996 hu-

134 2017 300 2054 iusmodi
333 2018 464 2055 formis
501 2017 579 2056 vid.
610 2024 705 2055 nott.
742 2015 790 2053 ad

135 2076 204 2122 IX,
226 2076 293 2114 97.

192 2127 350 2180 χώματα
368 2133 491 2181 χῶσαι
514 2126 646 2179 κεινὰ]
679 2129 788 2168 Conf.

139 2186 273 2224 Suidas
298 2189 347 2225 T.
363 2190 415 2224 III
430 2202 469 2238 p.
490 2190 584 2228 681.
613 2189 689 2223 Pro
711 2200 793 2224 κει-

140 2240 190 2282 νοῖ
203 2245 303 2280 male
323 2245 415 2280 olim
433 2239 560 2283 κοινά.
578 2245 677 2281 Sunt
691 2244 793 2278 enim

141 2300 363 2351 cenotaphia
381 2314 510 2348 vacua,
540 2302 685 2346 inania,
707 2300 795 2349 qui-

142 2355 211 2391 bus
221 2358 322 2393 nulla
333 2359 459 2394 insunt
469 2370 562 2394 ossa.
577 2356 663 2394 Vid.
675 2357 796 2393 Wes-

144 2411 272 2462 seling.
286 2415 381 2450 Diss.
406 2413 548 2451 Herod.
568 2415 636 2450 VII
656 2413 735 2451 init.
757 2426 796 2462 p.

147 2469 213 2507 65.
269 2470 435 2506 Verbum
454 2474 576 2521 χῶσαι
604 2470 736 2507 tritum
757 2469 797 2504 iu

146 2524 299 2561 tumulis
339 2526 437 2562 terr&
475 2528 659 2576 congestis
694 2531 795 2562 notat

146 2580 376 2630 VVesseling.
392 2583 507 2619 citans
526 2585 656 2634 Eurip.
672 2580 798 2632 Iphig.

149 2636 460 2677 Taur.703.Aul.
483 2639 600 2679 1443.
616 2659 665 2668 —
697 2640 798 2674 Ante

149 2692 310 2728 alterum
371 2693 613 2744 Αἰγινητέων
660 2694 801 2731 inserui

149 2751 242 2796 τοῖν,
255 2747 356 2800 quod
366 2761 483 2801 aeque
494 2749 595 2787 deest
605 2752 644 2787 in
655 2749 801 2788 Sohae-

149 2805 232 2857 feri,
260 2803 395 2843 Matth.
425 2813 460 2842 et
480 2805 646 2843 Bekkeri
665 2806 802 2844 editio-

832 1100 958 1138 nibus.
991 1098 1095 1143 Quae
1115 1106 1337 1149 sequuntur,
1357 1105 1493 1137 tractat

833 1155 1205 1194 Pseudo-Plutarch.
1224 1158 1259 1191 II
1278 1170 1317 1207 p.
1340 1158 1419 1197 873
1444 1157 1494 1195 A.

834 1216 892 1250 De
914 1225 1006 1250 voce
1036 1210 1246 1262 πρόξεινον
1276 1213 1376 1250 conf.
1398 1219 1497 1249 nott.

837 1270 886 1307 ad
918 1270 1015 1315 vul,
1041 1269 1130 1307 136.
1180 1269 1263 1314 ‚Pro
1293 1264 1426 1307 αὐτῶν
1456 1270 1498 1305 in

835 1329 917 1378 ipso
939 1338 1022 1374 cap.
1046 1324 1144 1370 fine,
1175 1325 1274 1360 male
1296 1326 1388 1361 olim
1419 1332 1499 1362 erat

839 1383 1019 1426 ἓωυτών·,
1038 1386 1081 1415 tu
1102 1380 1202 1416 conf.
1222 1381 1352 1429 VII,5.
1387 1380 1500 1426 Quod

839 1438 887 1475 ad
935 1439 1062 1488 ipsum
1109 1436 1184 1471 loci
1214 1445 1499 1486 argumentum,

838 1502 966 1532 narrat
984 1490 1204 1529 Dodwellus
1221 1494 1366 1542 (ltiner.
1381 1495 1411 1541 Ι,
1433 1496 1457 1533 9
1479 1507 1500 1530 e

838 1564 936 1590 vers.
961 1548 1122 1587 Sickler.
1149 1550 1199 1586 T.
1218 1552 1248 1597 Ι,
1270 1552 1296 1589 2
1311 1562 1398 1600 pag.
1415 1550 1500 1599 75),

840 1622 879 1646 se
890 1607 1031 1644 horum
1045 1607 1307 1654 sepulcrorum
1323 1620 1372 1642 ne
1384 1608 1501 1644 vesti-

840 1667 948 1716 gium
976 1661 1133 1715 quidem
1167 1664 1358 1713 reperisse,
1416 1664 1502 1699 Ex-

840 1723 972 1760 stitisse
999 1717 1123 1755 adhuc
1153 1719 1348 1756 Strabonis
1368 1726 1502 1767 aetate,

842 1792 891 1815 ex
908 1778 1009 1814 hisce
1030 1774 1141 1811 huius
1162 1777 1351 1826 scriptoris
1379 1777 1503 1814 verbis

842 1836 928 1872 satis
951 1833 1077 1882 colligi
1096 1844 1204 1882 posse
1224 1832 1394 1870 videtur:
1431 1848 1508 1871 τα·-

846 1888 905 1942 φή
934 1904 974 1928 τε
1004 1890 1204 1927 δείκνυται
1227 1890 1399 1941 δημοσία
1421 1891 1504 1928 τῶν

846 1942 1162 1996 τελευτησάντων
1210 1945 1252 1985 ἐν
1292 1949 1342 2000 τῇ
1376 1942 1504 1999 μάχῃς

846 2005 913 2044 lib.
943 2004 1000 2039 IX
1035 2014 1095 2051 cp.
1125 2004 1150 2041 2
1174 2014 1211 2051 p.
1233 2002 1315 2042 412
1336 2014 1507 2053 quocum

848 2060 948 2098 conf.
995 2056 1189 2095 Plutarch.
1234 2058 1386 2096 Aristid.
1422 2071 1508 2108 cap.

846 2117 955 2163 XXI,
990 2114 1091 2151 unde
1121 2115 1296 2150 coniicias
1334 2116 1507 2165 sepulcra

849 2181 957 2210 extra
976 2173 1111 2208 urbem
1131 2183 1210 2206 non
1230 2172 1344 2221 louge
1365 2184 1386 2207 a
1401 2172 1507 2207 fonte

851 2227 1069 2280 Gargaphia
1090 2226 1157 2274 (de
1179 2240 1255 2279 qua
1274 2228 1351 2264 vid.
1371 2225 1507 2275 1X,25

851 2289 979 2338 ibique
1008 2286 1136 2334 noth),
1159 2291 1282 2320 erecta
1301 2285 1436 2333 suisse3
1459 2282 1509 2319 ad

850 2343 1049 2381 introitum
1067 2342 1168 2377 urbis
1189 2342 1427 2391 potissimum
1446 2340 1510 2376 fu-

850 2403 921 2438 isse
941 2405 1096 2436 testatur
1122 2399 1326 2434 Pausanias
1351 2399 1377 2434 l.
1397 2408 1512 2447 supra

852 2460 892 2506 l.‚
913 2457 1018 2493 cuius
1035 2455 1149 2492 verba
1172 2456 1319 2504 potiora
1344 2453 1419 2490 huc
1441 2452 1511 2489 ad-

855 2514 1017 2552 scribere
1032 2512 1176 2562 placet:
1207 2526 1230 2548 κ
1245 2526 1297 2548 ατ
1309 2526 1332 2548 α
1355 2508 1402 2549 δ
1390 2524 1406 2548 ε
1421 2525 1476 2559 τη
1488 2523 1512 2548 ν

855 2570 1046 2611 ε’σοδον
1079 2563 1302 2628 μάλιστα
1335 2581 1429 2617 την
1459 2565 1513 2612 ἐς

857 2622 1138 2665 Πλάταιαν
1209 2618 1368 2672 τάφοι
1433 2623 1514 2661 τῶν

855 2679 957 2734 πρὸς
1009 2677 1185 2730 Mq‘ffovg
1233 2677 1513 2735 μαχεσαμένων

858 2740 958 2780 εἰσί·
986 2740 1070 2782 τοῖς
1105 2733 1174 2786 μὲν
1208 2737 1282 2774 οὐν
1302 2739 1455 2781 λοιποῖς
1476 2733 1515 2773 ε’-

860 2808 945 2837 στιν
975 2789 1141 2844 Έλλησι
1177 2794 1314 2845 μνῆμα
1351 2787 1517 2833 κοινόν·
