1839 3292
533 209 860 247 URANIA
916 210 1050 248 vm.
1336 213 1419 256 187

153 325 238 364 Βλε.
294 317 367 361 καὶ
394 316 536 371 πρόκα
563 332 608 360 τε
636 315 713 360 τὸν
741 316 980 373 πρόμαντιν
1008 316 1218 375 βαρβάρῳ
1244 318 1416 378 γλώσσῃ
1432 331 1476 364 60

178 389 296 441 χρᾶν·
325 384 397 427 καὶ
428 383 531 435 τούς
547 384 624 439 μὲν
647 384 885 440 ἑπομένους
901 388 988 428 τῶν
1011 387 1212 442 Θηβαίων
1241 387 1287 430 ἐν
1303 388 1421 431 θωύ-

176 468 276 506 ματι
323 452 493 507 ἔχεσθαι
539 450 780 503 ἀκούοντας
827 452 1055 507 βαρβάρου
1092 453 1288 510 γλώσσης
1325 454 1422 498 άντὶ

173 517 388 572 Ἑλλάδος,
409 519 510 563 οὐδὲ
530 520 639 574 ἔχειν
659 519 683 562 ὅ
696 535 736 561 τι
758 519 990 574 χρήσονται
1014 522 1076 576 τῷ
1096 522 1300 574 παρεόντι
1313 522 1424 578 πρή-

185 602 336 640 γματι·
372 587 448 629 τὸν
466 586 511 630 δὲ
539 585 756 640 Εὐρωπέα
776 589 884 630 Μῦν
912 587 1209 640 ἐξαρπάσαντα
1227 587 1323 643 παρ’
1346 587 1422 633 αὐ-

175 657 263 696 τῶν
301 652 380 709 τήν
424 653 630 708 ἐφέροντο
679 652 848 704 δέλτον,
901 653 952 696 τὰ
983 656 1191 709 λεγόμενα
1221 654 1309 699 ὑπὸ
1339 660 1421 700 τοῦ

174 719 404 775 προφήτεω
432 719 616 776 γράφειν
646 720 687 770 ἐς
716 718 871 776 αὐτήν·
901 721 1038 777 φάναι
1068 722 1137 776 δὲ,
1168 725 1312 779 Καρίῃ
1343 740 1416 778 μιν
1430 730 1474 765 65

173 785 341 841 γλώσσῃ
370 791 498 841 χρᾶν·
530 786 893 843 συγγραψάμενον
923 789 990 840 δὲ,
1021 791 1214 846 οἴχεσθαι
1234 788 1418 835 ἀπιόντα

172 855 215 906 ἐς
241 856 488 910 Θεσσαλίην.

282 921 540 977 Μαρδόνιος
569 921 613 965 δὲ
641 919 937 977 ἐπιλεξάμενος
967 922 991 965 ὅ
1019 939 1059 966 τι
1079 923 1130 979 δὴ
1162 918 1216 979 ἧν
1236 924 1415 980 λέγοντα

171 988 223 1032 τὰ
251 987 500 1045 χρηστήρια,
529 988 633 1046 μετὰ
652 991 787 1032 ταῦτα
820 989 977 1046 ἔπεμψε
1006 989 1190 1047 ἄγγελον
1218 992 1260 1044 ἐς
1283 991 1415 1049 Ἀθή-

1473 915 1609 950 Acceptis
1640 924 1721 943 oracr
1714 925 1745 944 ιι-

1471 948 1480 974 l
1485 957 1616 975 nnnnnnn
1603 958 1651 988 sp
1656 959 1745 985 nnnnnn

1471 981 1540 1008 Mar
1544 982 1610 1009 doni
1590 992 1647 1010 usu
1664 984 1747 1010 Alex-

1471 1015 1597 1044 andrum
1639 1018 1710 1052 Amy
1714 1026 1746 1044 n-

11 921 108 967 136

114 1206 180 1248 35.
201 1207 251 1243 Ηί
263 1207 353 1243 boni
364 1204 550 1253 Thebani,
564 1205 684 1242 solam
698 1204 761 1240 in-
820 1205 869 1244 19
883 1212 917 1242 et
930 1207 966 1242 II
985 1220 1023 1256 p.
1038 1204 1118 1246 412
1135 1207 1181 1244 A.
1202 1219 1324 1243 unum
1343 1207 1471 1245 norint

113 1264 344 1313 telligentes,
365 1268 407 1299 ut
433 1263 509 1298 istis
529 1262 761 1311 temporibus
817 1261 1030 1312 προφήτην
1050 1264 1232 1312 Apollinis
1252 1265 1360 1300 Ptoi:
1397 1277 1473 1315 quo

114 1319 284 1370 plerique
312 1331 463 1365 omnes,
498 1318 668 1367 linguam
698 1329 765 1366 pa-

115 1376 238 1422 triam,
254 1376 485 1411 mirabantur
499 1373 630 1423 procul
650 1371 764 1409 dubio

112 1430 243 1481 lingua
282 1431 410 1467 Carica
447 1427 760 1479 respondentem:

112 1500 237 1538 neque
258 1488 360 1523 enim
370 1486 582 1532 verisimile,
601 1484 761 1521 deorum

110 1543 152 1579 in
180 1543 337 1580 oraculis
367 1541 604 1578 administros
636 1539 763 1578 diver-

109 1599 157 1636 sis
196 1600 332 1649 linguis
365 1596 610 1648 respondisse,
649 1603 762 1647 prout

110 1667 282 1706 quaeque
295 1654 573 1692 consulentibus
585 1660 678 1690 esset
690 1666 761 1704 pa-

108 1712 204 1759 tria3
262 1718 298 1748 et
335 1711 563 1760 figmentum
602 1710 760 1747 arbitror

108 1769 463 1817 grammaticorum,
511 1765 613 1818 quod
652 1767 760 1803 nobis

107 1831 280 1860 narratur
316 1825 356 1859 in
395 1821 524 1860 Schol.
564 1821 612 1859 ad
641 1821 759 1873 Soph.

108 1880 146 1916 T
148 1878 248 1916 rach.
275 1878 396 1920 1184.
443 1880 513 1916 Hic
533 1885 682 1915 narrata
698 1893 759 1915 re-

108 1937 272 1985 spexisse
295 1934 442 1972 videtur
460 1934 683 1972 Plutarchus
704 1937 761 1972 De

109 1992 241 2029 Oracc.
270 1990 403 2030 defect.
435 2005 473 2041 p.
493 1989 574 2031 412
605 1992 653 2029 A.
674 1992 760 2033 coll.

109 2048 227 2100 Gryll.
247 2062 283 2099 p.
306 2050 386 2088 990
405 2048 452 2084 E.
456 2048 479 2067 “

163 2103 230 2143 καὶ
247 2099 386 2156 πρόκα
412 2118 452 2141 τε
480 2099 548 2142 τόν
578 2099 759 2154 πρόμαν-

106 2174 165 2199 τιν
186 2136 375 2211 βαρβάρῳ
392 2156 544 2212 γλώσσῃ
565 2160 678 2210 χρᾶν]
702 2163 757 2197 De

105 2229 199 2253 voce
219 2212 350 2281 πρόκα
365 2215 442 2252 vid.
463 2222 557 2252 nott.
568 2215 653 2258 adl,
668 2219 757 2256 111.

105 2273 263 2309 Devoce
276 2267 490 2322 πρόμαντις
504 2272 548 2309 cf.
562 2279 656 2309 nott.
669 2272 756 2321 adl,

110 2330 200 2368 182.
210 2330 341 2376 VI,66.
352 2329 406 2364 Ac
418 2329 531 2378 vulgo
544 2341 633 2364 cum
646 2327 758 2365 diffe-

106 2390 190 2420 rant
209 2383 237 2435 ἦ
264 2379 483 2435 πρόμαντις
504 2384 644 2431 (mulier
656 2384 757 2434 fati-

107 2437 200 2486 dica)
239 2447 349 2492 atque
381 2436 592 2491 προφήτης
623 2442 759 2492 (templi

108 2497 263 2543 antistes,
294 2497 473 2545 praesul),
505 2495 545 2536 h.
566 2498 590 2533 l.
614 2495 636 2536 ό
657 2494 758 2548 πρό-

108 2565 247 2601 μαντις
264 2551 366 2588 idem
385 2552 534 2589 videtur
555 2566 632 2589 esse
646 2581 656 2600 ‚
690 2555 755 2605 qui

106 2613 191 2656 post
201 2614 354 2644 vocatur
373 2606 395 2646 ὁ
409 2605 628 2659 προφήτης,
644 2623 757 2660 prae-

105 2663 236 2699 sertim
265 2676 352 2700 cum
373 2663 506 2700 Strabo
525 2666 582 2701 lX
611 2679 648 2716 p.
677 2669 755 2707 633

105 2719 151 2757 B.
172 2732 202 2755 s.
229 2717 307 2759 413
329 2720 369 2754 in
396 2719 563 2757 'eiusdem
583 2722 637 2757 rei
665 2735 756 2758 nar-

106 2775 251 2813 ratione
267 2782 380 2828 atque
398 2775 589 2817 Plutarch.
600 2777 754 2816 Aristid.

822 1317 957 1353 eodem
977 1325 1145 1368 spectant
1155 1320 1364 1356 Pausaniae
1384 1333 1473 1357 ver-

821 1373 870 1409 ba
899 1375 948 1420 Χ,
977 1376 1028 1413 33
1051 1376 1086 1419 §-
1110 1374 1134 1414 5
1167 1388 1189 1412 a
1217 1377 1428 1412 Wesselino
1409 1377 1472 1426 gio

817 1429 916 1465 bene
947 1430 1077 1466 allata:
1135 1426 1356 1483 πρόμαντις
1384 1430 1426 1470 δὲ
1449 1447 1470 1472 ο

818 1482 946 1536 ἱερεύς
969 1484 1067 1525 ἐστι·
1098 1489 1177 1540 χρᾷ
1192 1485 1273 1525 δὲ’
1256 1502 1298 1526 εκ
1313 1489 1385 1525 τοῦ
1400 1492 1475 1526 θε-

818 1544 868 1580 οῦ
882 1537 1056 1591 κάτοχος.
1079 1527 1218 1579 Scribit
1228 1550 1356 1579 autem
1367 1542 1472 1580 idem

815 1599 1032 1646 Pausanias,
1050 1600 1306 1636 consentiente
1318 1601 1471 1636 Plutar-

817 1653 889 1691 cho
909 1655 934 1691 l.
944 1656 982 1702 L,
1004 1668 1082 1691 non
1094 1656 1238 1692 Graeca
1257 1655 1322 1692 sed
1339 1656 1472 1694 Carica

816 1711 944 1761 (igitur
974 1712 1173 1760 barbarica)
1208 1711 1368 1750 dialecto
1407 1726 1472 1749 re-

814 1767 1007 1818 spondisse
1050 1767 1177 1806 deum.
1232 1770 1289 1805 De
1330 1770 1472 1806 Carum

814 1825 945 1874 lingua
966 1825 1068 1861 conf.
1092 1824 1234 1862 Herod.
1254 1827 1283 1874 Ι,
1303 1828 1377 1866 171
1401 1826 1470 1866 fin.

819 1883 913 1921 172.

872 1936 915 1975 ἐν
943 1933 1127 1986 θωύματι
1148 1936 1325 1987 ἔχεσθαι]
1359 1937 1471 1975 Conf.

816 1992 927 2029 allata
944 1992 992 2029 ad
1012 1995 1109 2040 VIII,
1133 1994 1185 2034 52
1220 2001 1256 2030 et
1285 1992 1332 2030 ad
1360 1995 1471 2031 locu-

814 2049 961 2085 tionem
1008 2045 1103 2088 ου’δὲ
1131 2049 1231 2100 ἔχειν
1260 2046 1293 2097 ό,
1324 2064 1360 2088 τι
1373 2065 1471 2101 χρη-

816 2116 952 2144 σονται
979 2108 1032 2159 τῷ
1057 2102 1246 2156 παρεόντι
1272 2101 1471 2157 πρήγματι

814 2162 915 2199 conf.
935 2169 1030 2200 nott.
1053 2161 1101 2198 ad
1121 2163 1164 2209 V,
1184 2165 1248 2202 12.
1296 2163 1354 2197 De
1376 2175 1470 2199 voce

814 2216 948 2257 δέλτον
980 2217 1058 2256 vid.
1082 2225 1179 2255 nott.
1200 2217 1249 2254 ad
1268 2219 1348 2267 VII,
1371 2220 1469 2259 239.

977 2307 1066 2358 Cap.
1088 2308 1300 2346 CXXXVI.

869 2382 1169 2437 ἐπιλεξάμενος]
1201 2388 1228 2422 i.
1254 2400 1288 2423 e.
1316 2398 1392 2423 cum
1421 2385 1470 2423 le-

811 2443 934 2490 gisset,
964 2449 1005 2479 ut
1034 2444 1132 2490 VIII,
1162 2445 1229 2483 22.
1286 2454 1468 2492 προσκη-

813 2497 897 2544 δέες
921 2506 1008 2535 sunt
1050 2499 1234 2549 affinitate
1266 2500 1465 2545 coniunctz'3

812 2554 890 2591 vid.
911 2556 1050 2591 Pollux
1069 2556 1133 2602 111,
1157 2557 1195 2594 7.
1207 2557 1274 2594 30.
1302 2555 1468 2604 Respicit

813 2618 940 2647 autem
970 2612 1127 2660 scriptor
1147 2609 1195 2646 ad
1216 2622 1271 2657 ea,
1298 2623 1395 2661 quae
1422 2610 1468 2658 V,

812 2669 862 2706 21
900 2674 1048 2703 narrata
1085 2673 1185 2706 sunt.
1242 2665 1303 2703 Ad
1331 2680 1467 2704 vocem

812 2717 1071 2774 μητροπάτωρ
1101 2721 1178 2761 vid.
1207 2729 1302 2761 nott.
1333 2723 1382 2761 ad
1403 2724 1466 2771 VI,
