1839 3292
432 214 513 254 130
824 213 1288 251 HERODOTI

401 323 585 367 3θίοισι.
643 325 745 379 τῇδε
773 323 819 366 δὲ
849 321 1170 376 συμβάλλονται
1199 317 1310 363 εἶναι
1345 324 1470 364 θεῖον
1497 318 1546 363 ro*
1577 321 1694 375 πρῆ-

430 405 543 446 γμα·
592 391 651 439 ὥς
695 390 778 445 γάρ
811 388 947 444 ἀγχοῦ
975 387 1178 442 γενέσθαι
1206 391 1292 429 τῶν
1323 391 1443 443 νηῶν
1474 387 1575 438 τοὺς
1604 385 1690 430 ἆπὸ
1703 392 1749 428 90

432 461 514 501 τοῦ
541 456 730 512 κέλητος,
761 458 899 512 λέγειν
930 456 1052 499 τάδε·
1086 453 1363 508 ,,Ἀδείμαντε,
1394 454 1448 497 σὺ
1478 456 1556 509 μὲν
1585 453 1693 498 ἀπο-

433 524 646 579 ,,στρέψας
675 524 750 575 τὰς
778 528 898 575 ναῦς,
931 525 971 575 ἐς
992 523 1139 580 φυγήν
1160 523 1358 577 ὥρμησαι
1388 521 1694 575 καταπροδοὺς

437 592 569 646 ,πούς
594 591 827 647 ’Έλληνας
869 593 912 635 οἱ
940 592 985 636 δὲ
1013 592 1087 635 καὶ
1116 590 1168 646 δὴ
1209 594 1386 641 νικῶσι,
1431 587 1539 632 ὅσον
1571 587 1695 632 αὐτοὶ

406 660 635 717 4,,ἠρῶντο
666 659 949 714 ἐπικρατῆσαι
977 664 1066 703 τῶν
1104 659 1320 714 ἐχθρῶν.“
1378 661 1514 700 ταῦτα
1551 655 1751 711 λεγόν-95

433 744 534 780 των,
557 725 771 771 ἀπιστέειν
801 726 884 781 γὰρ
915 727 993 770 τόν
1017 726 1323 782 Ἀδείμαντον,
1354 719 1477 775 αὖτις
1505 722 1606 768 τάδε
1630 723 1696 767 λέ-

433 812 548 852 γειν,
579 794 637 846 ὥς
667 793 821 847 ,,αὐτοὶ
852 793 938 838 οἶοί
966 811 1010 838 τε
1043 794 1127 838 εἶεν
1158 793 1364 849 ἀγόμενοι
1391 793 1548 848 ὅμηροι
1587 789 1696 834 ἀπο-

436 861 684 919 ,,θνήσκειν,
715 862 770 918 ἢν
799 863 856 918 μὴ
886 867 1092 912 νικῶντες
1123 863 1367 917 φαίνωνται
1390 863 1433 904 οἱ
1449 860 1694 917 ’Έλληνες.“

407 931 555 974 δοῦτω
586 930 638 987 δὴ
671 929 1000 984 ἀποστρέψαντα
1029 929 1108 984 τὴν
1136 933 1232 985 νῆα,
1264 929 1402 973 αὐτόν
1429 945 1473 972 τε
1493 929 1566 972 καὶ
1592 928 1696 980 τοὺς

437 998 608 1050 ἄλλους,
650 997 710 1041 ἐπ’
753 996 1096 1053 ἐξεργασμένοισι
1125 998 1267 1040 ἐλθεῖν
1297 998 1339 1048 ἐς
1369 996 1418 1040 τὸ
1460 996 1696 1050 στρατόπε-

406 1069 527 1110 6δον.
591 1065 787 1114 Τούτους
817 1065 896 1119 μὲν
925 1063 1103 1120 τοιαύτη
1134 1064 1262 1119 φάτις
1283 1065 1365 1120 ἔχει
1385 1063 1473 1108 ὑπὸ
1499 1062 1695 1120 Ἀθηναί-

438 1151 512 1177 ων.
575 1131 629 1176 οὐ
668 1131 813 1186 μέντοι
865 1129 992 1174 αὐτοί
1036 1147 1083 1186 γε
1124 1133 1361 1184 Κορίνθιοι
1389 1130 1721 1186 ὁμολογέουσι,1

436 1199 522 1244 αλλ’
563 1200 610 1242 ἐν
638 1197 845 1253 πρώτοισι
883 1198 1020 1254 σφέας
1051 1197 1212 1249 αὐτοὺς
1240 1202 1316 1254 τῆς
1355 1201 1595 1254 ναυμαχίης
1621 1215 1696 1242 νο-

437 1269 608 1323 μίζουσι
637 1267 860 1322 γενέσθαι·
895 1271 1106 1321 μαρτυρεῖ
1134 1267 1179 1309 δέ
1211 1279 1290 1322 σφι
1319 1267 1392 1309 καὶ
1412 1265 1439 1322 ἡ
1472 1265 1577 1322 ἄλλη
1602 1263 1695 1308 Ἑλ-

306 1319 372 1366 95
434 1334 526 1385 λας.
580 1334 839 1415 Ἀριστείδης
869 1334 914 1377 δὲ
947 1333 970 1377 ὁ
1002 1333 1270 1390 Λυσιμάχου,
1308 1333 1417 1391 ἀνὴρ
1453 1333 1696 1389 Ἀθηναῖος,

104 1386 202 1454 3125ss„
200 1385 332 1448 ‘ississJ
335 1387 380 1448 ⁹51³,
435 1405 517 1445 τοῦ
552 1402 626 1445 καὶ
655 1402 785 1461 ὀλίγῳ
815 1420 856 1447 τι
886 1401 1100 1459 πρότερον
1127 1403 1295 1446 τούτων
1328 1401 1604 1459 ἐπεμνήσθην
1633 1398 1723 1452 0395

435 1615 554 1652 θεῖον
583 1608 626 1651 τὸ
646 1609 828 1663 πρῆγμα]
859 1611 1032 1660 Respon-

379 1668 444 1706 det
482 1668 555 1706 hoc
594 1670 770 1719 proxime
808 1668 1034 1717 praegressis

377 1725 470 1779 θείῃ
509 1727 663 1779 πομπῇ.
728 1725 826 1761 Nam
865 1724 1035 1760 divinitus

380 1781 473 1833 quid
493 1781 670 1818 accidisse
690 1781 887 1831 putabant.
920 1779 1034 1816 Haud

380 1839 486 1874 aliter
519 1840 654 1875 Noster
682 1839 737 1885 ΙΙ,
770 1840 836 1878 66.
863 1837 934 1885 VI,
968 1838 1033 1876 69.

379 1895 470 1941 VII,
504 1897 596 1934 137.
639 1893 701 1931 Ad
719 1894 834 1932 verba
865 1892 916 1939 ὥς
945 1890 1033 1944 γοῖρ,

381 1947 507 2000 ἀγχοῦ
534 1949 721 2002 γενέσθαι
750 1966 786 1989 κ.
810 1965 843 1989 τ.
868 1953 902 1989 λ.
934 1950 1034 1988 conf.

381 2005 514 2043 Matth.
537 2008 602 2043 Gr.
624 2008 690 2045 Gr.
713 2009 749 2052 ξ.
772 2006 852 2046 596
869 2034 879 2051 ,
903 2006 927 2042 b
947 2018 1034 2056 pag.

383 2064 503 2102 1193.
562 2060 654 2109 τούς
679 2058 757 2102 cinci
786 2064 858 2100 τοῦ
876 2060 1036 2113 κέλητος

380 2125 469 2155 nota
510 2117 605 2155 dixit
638 2120 936 2169 breviloquentia
964 2131 1032 2169 pro

378 2171 475 2222 τούς
504 2175 547 2214 ἐν
570 2177 624 2228 τῷ
640 2175 770 2226 κέλητι
794 2175 835 2213 ἐκ
865 2177 938 2213 τοῦ
972 2173 1033 2213 κέ-

377 2234 493 2282 λητος
521 2229 668 2283 λέγειν;
705 2234 768 2282 qui
790 2233 827 2268 in
847 2233 932 2267 mlvi
944 2231 1033 2280 fue-

376 2290 470 2336 rint,
496 2301 550 2324 eos
575 2289 657 2324 inde
678 2289 761 2325 haec
779 2288 907 2337 secisse
929 2288 1032 2324 verba

374 2342 443 2391 (ad
464 2344 556 2391 eos).
613 2346 733 2395 Attigi
760 2343 809 2381 ad
836 2344 925 2391 vn,
966 2345 1031 2383 93

373 2400 448 2448 IV,
482 2400 576 2442 145·

432 2527 486 2559 ως
507 2527 621 2552 αντοι
651 2507 733 2552 οἷοί
754 2526 792 2550 τε
822 2517 900 2551 εἷεν
933 2508 1029 2566 ἐγό-

375 2582 487 2631 μενοι
535 2565 680 2619 όμηροι
730 2564 1026 2619 οἷποθιήσκειν]

373 2624 398 2658 i.
431 2637 463 2660 e.
494 2638 528 2662 se
561 2625 648 2662 velle
683 2638 712 2661 s.
757 2630 902 2674 paratos
936 2639 1026 2672 esse,

372 2683 540 2729 tanquam
561 2681 692 2718 obsides
710 2682 878 2719 abducms
899 2683 959 2718 vel
980 2656 1027 2719 cni

372 2740 511 2773 mortem
527 2750 557 2773 s.
578 2738 783 2786 supplicium
799 2739 1023 2778 subeundum.

370 2792 442 2828 Ubi
471 2793 511 2828 in
539 2794 654 2831 verbo
691 2794 818 2832 medio
855 2792 1023 2848 ἄγεσθαι

1092 1623 1135 1646 ea
1156 1610 1210 1647 vis
1230 1610 1348 1658 inest,
1382 1621 1499 1662 quam
1518 1620 1588 1645 nos
1607 1607 1659 1644 ita
1680 1618 1750 1643 ex-

1090 1668 1310 1718 primimus:
1355 1667 1429 1704 siclt
1454 1666 1588 1716 siilaeren
1622 1664 1751 1702 lassen.

1299 1757 1391 1807 Cap.
1421 1756 1537 1793 XCV.

1148 1830 1267 1888 ὀλίγῳ
1305 1850 1343 1875 τι
1371 1830 1602 1888 πρότερον]
1663 1831 1750 1870 vid.

1090 1894 1197 1936 VIII,
1234 1895 1298 1933 79,
1357 1894 1401 1928 Iu
1433 1890 1625 1929 Sancrofti
1662 1888 1748 1926 cod.

1091 1956 1211 1986 exstat
1232 1944 1377 2000 ὀλίγον.
1400 1971 1448 1976 —-
1485 1951 1543 1985 De
1565 1946 1749 1996 Psyttalia

1090 2007 1211 2042 insula
1243 2006 1319 2042 vid.
1351 2012 1447 2042 nott.
1473 2004 1522 2042 ad
1550 2004 1661 2051 VIII,
1692 2004 1748 2043 76

1091 2070 1127 2099 et
1149 2062 1196 2099 ad
1217 2058 1390 2113 α’πέβησε
1411 2062 1511 2099 conf.
1531 2058 1666 2098 Matth.
1680 2060 1747 2096 Gr.

1091 2120 1154 2155 Gr.
1185 2121 1222 2164 ξ.
1250 2122 1352 2166 226,
1383 2122 1409 2158 2
1430 2131 1517 2169 pag.
1538 2116 1630 2158 439.
1689 2117 1747 2152 De

1090 2182 1313 2225 argumento
1358 2176 1459 2211 conf.
1507 2176 1670 2210 Pausan.
1714 2173 1745 2220 1,

1090 2235 1141 2272 36
1173 2233 1209 2277 ξ.
1246 2235 1284 2272 2.
1314 2233 1414 2270 Piut.
1436 2230 1591 2267 Aristid.
1629 2243 1689 2280 cp.
1719 2231 1744 2269 9

1088 2301 1174 2338 pag.
1199 2290 1278 2327 323
1296 2290 1337 2324 F.
1356 2316 1365 2332 ‚
1395 2288 1460 2324 ubi
1480 2303 1572 2333 τους
1585 2290 1746 2337 προθυ-

1089 2340 1283 2394 μοτὰτους
1330 2343 1397 2383 καὶ
1444 2357 1744 2395 μαχιμωτατους

1087 2403 1167 2439 τῶν
1199 2403 1375 2439 πολίτων
1416 2400 1534 2452 (quod
1563 2402 1601 2436 iu
1629 2398 1745 2439 ὅπλι-

1087 2459 1167 2495 τῶν
1187 2459 1325 2493 mutari
1348 2458 1467 2494 voluit
1487 2459 1673 2508 Bryanus,
1695 2454 1744 2493 ad

1086 2513 1302 2550 Herodotea
1330 2511 1502 2560 πολλούς
1527 2516 1606 2552 τῶν
1633 2511 1745 2553 ὁπλι-

1083 2573 1163 2608 τῶν
1194 2571 1409 2620 respiciens)
1442 2572 1655 2608 assumsisse
1684 2568 1745 2606 di-

1084 2628 1192 2663 citur.
1249 2628 1284 2662 A
1318 2628 1438 2665 Persis
1478 2629 1567 2678 ipsis
1602 2626 1743 2664 multos

1082 2685 1180 2720 viros
1201 2683 1240 2719 iu
1261 2684 1423 2720 insulam
1443 2685 1640 2721 translatos
1664 2696 1743 2720 esse

1081 2740 1160 2790 ipse
1205 2739 1331 2790 prodit
1378 2740 1593 2778 Herodotus
1639 2740 1739 2787 VIII,

1080 2799 1154 2837 76:
1190 2809 1284 2849 quos
1304 2797 1510 2835 trucidatos
1534 2796 1739 2849 conqueri-
