1839 3292
55 547 120 592 27

513 240 977 280 CALLIOPE.

130 359 176 394 10
186 351 284 406 ,,καὶ
323 347 434 403 πρός
473 347 644 400 α’λλους.

1035 242 1053 277 1
1061 241 1114 279 X.
1352 246 1439 286 213

705 348 820 392 οὕτω
860 344 923 392 ὠν
961 348 1096 406 ἡμέας
1133 351 1305 394 δίκαιον
1335 351 1496 407 ἔχεινὸο

182 415 260 469 ,,τὸ
302 416 449 471 ἕτερον
488 417 637 497 κΝέρας,
685 414 790 472 ἤπερ
826 415 1098 473 Ἀθηναίους.

1154 417 1209 462 οὐ
1245 416 1328 474 γάρ
1359 420 1441 474 σφί

181 484 300 537 »ἐστι
336 485 441 539 ἔργα
478 482 549 528 οἶά
592 501 671 539 περ
710 483 813 540 ἡμῖν
851 486 1193 541 κατεργασμένα,
1241 483 1329 529 οὔτ’
1374 483 1438 530 ὠν

183 568 343 605 ,,καινα
371 553 469 596 οὔτε
496 551 669 595 παλαια
674 555 698 576 “
754 553 807 594 Οἱ
838 552 917 605 μὲν
944 557 1079 596 ταῦτα
1101 554 1257 609 ἔλεγον.

181 627 298 665 ναῖοι
327 621 372 665 δὲ
399 621 506 675 πρὸς
533 623 667 662 ταῦτα
695 618 983 673 ὑπεκρίναντο
1018 620 1119 664 τάδε
1136 636 1148 645 ·

1314 552 1439 610 ’.Αθη

1205 619 1433 673 ,,Ἐπιστα’·

183 696 324 746 „petia
353 690 431 744 μὲν
461 687 651 730 σύνοδον
679 686 805 742 τήνδε
835 686 972 742 μάχης
1008 689 1151 730 εἵνεκα
1181 693 1492 745 συλλεγῆναι55

154 756 325 811 2,,πρός
361 756 439 798 τὸν
477 754 720 811 βάρβαρον,
763 753 852 797 ἀλλ’
893 753 946 797 οὐ
984 754 1140 810 λόγων.

1199 755 1289 798 ἐπεὶ
1329 757 1374 799 δὲ
1410 757 1435 800 ὁ

181 823 421 880 ,,Τεγεη’της
467 822 684 877 προέθηκε
721 822 883 865 παλαιὰ
919 823 993 866 καὶ
1030 821 1161 866 καινὰ
1200 823 1340 878 λέγειν
1381 824 1435 867 τοὶ

180 890 446 945 »ἑκατέροισι
475 889 521 932 έν
550 893 612 945 τῷ
639 890 768 933 παντὶ
785 889 936 947 ’χρόνῳ
955 889 1235 945 κατέργασται
1263 892 1435 947 χρηστοὶ,

179 960 453 1015 ,,οἷναγκαίως
480 958 584 1014 ἡμῖν
614 958 696 1015 ἔχει
725 960 914 1016 δηλῶσαι
943 961 1052 1014 πρὸς
1080 957 1226 1014 ὑμέας,
1256 957 1362 1003 ὅθεν
1389 958 1438 1016 ἡ·

125 1177 268 1215 verbis:
311 1170 415 1216 οὔτ’
438 1166 497 1214 αῗν
520 1173 640 1214 καινοὶ
663 1173 780 1215 οὔτε

125 1231 277 1271 παλαιοὶ
307 1233 384 1280 yid.
405 1231 539 1270 Matth.
561 1234 627 1270 Gr.
657 1234 720 1270 Gr.
742 1234 780 1279 §-

127 1289 207 1330 625
227 1303 267 1340 p.
301 1289 418 1330 1275.

322 1379 414 1429 Cap.
435 1379 593 1415 XXVII.

183 1451 355 1496 σύνοδον
382 1453 500 1507 τήνδε
516 1479 571 1485 -
593 1458 781 1509 συλλεγῆ-

126 1512 226 1562 ναι]
266 1514 290 1553 i.
319 1527 352 1550 e.
380 1514 460 1550 bene
488 1515 664 1561 novimus,
695 1527 780 1550 con-

125 1570 254 1606 venisse
270 1583 331 1606 nos
353 1570 409 1606 hic
421 1570 622 1619 pugnandi,
643 1583 711 1607 non
720 1570 779 1607 al-

125 1625 286 1661 tercandi
307 1639 427 1673 causa,
448 1628 537 1674 sive,
558 1633 601 1663 ut
621 1628 778 1677 exponit

124 1680 344 1732 Schweigh.
383 1683 422 1718 in
463 1684 558 1721 Lex,
604 1682 775 1720 Herod-z

123 1740 304 1785 „novimus
324 1739 518 1789 pugnandi
557 1752 667 1776 causa
701 1752 776 1778 cum

123 1794 216 1831 hoste
237 1795 291 1832 laic
311 1809 371 1832 nos
389 1797 594 1842 convenisse,
626 1810 777 1834 nonser-

121 1863 258 1888 monum
276 1851 521 1901 faciendorum
541 1865 663 1900 causa,
692 1854 718 1890 i.
740 1867 774 1893 e.

122 1919 190 1943 non
209 1911 248 1943 ut
270 1908 384 1957 longis
414 1909 630 1946 orationibus
646 1914 776 1959 tempus

122 1966 314 2001 ΐεεναηηιε.α
372 1963 598 2001 Plutarchus
627 1967 667 2002 in
688 1968 778 2002 Ari-

121 2019 282 2059 stid.12
311 2019 405 2057 haec
425 2020 527 2057 hunc
555 2022 596 2057 in
616 2022 778 2059 modum

121 2076 285 2126 profert.
315 2073 477 2128 ἥκομεν,
498 2079 622 2129 inquit
640 2080 776 2116 Aristi-

122 2131 199 2180 des,
212 2127 262 2171 ου’
281 2137 364 2179 τοῖς
380 2130 598 2185 συμμάχοις
614 2147 775 2175 στασια-

122 2199 267 2237 σοντες,
299 2185 398 2229 α’λλα
425 2186 667 2241 μαχούμενοι
692 2197 775 2239 τοῖς

122 2247 340 2296 πολεμίοις.
396 2248 470 2283 Ubi
498 2248 634 2284 similia
656 2262 776 2300 quae-

123 2299 212 2338 dam
231 2301 329 2338 dicta
349 2302 457 2340 affert
483 2303 731 2347 Valckenaer,
754 2319 776 2342 e

121 2357 204 2396 Liv.
225 2359 388 2406 XXXII,
412 2361 477 2400 34.
510 2360 665 2400 Diodor.
687 2364 775 2414 IIp.

124 2414 214 2453 638.
235 2415 407 2465 Euripid.
429 2415 624 2455 Phoeniss.
642 2419 737 2459 591.

160 2479 558 2535 προέθηκε-λέγειν]
574 2485 774 2536 Schwgll„

124 2536 190 2586 qui
210 2538 310 2586 prius
329 2539 585 2578 intellexerat:
617 2545 774 2580 instituit

124 2592 238 2629 dicere
259 2606 288 2633 s.
308 2599 550 2645 proposuissut
572 2598 772 2648 diceremus,

121 2655 252 2698 postea
272 2648 374 2687 hunc
415 2665 535 2689 unum
561 2653 650 2692 huic
688 2657 772 2693 loco

122 2707 325 2741 convenire
345 2720 495 2744 sensum
505 2712 652 2748 statuit
668 2726 775 2762 prae-

121 2761 207 2797 tulit
234 2775 488 2801 commemorare
519 2768 579 2803 vel
605 2772 645 2804 ut
680 2782 775 2807 com-

121 2829 394 2857 menzoraremus.
450 2822 507 2857 De
545 2835 621 2873 qua
654 2825 776 2862 inter-

835 1176 1044 1226 pretatione
1063 1176 1198 1213 merito
1214 1175 1389 1214 dubitans
1403 1177 1493 1215 Ste-

836 1245 961 1282 gerus⁷
1010 1234 1163 1269 rescribi
1194 1234 1314 1270 voluit
1353 1233 1492 1285 λέγων.

835 1287 1027 1339 Equidem
1048 1302 1068 1324 e
1088 1290 1211 1339 glossa
1232 1291 1432 1339 marginali
1451 1292 1491 1327 in

835 1351 985 1381 textum
1004 1346 1197 1396 ,irrepsisse
1225 1348 1386 1384 verbum
1407 1360 1491 1384 cre-

837 1400 1012 1438 dlderlnl·

892 1464 1119 1520 ἀναγκαίως
1143 1466 1241 1518 ἡμῖν
1266 1467 1340 1519 ἔχει
1361 1469 1490 1518 δηλῶ-

835 1536 902 1564 σαι
922 1522 1020 1576 πρὸς
1040 1523 1181 1574 ὑμέας]
1229 1524 1492 1574 „Laudabilia,

835 1594 932 1633 quae
953 1582 1080 1618 multis
1095 1580 1157 1618 hic
1174 1589 1350 1618 enarrant
1370 1580 1493 1618 Athe-

833 1639 994 1686 nienses,
1015 1639 1205 1674 maiorum
1224 1652 1380 1675 suorum
1401 1639 1493 1676 faci-

835 1693 1043 1744 nora‚hinc
1063 1696 1192 1745 paucis
1213 1702 1492 1733 commemorat

832 1750 1128 1789 Pseudo-Plut.
1159 1753 1216 1788 De
1237 1751 1378 1788 Herod.
1406 1754 1492 1788 Ma-

831 1808 925 1858 ligu.
946 1821 1031 1858 pag.
1053 1811 1134 1849 872
1155 1810 1201 1846 A.
1258 1808 1406 1845 Eadem
1426 1810 1490 1846 illa

830 1877 1074 1915 magnacum
1108 1865 1220 1902 laude
1249 1867 1490 1902 celebrantur

831 1922 877 1957 ab
906 1923 1138 1968 oratoribu53
1179 1923 1226 1958 ab
1256 1924 1419 1960 Isocrate
1448 1923 1489 1958 in

829 1978 1020 2029 Panegy.r
1050 1992 1085 2029 p.
1117 1978 1166 2018 51
1205 1979 1272 2026 [ξ-
1305 1983 1358 2020 27
1387 1979 1488 2030 seq]

830 2047 935 2086 seqq.
977 2036 1015 2070 in
1070 2033 1223 2072 Anistid.
1274 2035 1490 2076 Panathen,

830 2104 869 2156 Ρ
899 2094 977 2131 201
999 2097 1069 2127 etc.
1090 2092 1128 2127 in
1152 2085 1410 2139 Ἐπιταφίοις
1431 2097 1490 2128 et-

829 2148 906 2183 iam
918 2142 1363 2199 Ao'yozffiquibusnomina
1376 2161 1433 2198 pr
1423 2161 1491 2184 ιε·-

830 2203 1001 2253 figuntur
1033 2202 1299 2241 Demosthenis
1331 2211 1367 2240 et
1407 2205 1490 2256 Ly-

830 2262 919 2297 siae.
924 2261 947 2279 “
983 2260 1203 2297 Vale-ken.
1234 2283 1287 2288 ——-
1317 2262 1360 2296 In
1382 2273 1489 2318 seqq.

833 2330 853 2352 e
873 2318 1090 2353 Florentino
1122 2318 1279 2368 aliisque
1308 2315 1395 2354 dedi
1416 2320 1490 2356 οὑ-

830 2373 890 2412 τοί
929 2385 1039 2422 φασι,
1080 2374 1145 2410 ubi
1176 2372 1368 2414 Schaefer
1400 2386 1490 2409 cum

832 2429 964 2466 matth.
990 2429 1089 2480 φασὶ
1107 2431 1230 2470 οὑτοι.
1288 2431 1346 2467 Ac
1372 2431 1488 2480 paulo

831 2494 915 2537 post
936 2499 1046 2523 voces
1065 2489 1183 2526 τοῦτο
1204 2483 1276 2537 μὲν
1293 2493 1381 2523 ante
1394 2483 1488 2524 τού-

831 2558 926 2588 τους
964 2544 1155 2580 immerito
1194 2556 1243 2579 ex
1271 2556 1350 2579 uno
1386 2543 1488 2579 San-

829 2600 938 2636 crofti
959 2599 1089 2636 codice
1111 2599 1235 2636 omisit
1245 2598 1483 2648 Schafferus,

830 2668 945 2707 quem
979 2654 1113 2696 Matth,
1155 2662 1191 2692 et
1227 2654 1394 2693 Bekker.
1423 2669 1485 2693 se-

831 2718 1012 2763 quuntur.
1067 2710 1163 2747 Mihi
1189 2719 1401 2749 ceterorum
1434 2713 1485 2749 li·-

829 2769 985 2805 brorum
998 2769 1197 2806 auctoritas
1215 2776 1403 2820 praestare
1425 2770 1486 2807 vi·-

830 2824 1004 2862 debatur.

1129 2883 1179 2921 16
1199 2878 1222 2906 *

1489 625 1572 669 704
