1839 3292
385 242 453 278 DE
481 240 607 278 VITA
636 239 710 277 ET
739 238 975 277 SCRIPTIS
1005 239 1286 282 HERODOTJ.
1488 247 1573 289 417

98 365 175 406 qua
195 360 231 391 et
250 354 456 389 Hecataeus
485 352 679 403 scripserat
700 350 880 388 Milesius.
935 349 998 387 Ad
1029 349 1140 389 huius
1164 353 1402 403 potissimum
1429 365 1466 396 et
1486 373 1571 399 ora-

97 410 208 447 tionis
235 416 272 446 et
298 410 449 458 linguae
479 410 666 445 rationem
685 421 764 445 sese
785 407 1077 445 conformaverit
1096 422 1248 446 necesse
1279 418 1353 460 est3
1398 427 1572 468 quaeque

97 471 244 503 exstant
261 466 439 501 Hecataei
458 465 670 515 fragmenta
683 493 695 513 ,
733 476 915 513 magnam
944 463 1148 502 ostendunt
1176 467 1370 519 utriusque
1388 475 1572 512 sermonis

95 520 420 560 similitudinem.“
477 522 686 559 Subiiciam
705 518 761 556 his
792 521 966 556 Creuzeri
995 521 1110 558 verba
1128 522 1168 557 in
1187 522 1366 573 fragium.
1386 525 1573 568 historico.

96 591 137 628 p.
177 579 248 617 18:
306 579 484 627 „Etenim
516 575 732 614 Eustathius
762 574 810 613 ad
841 577 997 613 Homer.
1026 577 1071 614 11.
1098 579 1116 613 I
1143 591 1182 627 p.
1214 581 1240 618 7
1283 581 1396 620 Basil.
1424 590 1462 621 et
1499 587 1572 624 alia

97 633 260 684 disputat
282 641 317 671 et
337 633 430 670 illud
452 633 576 670 addit:
607 632 821 670 Herodotum
842 631 1050 682 Pherecydis
1071 639 1107 670 et
1127 632 1303 672 Hecataei
1326 638 1366 674 in
1394 642 1572 680 orationis

95 702 236 740 genere
263 691 424 726 similem
453 703 544 726 esse.
601 687 710 733 Quod
730 689 785 724 uti
813 700 891 724 non
912 689 1078 738 praecise
1105 693 1339 741 negaverim,
1374 696 1427 732 ita
1446 699 1573 737 nullus

98 745 257 790 dubito,
285 748 316 783 si
334 746 509 783 Hecataei
527 745 681 796 quidam
708 744 804 780 liber
833 744 981 797 integer
1002 751 1144 793 exstet,
1185 747 1350 797 plurima
1379 761 1572 803 repertum

95 802 163 850 iri,
195 801 297 838 unde
326 802 477 852 patefiat
496 802 703 851 elegantior
724 798 878 852 quidam
912 801 1055 848 cultus,
1093 815 1208 853 quem
1235 807 1405 854 prosaica
1432 811 1572 850 Ionum

96 859 215 895 oratio
234 857 405 895 Herodoti
422 858 575 894 artificio
598 856 774 897 debeat.“
833 857 937 903 Quae
956 864 998 894 ut
1020 859 1212 896 verissima
1232 860 1417 912 disputata
1437 866 1572 905 viden-

95 921 178 961 tur,
209 915 260 950 ita
287 915 430 962 laegeri
457 915 562 950 illam
593 914 840 962 sententiam,
861 913 935 965 qua
959 913 1086 951 Carica
1118 916 1356 956 Herodotum
1377 924 1573 963 contendit

93 983 207 1007 usum
236 983 314 1007 esse
345 970 530 1018 dialecto,
560 983 639 1006 non
665 968 810 1017 habeo,
840 971 975 1021 quibus
1005 973 1212 1010 accuratius
1242 976 1415 1024 probem,
1470 980 1574 1019 Nihil

95 1025 274 1074 dubium,
316 1028 406 1078 quin
423 1055 433 1074 ,
479 1025 554 1078 quii
575 1033 695 1063 aetate
714 1033 820 1076 pater
838 1025 1014 1063 historiae
1033 1029 1197 1078 scripsit,
1227 1032 1364 1069 Ionum
1391 1034 1574 1076 dialectus

93 1083 261 1119 maxime
288 1084 388 1119 culta
416 1089 451 1119 et
479 1090 684 1133 propagata
714 1082 847 1129 fuerit,
878 1081 980 1119 uude
998 1083 1154 1133 factum,
1185 1092 1226 1123 ut
1249 1094 1285 1124 et
1303 1090 1516 1131 Hemdotus
1536 1102 1574 1132 et

95 1139 178 1185 alii,
211 1151 304 1190 quos
331 1152 443 1189 supra
457 1140 664 1187 nominavi,
684 1139 748 1174 illa
767 1145 961 1175 uterentur
985 1153 1135 1177 necesse
1152 1149 1258 1180 esset.
1280 1140 1320 1193 ᾗ)
1377 1148 1477 1186 Hinc
1510 1152 1572 1188 vel

93 1195 324 1243 Hellanicus,
346 1196 411 1246 qui
430 1194 614 1232 Herodoti
632 1208 769 1245 suppar
784 1202 970 1244 censetur,
1000 1197 1169 1233 Ionicam
1189 1198 1391 1239 dialectum
1410 1204 1450 1241 in
1468 1206 1572 1245 libris

94 1252 169 1288 suis
188 1253 405 1301 praetulisse
428 1251 596 1300 videtur3
628 1252 767 1303 quippe
792 1252 896 1288 cuius
921 1252 960 1287 in
978 1252 1199 1302 fragmentis
1230 1255 1354 1295 adhuc
1384 1261 1573 1311 quaedam

94 1321 286 1358 superesse
307 1307 436 1344 dicunt
455 1309 573 1344 ionici
599 1309 780 1345 sermonis
800 1309 977 1357 vestigia3
998 1304 1067 1354 ἢ)
1100 1310 1190 1361 quid
1218 1313 1323 1363 quod
1341 1315 1574 1370 Pherecydis

93 1362 266 1401 historias
297 1363 433 1401 eodem
458 1366 598 1401 Ionum
627 1376 803 1401 sermone
834 1365 1061 1414 conscriptas
1087 1379 1165 1402 esse
1186 1368 1297 1406 valde
1321 1370 1363 1408 fit
1391 1376 1574 1423 probabi-

93 1420 130 1457 le
147 1417 165 1457 ?
187 1416 287 1468 *²³³5
316 1422 374 1456 De
393 1423 581 1458 Hecataeo
601 1421 744 1457 Milesio
760 1421 846 1457 satis
860 1427 1044 1457 testantur
1063 1423 1264 1476 reliquiae3
1294 1433 1330 1462 et
1350 1427 1486 1468 diserte
1495 1439 1573 1470 tra..

96 1475 150 1512 dit
170 1477 428 1526 Hermogenes
449 1477 496 1513 de
515 1477 611 1514 Ideis
627 1478 662 1512 ΙΙ
678 1490 716 1526 p.
739 1475 818 1516 513
847 1476 907 1527 †),
936 1479 1172 1515 Hecataeum
1191 1493 1304 1518 usum
1323 1496 1401 1520 esse
1420 1501 1466 1540 τῃ
1486 1489 1573 1528 δια,

94 1530 214 1585 λέκτςῡ
236 1528 390 1585 ἀκράτῳ
411 1528 514 1572 Ἰάδι
530 1564 540 1582 ,
580 1532 819 1569 Herodotum
838 1545 927 1570 vero
944 1534 1104 1587 ποικίλῃ
1132 1536 1158 1573 i.
1179 1550 1213 1577 e.
1235 1539 1354 1575 multis
1380 1546 1574 1584 orationum

85 1589 223 1640 figuris
242 1592 275 1625 et
296 1591 446 1625 numeris
465 1592 667 1637 variegata,
702 1595 744 1625 ut
764 1589 926 1639 explicat
948 1590 1179 1642 Wesseling.
1198 1594 1292 1631 Diss.
1311 1597 1454 1638 Herod.
1476 1602 1514 1637 X
1534 1615 1573 1652 p,

97 1644 188 1692 146,
216 1645 278 1681 vel
297 1646 439 1695 potius,
469 1647 583 1682 mixta
602 1647 628 1684 i.
651 1658 686 1686 e.
711 1657 790 1682 non
810 1658 904 1695 pura
924 1647 1070 1695 Ionica,
1099 1647 1167 1685 sed
1187 1651 1349 1700 variata,
1377 1654 1455 1692 aliis
1476 1659 1574 1707 epici

94 1707 132 1736 et
150 1701 312 1750 vulgaris
336 1702 518 1739 sermonis
538 1702 668 1739 formis
689 1701 880 1739 admixtis.
936 1702 1052 1753 Apud
1082 1703 1196 1743 Phot.
1225 1707 1319 1745 eod.
1338 1710 1411 1747 LX
1438 1726 1475 1762 p.
1505 1714 1572 1755 59,

93 1751 276 1807 Ἰωνικῆς
300 1756 500 1797 διαλέκτου
532 1755 666 1798 κανών
700 1765 857 1796 vocatur
885 1758 1121 1809 Herodotus,
1151 1768 1189 1798 et
1212 1775 1234 1799 a
1261 1765 1418 1817 Dionys.
1448 1771 1573 1809 Halic.

92 1813 210 1863 Epist.
240 1812 289 1849 ad
319 1815 387 1852 Cn.
418 1815 557 1866 Pomp.
590 1815 642 1851 VI
672 1828 710 1865 p.
734 1814 816 1854 775
846 1814 974 1854 Reisk.
993 1811 1124 1863 Ἰάδος
1143 1814 1303 1869 ὄῖριστος
1323 1820 1470 1864 κανών.
1526 1828 1573 1864 In

94 1870 256 1919 sepulcri
277 1870 517 1921 inscriptione
547 1877 675 1908 autem
701 1869 916 1909 Herodotus
943 1879 1100 1910 vocatur
1115 1869 1251 1923 Ἰάδος
1275 1872 1439 1932 ἀρχαίης
1466 1881 1574 1923 ἱστο-

96 1922 184 1977 ρίης
202 1922 406 1977 πρύτανις.
1383 1940 1385 1942 ·

208 2013 312 2058 Quae
333 2027 451 2065 quum
480 2015 531 2051 ita
550 2015 644 2062 sint,
663 2028 817 2069 ,operae
845 2027 934 2052 sane
953 2017 1139 2067 pretium,
1173 2022 1381 2061 accuratius
1410 2025 1452 2061 in
1472 2039 1570 2077 eam,

95 2082 193 2121 quae
212 2069 419 2107 Herodotei
438 2072 620 2108 sermonis
639 2071 765 2120 fuerit,
798 2071 962 2109 formam
982 2074 1185 2126 inquirere.
1242 2078 1366 2122 Quem
1387 2083 1489 2119 enim
1506 2085 1573 2120 Io-

96 2127 182 2163 nica
197 2125 355 2165 dialecto
375 2128 560 2180 scripsisse
576 2126 753 2178 diximus,
772 2128 802 2166 is
813 2126 1111 2183 haudquaquam
1130 2133 1171 2169 in
1191 2135 1366 2173 omnibus
1381 2137 1434 2175 ita
1451 2147 1571 2179 certas

188 2314 221 2357 ³)
245 2314 325 2349 Vid.
349 2315 487 2360 Dionys.
512 2315 621 2351 Halic.
645 2316 693 2350 VI
718 2328 750 2361 p.
777 2318 853 2352 864.
878 2318 929 2362 (p.
956 2319 1030 2353 146.
1058 2319 1160 2364 147)=
1185 2319 1222 2354 οἱ
1239 2320 1279 2355 δὲ
1302 2320 1375 2367 πρὸ
1399 2325 1466 2358 τοῦ
1499 2327 1572 2361 Πε-

96 2360 386 2403 λοποννησιακοῦ
413 2359 602 2404 γενόμενοι
628 2361 789 2405 πολέμου
818 2363 879 2397 καὶ
906 2363 1009 2407 μέχρι
1036 2365 1105 2398 τοῦ
1126 2365 1358 2402 Θουκυδίδου
1379 2374 1572 2414 παρεκτεί-

96 2415 224 2442 ναντες
242 2402 392 2447 ἡλικίας,
409 2404 539 2448 ὁμοίας
558 2405 661 2450 ἔσχον
679 2404 839 2448 ἅπαντες
857 2406 906 2449 ὤς
925 2408 983 2443 ἐπὶ
1004 2408 1046 2444 τὸ
1080 2410 1173 2445 πολὺ
1195 2412 1443 2458 προαιρέσεις·
1474 2417 1516 2451 οἵ
1532 2430 1573 2453 τε

95 2448 166 2492 τὴν
179 2447 284 2483 Ἰάδα
301 2451 535 2494 προελόμενοι
555 2452 762 2496 διάλεκτον,
794 2453 876 2498 τήν
910 2467 956 2489 τε
981 2467 1032 2489 το
1046 2458 1090 2495 ἴς
1122 2456 1232 2491 τότε
1262 2471 1309 2503 χρ
1322 2459 1400 2495 όνο
1413 2475 1454 2502 ις
1488 2475 1513 2505 μ
1526 2461 1571 2497 ά-

96 2496 166 2528 λισ
178 2507 228 2528 τα
263 2493 316 2528 οἷν
328 2497 356 2529 θ
368 2508 386 2529 ο
398 2497 420 2529 ὗ
432 2508 451 2530 σ
463 2510 514 2531 αν
544 2498 605 2531 καὶ
632 2499 667 2532 οὶ
683 2498 752 2543 τὴν
777 2497 934 2544 ἀρχαίαν
961 2498 1119 2536 Ἀτθίδα
1137 2502 1268 2548 μικροῖς
1295 2517 1398 2546 τινας
1419 2506 1572 2552 ἔχουσαν

97 2538 282 2584 διαφορὰς
299 2540 399 2585 παρὰ
419 2540 486 2586 τὴν
499 2539 607 2577 Ἰάδα
626 2557 656 2577 κ.
677 2558 708 2578 τ.
730 2547 760 2579 λ.

187 2608 246 2652 **)
271 2609 348 2644 vid.
374 2610 488 2644 Sturz.
511 2612 554 2645 ad
578 2613 745 2646 Hellanici
768 2614 919 2657 fragium.
944 2625 977 2658 p.
1005 2614 1049 2649 25
1074 2616 1146 2650 coll.
1169 2628 1204 2662 p.
1228 2616 1284 2652 44.
1313 2619 1390 2655 143.

188 2677 255 2720 '“j
281 2676 356 2710 Vid.
380 2677 494 2712 Sturz.
521 2679 563 2712 ad
585 2680 772 2724 Pherecyd.
796 2692 830 2726 p.
853 2681 898 2716 74
921 2692 994 2726 seq.

185 2743 229 2786 †)
255 2744 346 2777 locus
370 2745 444 2787 ipse
466 2744 514 2779 sic
536 2758 573 2780 se
595 2747 717 2781 habet:
745 2749 974 2792 (Hecataeus)
1000 2750 1045 2794 τῇ
1062 2749 1236 2797 διαλέκτῳ
1255 2750 1294 2787 δὲ
1313 2751 1459 2802 α’κροῖτῳ
1475 2753 1571 2792 Ἰάδι

96 2786 159 2822 καὶ
178 2787 222 2823 οὕ
245 2789 438 2834 μεμιγμένῃ
467 2789 690 2834 χρησάμενος
718 2792 808 2829 ου’δὲ
837 2792 931 2829 κατὰ
963 2792 1030 2830 τὸν
1055 2793 1262 2842 “Ηρο’δοτον
1288 2802 1431 2847 ποικίλῃ
1456 2797 1569 2848 ἧττόν

97 2831 191 2868 ἐστιν
211 2832 315 2869 ἕνεκα
336 2846 374 2878 γε
395 2834 522 2877 λέξεως
540 2836 730 2882 ποιητικός

155 2885 302 2922 Hierion
309 2895 378 2923 OT.
397 2884 465 2924 IV.
1213 2894 1269 2935 27
