1839 3292
539 209 834 247 URANIA.
892 210 1026 247 VIII.
1323 216 1401 254 181

162 318 416 371 ξανδρίδεω,
455 320 536 359 τοῦ
568 316 851 372 Θεοπόμπου,
894 320 974 360 τοῦ
1006 317 1283 371 Νικάνδρου,
1324 323 1405 361 τοῦ

159 386 402 436 Χαρίλλου,
450 387 531 426 τοῦ
570 382 805 437 Εὐνόμου,
844 387 922 426 τοῦ
963 384 1284 435 Πολυδέκτεος,
1323 388 1404 428 τοῦ

161 450 437 503 Πρυτάνιος,
496 455 575 494 τοῦ
635 450 963 505 Εὐρυφῶντος,
1030 456 1108 495 τοῦ
1168 450 1403 503 Προκλέος,

157 520 237 559 τοῦ
278 516 606 573 Ἀριστοδήμου,
662 520 740 561 τοῦ
769 515 1113 573 Ἀριστομάχου,
1158 522 1237 561 τοῦ
1267 521 1403 561 Κλεο-

158 585 305 636 δαίου,
379 589 457 628 τοῦ
494 584 680 636 “”’Υλλου,
757 588 835 628 τοῦ
887 583 1138 637 “Ηρακλεός·
1199 585 1283 628 ἐών
1329 590 1404 640 τῆς

128 649 301 707 3ἓτέρης
341 653 475 707 οἰκίης
511 654 597 693 τῶν
634 651 857 706 βασιλέων.
919 646 1042 695 οὗτοι
1072 652 1251 705 πάντες,
1286 652 1430 709 πλὴνΞ

156 723 244 762 τῶν
282 722 400 777 δυοῖν
434 721 521 761 τῶν
560 717 662 772 μετά
693 719 957 773 Λευτυχίδεα
996 719 1182 774 πρώτων
1221 725 1402 763 καταλε-

157 787 368 841 χθέντων,
418 787 460 828 οἱ
508 785 651 836 ἄλλοι,
701 787 894 841 βασιλέες
939 785 1136 841 ἐγένοντο
1175 785 1396 843 Σπάρτης.

0 835 90 879 ¹32
152 851 393 909 Ἀθηναίων
422 855 465 896 δὲ
493 851 741 908 ἐστρατήγεε
765 852 1043 905 Ξάνθιππος,
1076 853 1100 896 ὁ
1122 853 1395 909 Ἀρίφρονος.

149 918 224 970 Ὡς
256 921 301 964 δὲ
330 920 616 976 παρεγένοντο
650 922 692 971 ἐς
719 919 799 976 τὴν
823 921 1002 975 Αἴγιναν
1031 925 1165 964 πᾶσαι
1204 923 1249 965 αἱ
1286 927 1428 978 νῆες,5

1458 511 1540 551 682

1456 832 1500 860 lbi
1525 831 1593 859 dum
1618 831 1650 858 in
1678 839 1730 859 an-

1454 867 1532 892 coris
1566 868 1647 892 stant
1677 865 1728 892 du-

1456 908 1506 926 ces
1524 907 1542 926 a
1557 898 1667 932 legatis
1685 898 1730 925 10-

1457 941 1526 959 num
1567 931 1729 958 sollicitan-

1456 969 1516 1000 tur,
1544 968 1576 992 ut
1592 964 1697 991 Ioniae

153 988 358 1031 ἀπίκοντο
392 987 550 1030 Ἰώνων
587 987 761 1043 ἄγγελοι
801 987 844 1038 ἐς
885 986 933 1030 τὸ
973 990 1266 1042 στρατόπεδον
1304 993 1394 1032 τῶν
1450 998 1625 1026 liberandae
1650 999 1713 1025 ani-

148 1054 382 1110 Ἑλλήνων·
421 1059 463 1099 οἳ
492 1056 564 1099 καὶ
593 1056 634 1106 ἐς
671 1055 750 1110 τὴν
779 1053 990 1110 Σπάρτην
1021 1054 1151 1113 ὀλίγῳ
1181 1056 1397 1111 πρότερον

151 1123 317 1165 τούτων
346 1121 625 1178 ἀπικόμενοι,
657 1122 826 1165 ἐδέοντο
845 1124 1201 1178 Λακεδαιμονίων
1231 1125 1396 1168 ἐλευθε-

153 1192 260 1243 ροῦν
287 1189 365 1244 τὴν
393 1189 573 1246 Ἰωνίην·
602 1193 690 1232 τῶν
715 1189 789 1232 καὶ
811 1187 1047 1241 “Ηρόδοτος
1074 1191 1101 1234 ὁ
1129 1194 1396 1247 Βασιληίδεω

1457 1040 1535 1059 mum
1562 1031 1712 1059 adiiciant.

1455 1066 1506 1091 Sic
1524 1064 1627 1092 classis
1657 1064 1696 1091 ad

1454 1098 1560 1125 Delum
1578 1105 1674 1132 usque

1453 1134 1605 1167 provecta,
1632 1131 1727 1158 Grae-

1454 1166 1495 1191 cis
1520 1166 1555 1199 ob
1586 1168 1695 1191 metum

1454 1198 1648 1225 barbarorum
1684 1197 1727 1224 ul-

1453 1231 1549 1258 terius
1572 1232 1617 1259 ire
1643 1238 1727 1258 recu-

123 1251 221 1313 Ξῆν.
283 1259 325 1300 οἳ
354 1258 585 1300 στασιῶταί
621 1268 699 1312 σφι
725 1254 973 1311 γενόμενοι,
1005 1256 1293 1309 ἐπεβούλευον
1322 1259 1599 1302 θά-Ιοεᾶῡῑίὺυε·

153 1339 288 1367 νατον
329 1323 519 1378 Στροὶττι
564 1327 624 1381 τῷ
664 1325 772 1367 Χίου
809 1323 1031 1382 τυράννῳ,
1082 1324 1231 1376 ἐόντες
1263 1325 1399 1383 ἀρχὴν

154 1390 270 1435 ἑπτά·
305 1391 655 1448 ἐπιβουλεύοντες
686 1391 731 1433 δὲ
761 1387 820 1440 ὦς
850 1391 1035 1445 φανεροὶ
1064 1390 1278 1446 ἐγένοντο,
1314 1394 1399 1444 ἐξε-

151 1461 369 1508 νείκαντος
397 1460 474 1514 την
496 1459 753 1513 ἐπιχείρησιν
783 1457 880 1508 ἑνὸς
911 1462 997 1500 τῶν
1026 1458 1300 1514 μετεχόντων,
1327 1459 1401 1502 οὕ-

148 1543 207 1570 τω
238 1525 290 1581 δή
320 1527 363 1569 οἱ
380 1525 543 1577 λοιποὶ,
574 1526 618 1577 ἓξ
648 1524 809 1576 ἐόντες,
839 1523 1072 1580 ὑπεξέσχον
1102 1525 1148 1568 ἐκ
1175 1531 1251 1581 τῆς
1273 1528 1398 1578 Χίου,

147 1595 219 1639 καὶ
260 1595 302 1645 ἐς
332 1591 625 1648 Σπάρτ7]ν’τε
655 1592 888 1644 ἀπίκοντο,
930 1594 1004 1636 καὶ
1046 1591 1098 1649 δή
1128 1594 1204 1636 καὶ
1231 1594 1325 1637 τότε
1356 1594 1398 1646 ἐς
1413 1599 1454 1635 15

147 1661 226 1718 τὴν
254 1663 460 1717 Αἴγιναν,
500 1664 588 1704 τῶν
621 1659 838 1716 Ἑλλήνων
876 1659 1074 1716 δεόμενοι
1116 1665 1396 1706 καταπλῶσαι

91 1812 169 1850 τῶν
183 1809 297 1850 πέντε
314 1813 393 1850 τῶν
414 1806 664 1851 ὖστάτων.-
680 1810 742 1848 Ad

91 1880 203 1903 usum
235 1869 518 1919 praepositionis
553 1869 591 1903 in
620 1869 740 1905 verbis

92 1920 187 1973 μετὰ
214 1925 454 1974 Λευτυχίδεα
484 1925 584 1963 conf.
605 1923 738 1961 Matth.

93 1981 159 2016 Gr.
180 1980 243 2016 Gr.
266 1981 302 2025 ξ.
324 1982 389 2027 91,
415 1982 432 2019 1
452 1993 537 2030 pflg·
561 1979 652 2020 195.
682 1983 739 2017 De

91 2035 296 2085 Xanthifflm
321 2036 397 2073 vid.
431 2037 492 2082 VI,
522 2039 611 2076 131.
643 2037 740 2073 Cum

89 2104 184 2128 voce
203 2089 439 2138 Ξάνθιππος
462 2094 549 2128 Pott
569 2093 594 2128 l.
610 2093 634 2128 l.
653 2106 738 2143 pag.

89 2149 157 2183 LX
176 2156 378 2198 comparat,
402 2147 504 2199 qnod
526 2148 625 2198 apud
643 2150 741 2185 Cur-

90 2204 186 2239 tium
214 2206 282 2251 IX,
307 2207 356 2244 10
388 2211 506 2241 exstat
532 2206 738 2255 Zariaspes,

88 2260 212 2296 nobilis
234 2259 356 2297 Persa.
413 2263 511 2297 Nam
537 2260 647 2298 huius
668 2275 740 2298 no—

89 2317 199 2353 minis
226 2316 357 2352 eadem
395 2318 450 2354 vis
485 2330 527 2354 ac
566 2325 739 2368 potestas,

91 2384 178 2407 cum
210 2374 343 2409 vocula
374 2374 489 2410 subsit
528 2387 582 2424 esp
614 2388 642 2411 s,
664 2388 738 2425 asp,

93 2440 251 2477 equum
277 2428 488 2479 designans.

265 2517 354 2568 cap.
371 2519 564 2556 oxxxn.

148 2595 228 2632 τῶν
244 2593 309 2632 καὶ
329 2592 548 2645 ”Ηρο’δοτος
577 2595 596 2636 ὁ
617 2599 739 2634 Βασι-

92 2650 234 2699 ληίδεω
264 2645 341 2699 ἦν]
385 2654 538 2689 Huncce
578 2653 740 2690 Herodo-

88 2710 162 2742 tum
192 2719 235 2742 eo
266 2707 422 2744 consilio
453 2721 472 2744 a
494 2716 597 2758 patre
621 2708 740 2744 histo-

90 2762 166 2799 riae
181 2762 368 2799 nominari
379 2770 486 2814 putat
495 2763 740 2814 Dahlmann„

797 1816 897 1847 utne
914 1809 1076 1849 hominis
1097 1812 1249 1862 cognati
1267 1812 1452 1849 memoria

794 1867 966 1906 intereat.
1026 1868 1136 1913 Quod
1162 1882 1251 1905 sane
1284 1870 1449 1905 multum

794 1922 944 1960 videtur
968 1926 1178 1973 probabile,
1215 1938 1449 1976 quamquam

794 1980 899 2015 nulla
920 1980 991 2015 alia
1017 1979 1126 2017 huius
1146 1980 1327 2018 Herodoti
1337 1995 1449 2018 men-

795 2036 862 2072 tio.
898 2036 962 2072 Tu
984 2036 1069 2073 vide
1082 2038 1128 2073 sis
1151 2050 1302 2088 quoque
1322 2039 1448 2088 Heyse

794 2092 820 2127 l.
855 2092 881 2131 l.
916 2104 1003 2142 pag.
1038 2095 1104 2133 20.
1125 2115 1180 2120 —
1214 2095 1271 2129 De
1303 2093 1448 2140 Strattz}

797 2145 981 2183 Chlorum
1013 2155 1190 2199 tyranno,
1222 2150 1269 2186 cf.
1293 2150 1354 2197 IV,
1374 2151 1448 2189 138

797 2211 833 2240 et
855 2202 901 2240 de
913 2207 1074 2254 tyrannis
1088 2212 1180 2242 nott.
1198 2204 1245 2241 ad
1261 2206 1339 2252 VII,
1360 2207 1450 2244 137.

796 2260 982 2296 Voculam
1018 2256 1142 2311 ἄρχήν
1164 2260 1224 2297 hic
1245 2274 1333 2297 cum
1352 2262 1448 2296 Lar-

796 2314 911 2353 chero
931 2317 1121 2367 intelligo:
1161 2319 1273 2365 initio,
1296 2330 1385 2353 cum
1405 2329 1450 2352 a-

794 2372 861 2409 lias
882 2373 997 2423 vulgo
1017 2374 1088 2410 sit:
1114 2375 1256 2410 omnino.

852 2427 1134 2479 ἐξενείκαντος]
1176 2431 1231 2465 De
1260 2428 1450 2478 significa-

795 2485 898 2521 tione
928 2486 1032 2522 verbi
1070 2483 1250 2535 ἐκφέρειν
1289 2484 1368 2520 dixi
1400 2483 1448 2520 ad

793 2542 865 2585 ΙΙΙ,
885 2543 952 2590 71,
988 2541 1036 2578 ad
1056 2542 1215 2577 verbum
1234 2538 1449 2588 ὑπεξέσχον

794 2595 870 2633 vid.
892 2596 936 2643 V,
966 2600 1020 2637 72
1054 2598 1181 2648 ibique
1215 2602 1310 2632 nott.
1358 2597 1450 2633 Post

795 2665 928 2689 vocem
953 2649 1141 2704 Σπάρτην
1162 2665 1250 2689 cum
1266 2650 1449 2702 Schwgh.

797 2715 835 2744 et
846 2708 962 2744 Gaisf.
975 2709 1112 2744 inserui
1132 2723 1171 2747 τε
1193 2722 1212 2743 e
1233 2707 1316 2752 cod.
1333 2709 1445 2755 Flos„

797 2776 915 2817 quam
935 2765 1110 2803 voculam
1130 2765 1263 2817 reliqui
1279 2763 1364 2802 edd.
1377 2777 1447 2800 ue-
