1839 3292
40 316 171 345 dfantur.
186 317 320 346 Euentus

40 352 76 382 nb
88 352 256 386 neglectam
272 360 321 379 eo-

39 393 105 412 rum
123 386 319 413 custodiama

39 419 103 446 suis
130 420 244 447 civibus
269 427 319 446 ex-

39 457 201 480 coecatus:
235 453 319 481 ideo-

40 494 99 526 que
118 486 320 527 gliiApolloni—

42 520 100 548 atis
118 521 200 550 irati.

387 211 472 252 338

806 210 1273 247 HERODOTI

382 323 429 366 ἐκ
443 321 685 375 Λάκμωνος
710 319 867 373 οὔρεος
893 318 978 372 ῥέει
990 316 1061 359 διοὶ
1092 320 1167 372 τῆς
1194 316 1482 374 Ἀπολλωνίης
1510 319 1654 374 χώρης

378 390 420 441 ἐς
448 389 702 439 θάλασσαν,
741 384 1065 440 παρ”’ῼρικον
1098 384 1272 439 λιμένα·
1307 386 1382 436 τὰς
1412 386 1458 429 δὲ
1487 385 1652 437 νύκτας

376 456 662 513 ἀραιρημένοι
690 455 845 509 ἄνδρες
875 455 918 497 οἱ
943 453 1116 509 πλούτῳ
1147 469 1190 495 τε
1220 453 1294 496 καὶ
1322 453 1440 508 γένεϊ
1467 452 1653 510 δοκιμώ·
1709 455 1791 498 734

379 541 501 568 τατοι
529 527 619 567 τῶν
650 522 818 573 οἰστῶν,
868 517 992 566 οὗτοι
1023 519 1299 577 φυλάσσουσι
1329 520 1532 564 ἐνιαυτόν
1562 521 1655 565 ἔκα-

345 600 490 643 Ξστος.

549 593 646 647 περὶ
676 595 844 635 πολλοῦ
872 591 953 647 γὰρ
989 589 1041 647 δὴ
1062 594 1292 633 ποιεῦνται
1317 588 1656 646 Ἀπολλωνιῆται
1668 596 1712 631 55

374 659 427 704 τὰ
472 658 672 716 πρόβατα
712 664 875 713 ταῦτα,
920 660 966 703 ἐκ
1008 660 1284 713 θεοπροπίου
1324 657 1456 709 τινός.

376 727 521 786 ἄντρῳ
555 727 826 781 αὐλίζονται,
874 726 961 771 ἀπὸ
993 732 1067 783 τῆς
1098 726 1251 778 πόλιος
1290 726 1402 778 ἑκάς.

349 797 478 841 3τότε
508 795 531 842 ὁ
565 795 763 852 Εύηνιος
794 791 923 848 οὗτος
964 795 1256 853 αραιρημένος
1293 794 1524 850 ἐφύλασσε.

1523 658 1570 701 ἐν
1609 659 1656 702 δὲ

1463 726 1572 770 ἔνθα
1602 726 1656 782 δὴ

1582 797 1658 840 καί

380 882 480 910 κοτε
512 864 651 908 αὐτοῦ
680 863 1084 921 κατακοιμήσαντος
1115 864 1195 921 τήν
1224 863 1449 920 φυλακὴν,
1490 868 1657 919 παρελ-

329 1008 439 1046 detur
476 1020 555 1044 esse
584 1018 670 1057 pars
701 1017 881 1041 occasum
904 1018 992 1041 ver-

328 1079 390 1104 sus
411 1064 458 1101 ad
479 1077 585 1100 maie
609 1063 840 1112 prominens.
879 1057 994 1100 Λάκ-

330 1137 406 1174 μον
426 1128 537 1159 vocat
558 1119 695 1157 Strabo
712 1119 781 1155 VII
801 1131 888 1169 pag.
913 1120 993 1158 316

329 1193 360 1217 s.
382 1191 466 1229 pag.
489 1179 570 1217 486
591 1178 638 1213 Β.
687 1173 766 1212 Sed
794 1189 883 1212 cum
912 1176 990 1211 He-

330 1235 468 1273 ιοάοῒο
495 1232 618 1285 (apud
649 1245 765 1284 quem
787 1235 902 1269 etiam
925 1244 994 1282 pro

331 1288 558 1343 Λάκμωνος
586 1298 660 1327 tres
692 1289 804 1327 codd.
825 1285 997 1339 Λάκμο-

331 1353 420 1397 νος)
451 1349 540 1385 facit
561 1346 694 1398 Steph.
717 1348 880 1400 Byzant.
907 1359 938 1383 s.
959 1359 996 1384 v.

331 1419 421 1459 pag.
444 1405 539 1446 506

389 1457 491 1514 παρ’
528 1458 699 1512 ’Ώρικον
720 1462 732 1506 ]
797 1458 996 1511 Stephano

332 1522 430 1572 Byz.
460 1532 490 1555 s.
515 1531 553 1555 v.
577 1530 684 1586 pag.
729 1519 810 1558 769
844 1524 997 1554 auctore

335 1566 543 1614 dicendum
565 1572 588 1613 ό
605 1569 777 1643 Ὡρικός,
798 1574 861 1611 vel
883 1575 999 1610 etiam

334 1650 361 1684 ἠ
381 1631 549 1683 Ώρικος
570 1638 608 1667 et
626 1629 670 1671 τό
692 1626 871 1680 Ὠρικόν.
911 1632 969 1666 ΕΠ
948 1631 1001 1680 git

339 1690 386 1729 de
416 1688 475 1726 his
509 1690 644 1738 Poppo
693 1686 742 1723 ad
773 1662 1001 1739 Thucydid.

335 1749 365 1785 l.
386 1748 411 1784 l.
441 1758 528 1797 pag.
555 1747 646 1785 129·
704 1746 834 1795 Ipsum
851 1751 1004 1795 portum

338 1809 558 1842 memorant
579 1801 715 1839 Strabo
733 1830 743 1848 ‚
772 1801 1003 1852 Stephanus,

339 1859 512 1899 Eustath.
543 1858 591 1896 ad
611 1859 770 1910 Dionys.
791 1860 872 1899 398
887 1888 896 1906 ,
929 1859 1007 1895 alii.

340 1919 472 1956 Prima
500 1915 572 1953 fuit
592 1916 700 1965 Epiri
726 1916 815 1951 urbs
837 1916 905 1952 sita
925 1928 1005 1952 non

342 1977 458 2025 longe
479 1987 501 2010 a
521 1973 717 2009 Cerauniis
736 1973 944 2020 montibus,
965 1974 1006 2008 iu

342 2045 450 2070 mare
508 2043 630 2082 usque
685 2031 1007 2079 procurrentibus.

342 2087 469 2126 Hodie
487 2092 628 2124 vocant
646 2085 771 2127 Erico.
814 2088 914 2123 Nam
937 2100 1008 2122 ex-

344 2153 442 2185 stare
464 2143 643 2181 dicuntur
655 2145 787 2179 ruinae
803 2142 1006 2195 quaedam,

345 2209 500 2240 auctore
520 2201 772 2251 Pouqueville
794 2201 838 2250 (Ι.
864 2202 890 2238 l.
905 2202 922 2237 I
943 2214 1004 2251 cp.

344 2262 397 2300 21
422 2272 461 2309 p.
485 2259 563 2298 193
585 2270 665 2308 seq.
696 2270 794 2295 vers.
819 2257 1006 2304 vernam),

346 2328 424 2353 uno
450 2314 604 2351 milliari
637 2314 865 2364 alteriusque
894 2314 1009 2351 dimi-

348 2372 412 2410 dio
442 2377 614 2408 remotae
647 2383 669 2406 a
694 2373 859 2408 Ducates
888 2383 1008 2422 prope

349 2429 456 2468 Porto
489 2427 679 2477 Ragusec),
717 2429 783 2479 qui
802 2429 880 2479 ipse
901 2434 1009 2465 vete-

349 2487 396 2524 ris
418 2486 518 2523 Orici
543 2492 673 2536 portus
699 2484 813 2522 fuisse
843 2491 1009 2536 putatur.

350 2543 461 2579 Conf.
490 2543 680 2578 Mannert.
701 2542 771 2579 VII
804 2555 891 2593 pag.
913 2542 1010 2582 407.

348 2597 570 2636 Tzschuck.
592 2597 641 2636 ad
659 2599 749 2636 Mel.
765 2600 823 2647 ΙΙ,
856 2599 941 2643 ὃς.
962 2600 1012 2638 12

349 2663 446 2692 nott.
468 2668 605 2707 exegg.
626 2656 711 2697 Vol.
732 2656 1012 2706 111P.11pag.

353 2711 452 2752 345.

410 2765 661 2818 φυλασσουσι
701 2765 886 2810 ἐνιαυτόν
925 2782 1013 2807 εκα-

353 2825 457 2875 στος]
499 2825 746 2875 „Custodiam
784 2839 848 2878 per
881 2837 1012 2863 annum

1048 1004 1210 1053 singuli,
1233 1017 1367 1040 eorum
1386 1017 1547 1056 nempe,
1582 1004 1649 1056 qui
1667 1002 1716 1041 ad

1048 1061 1144 1098 illud
1166 1074 1305 1098 munus
1341 1075 1408 1112 per
1439 1063 1541 1099 vices
1569 1063 1717 1098 obeun-

1051 1117 1145 1155 dum
1166 1124 1289 1154 essent
1310 1119 1435 1165 electi,
1468 1120 1610 1155 civium
1631 1119 1718 1170 opi-

1051 1176 1120 1213 bus
1143 1183 1178 1212 et
1206 1187 1346 1225 genere
1380 1176 1644 1226 potentissimi.
1672 1176 1719 1211 In

1050 1233 1252 1282 Excerptis
1293 1245 1314 1267 e
1350 1232 1511 1269 Conone
1552 1233 1718 1282 legitur:

1052 1292 1132 1329 τῶν
1154 1286 1194 1328 δ’
1217 1288 1426 1338 ἐπιφανῶν
1448 1283 1502 1340 ἦν
1523 1287 1547 1328 o‘
1563 1283 1720 1339 Πειθή-

1053 1361 1141 1393 νιος
1161 1344 1228 1385 καὶ
1238 1341 1326 1385 ὅσοι
1342 1342 1454 1385 ἄλλοι
1472 1345 1514 1385 ἐκ
1526 1346 1718 1396 διαδοχῆς

1054 1406 1134 1442 τῶν
1186 1403 1304 1451 ἱερῶν
1345 1399 1452 1453 εἶχον
1500 1398 1717 1453 προβάτων

1054 1457 1128 1511 τὴν
1183 1458 1450 1510 ἐπιμέλειαν.“
1520 1458 1719 1497 Valcke—

1053 1530 1174 1555 naer.
1233 1518 1291 1552 De
1327 1517 1445 1554 verbo
1487 1511 1720 1564 αὐλίζεσθαι

1054 1574 1156 1612 conf.
1177 1573 1264 1609 VIII
1281 1603 1290 1620 ‚
1322 1576 1361 1614 8.

1115 1626 1511 1681 κατακοιμήσαντος]
1545 1631 1602 1666 Ita
1632 1641 1721 1666 om-

1058 1701 1125 1724 nes
1139 1686 1263 1734 codd„
1287 1689 1351 1738 qui
1372 1687 1489 1723 iidem
1502 1687 1600 1723 infra
1621 1699 1722 1738 quo-

1061 1758 1135 1797 que
1174 1759 1340 1783 κατακοι
1352 1760 1378 1795 μ
1390 1740 1416 1794 η’
1428 1756 1550 1782 σαντα
1566 1773 1575 1790 ,
1616 1741 1723 1795 quod

1062 1800 1242 1853 equidem
1263 1814 1351 1837 cuni
1372 1807 1529 1841 recentt,
1551 1801 1723 1836 retinen-

1063 1858 1158 1895 dum
1191 1859 1296 1895 duxi.
1355 1859 1461 1894 Unus
1495 1855 1724 1895 Schaeferus

1064 1915 1237 1952 exhibuit
1257 1930 1459 1965 κατακοιμ
1473 1914 1487 1953 ί
1501 1926 1644 1962 σαντος
1664 1920 1724 1951 at-

1062 1986 1136 2025 que
1176 1972 1558 2023 κατακοιμίσαντα,
1620 1969 1725 2023 quod

1060 2032 1139 2066 iam
1160 2028 1316 2066 Reiskio
1344 2036 1458 2081 atque
1485 2026 1727 2066 Valckenae-

1061 2088 1116 2123 rio
1137 2093 1295 2125 venerat
1313 2087 1352 2122 in
1373 2093 1544 2122 mentem
1565 2086 1618 2122 sic
1636 2097 1726 2122 ver-

1062 2144 1179 2181 tenti:
1213 2144 1276 2192 qui
1311 2155 1428 2179 somno
1450 2145 1584 2192 sopitus
1610 2143 1726 2179 ovium

1062 2200 1267 2249 neglexerat
1289 2199 1506 2246 custodiam,
1544 2197 1727 2250 quodque

1065 2259 1180 2294 etiam
1241 2256 1376 2306 probat
1431 2256 1725 2305 Wesselingius‚

1066 2326 1154 2350 cum
1175 2314 1291 2349 verbo
1308 2312 1600 2363 κατακοιμίζειν
1619 2313 1726 2349 locus

1065 2372 1111 2408 sit
1140 2370 1203 2406 ubi
1229 2370 1378 2418 vigiliae
1412 2369 1614 2406 dormiendo
1645 2372 1727 2406 tra-

1065 2429 1266 2474 mittuntur,
1286 2433 1378 2463 teste
1398 2427 1548 2463 Aelian.
1569 2426 1675 2462 Ν.Α.
1696 2426 1727 2473 1,

1070 2482 1135 2523 15.
1175 2484 1261 2530 XII⁷
1283 2486 1348 2524 22.
1371 2484 1436 2530 ΙΙΙ,
1456 2482 1520 2532 15,
1540 2483 1606 2519 ubi
1617 2484 1728 2520 inve-

1067 2541 1169 2576 nitur
1211 2541 1499 2591 κατακοιμίζειν
1532 2536 1607 2590 τήν
1647 2554 1728 2588 φυ-

1068 2593 1208 2646 λακήν.
1218 2599 1352 2648 Neque
1364 2610 1467 2643 vero,
1479 2603 1521 2632 ut
1531 2597 1629 2633 bene
1639 2608 1728 2632 mo-

1067 2655 1151 2690 nuit
1172 2652 1393 2704 Schweigh.
1411 2683 1420 2701 ,
1442 2652 1531 2690 hinc
1553 2652 1727 2700 efficitur,

1067 2710 1308 2748 Herodotum
1320 2713 1374 2748 uti
1384 2723 1462 2747 non
1472 2711 1636 2761 potuisse
1645 2722 1728 2747 ver-

1069 2769 1118 2804 bo
1139 2769 1387 2819 κατακοιμᾶν
1418 2767 1554 2804 eadem
1575 2766 1654 2802 fere
1675 2766 1728 2802 si-

1070 2825 1313 2877 gnificatione
1335 2824 1412 2879 *2¹²⁴*
1426 2822 1726 2875 κατακοιμίζειν.
