1839 3292
392 236 461 272 DE
490 233 615 272 VITA
646 232 720 269 ET
749 229 983 269 scmp‘ns
1012 231 1286 268 HERono‘rl.
1494 233 1579 274 425

102 349 216 388 stoire
235 354 272 386 et
285 346 441 384 matiere
462 343 509 382 de
529 344 649 395 grand
666 344 872 395 louange.“
902 341 1082 395 (Buchon
1103 342 1258 379 Collect.
1279 340 1316 382 d.
1352 340 1578 396 chroniques

103 407 154 444 T.
183 407 201 442 1
227 418 266 455 p.
289 406 326 445 1.
353 402 574 453 Prologue.)

765 547 802 592 ξ.
843 548 908 587 16.

211 651 290 687 Tot
322 649 434 700 igitur
455 648 602 686 dotibus
622 660 710 684 cum
730 654 882 684 ornatae
903 651 1025 683 essent
1052 646 1183 682 Musae
1211 644 1468 694 Herodoteae,
1498 659 1578 683 non

101 707 242 743 mirum
271 713 351 754 est,
389 706 468 742 illas
496 704 740 742 vehementer
766 704 948 753 placuisse
972 703 1125 738 Graecis
1151 701 1187 751 *)
1218 703 1459 754 multumque
1487 702 1578 739 inde

102 764 281 800 lectitatas
293 769 329 798 et
339 764 519 799 iuvenum
539 767 633 797 artes
653 761 823 797 liberales
844 759 1117 795 aemulantium
1137 759 1310 795 manibus
1325 760 1428 795 tritas
1444 760 1577 808 fuisse3

100 818 203 855 unde
222 819 386 866 factum,
418 825 459 854 ut
487 815 763 867 Theopompus
790 817 936 852 iuvenis
968 816 1063 851 mira
1086 815 1205 864 operis
1228 814 1427 851 dulcedine
1448 823 1577 865 captus

101 888 186 911 eam
214 888 328 925 quam
367 873 529 910 diximus
559 875 749 923 epitomen
784 873 985 909 conficeret
1015 870 1160 907 duobus
1187 872 1290 908 libris
1324 870 1578 921 comprehen-

98 943 179 968 sam
189 941 203 977 ‘3
224 929 276 980 **)
308 929 397 981 quid
418 929 522 981 quod
542 931 718 979 Hegesias
739 928 868 965 histrio
894 926 1076 964 Herodoti
1101 929 1225 964 Musas
1242 957 1251 974 ‚
1281 934 1323 964 ut
1352 927 1579 978 Herophau-

98 993 158 1023 tus
185 987 341 1022 Homeri
373 987 561 1034 carmina,
591 987 630 1021 iu
664 998 803 1035 magno
834 984 981 1021 theatro
1002 985 1174 1020 recitasse
1194 984 1325 1023 fertur.
1346 984 1419 1034 ***)
1478 985 1578 1021 Pro-

97 1043 189 1080 bant
219 1056 371 1094 quoque
411 1044 754 1079 Grammaticorum
786 1041 983 1078 doctorum
1005 1053 1139 1091 opera,
1172 1039 1218 1076 de
1245 1039 1437 1077 Herodoto
1461 1047 1497 1077 et
1529 1039 1577 1077 de

96 1098 224 1135 indole
245 1112 287 1135 ac
308 1106 441 1135 natura
462 1100 680 1135 elocutionis
696 1097 933 1134 Herodoteae
945 1097 1305 1144 commentantium3
1337 1110 1432 1147 quae
1446 1104 1577 1133 tamen

97 1154 147 1191 ad
166 1163 332 1191 nostram
360 1162 521 1191 aetatem
550 1168 627 1191 nou
649 1156 859 1205 pervenisse
881 1153 1064 1190 dolemus.
1121 1155 1254 1204 Neque
1284 1151 1331 1189 ad
1350 1166 1419 1189 nos
1439 1167 1577 1203 perve-

96 1218 235 1248 nerunt
250 1212 402 1249 Salustii
425 1213 662 1261 grammatici
697 1218 733 1246 et
752 1213 912 1247 Heronis
936 1211 1218 1256 commentarii,
1248 1208 1294 1245 de
1325 1211 1460 1260 quibus
1485 1210 1577 1246 Sui-

99 1266 164 1304 das
184 1281 214 1304 s.
233 1281 270 1305 v.
301 1266 541 1312 Σαλούστιος
562 1269 612 1306 Τ.
641 1269 694 1303 111
713 1281 750 1317 p.
774 1269 854 1307 276
881 1274 918 1303 et
936 1280 964 1303 s.
994 1262 1175 1317 v.‘'I:I9wv
1196 1267 1243 1302 T.
1259 1267 1295 1301 II
1315 1279 1354 1315 p.
1374 1268 1440 1306 79.
1498 1266 1576 1302 Su-

96 1331 253 1374 persunt
290 1330 436 1360 tautum
464 1325 608 1373 glossae
629 1322 837 1375 quaedam,
884 1336 904 1359 a
930 1323 1116 1372 prioribus
1141 1321 1343 1358 editoribus
1374 1324 1576 1372 separatim

98 1379 241 1427 editae,
272 1392 363 1430 quas
392 1393 460 1416 nos
480 1393 546 1416 suo
577 1393 743 1431 quasque
759 1381 842 1415 loco
862 1380 901 1414 in
923 1380 1165 1414 annotatione
1181 1379 1576 1415 commemoravimus.

96 1437 155 1472 De
181 1435 238 1473 his
255 1450 344 1473 vero
364 1437 415 1472 ita
433 1437 560 1472 statuit
576 1437 870 1485 VVesselingius:
901 1435 1027 1482 „Cum
1048 1433 1230 1470 Herodoti
1257 1436 1387 1470 Musae
1408 1435 1479 1471 alio
1499 1448 1576 1471 ser-

96 1505 216 1529 mone
237 1505 279 1529 ac
300 1493 434 1544 reliqui
450 1494 681 1529 Graecorum
700 1493 936 1538 fabulentur,
965 1504 1044 1527 non
1064 1491 1116 1527 illi
1147 1491 1274 1526 sollers
1296 1491 1577 1527 Grammatico-

95 1562 183 1584 rum
216 1561 305 1585 cura
335 1547 382 1584 ad
403 1548 685 1598 explanandum
717 1548 847 1585 defuit.
905 1547 1041 1585 Suidas
1070 1547 1244 1582 meminit
1261 1544 1577 1596 “Υηομνημα’των

96 1605 154 1651 εἰς
170 1602 390 1655 Ἠρόδοτον
411 1605 564 1642 Salustii
589 1604 788 1655 Sophistae
802 1612 838 1641 et
850 1605 1009 1640 Herouis
1023 1604 1139 1639 Attici
1154 1602 1325 1649 rhetoris,
1347 1605 1574 1653 argumenti,

94 1662 151 1697 uti
169 1662 355 1711 suspicor,
392 1663 509 1698 critici
529 1669 566 1698 et
585 1661 762 1700 historici.
817 1659 1085 1697 Philemonem
1106 1660 1404 1696 Grammaticum
1424 1658 1466 1698 ἐν
1477 1672 1576 1710 συμ-

96 1716 246 1768 μίκτοίς
265 1731 345 1754 non
366 1716 583 1754 dissimilem
603 1719 801 1755 instituisse
832 1730 1003 1767 operam,
1035 1715 1248 1767 Porphyrio
1279 1716 1428 1760 Quaest.
1457 1718 1573 1755 Hom.

93 1772 440 1810 VIIIhaudtemere
453 1774 654 1812 credimus.
681 1775 886 1825 Apollonii,
904 1773 1037 1810 itidem
1058 1773 1315 1819 Grammafici,
1338 1768 1574 1824 Ἐξηγήσεις

94 1832 280 1880 γλωσσῶν
300 1827 523 1878 Ἵ-Ιροδότου
540 1832 733 1881 exscripsit
743 1831 992 1882 Etymologus
1007 1831 1045 1865 in
1069 1825 1222 1878 Κωφός
1250 1836 1285 1864 et
1296 1824 1501 1877 Σοφιστής
1518 1828 1572 1879 (p.

95 1888 178 1926 722
189 1885 462 1938 s.p.655Lips.)
478 1888 581 1932 Quae
597 1888 751 1939 quidem
762 1887 809 1923 ad
820 1893 986 1922 nostram
998 1887 1028 1922 si
1044 1885 1573 1932 devenissentaetate1n‚tlocci

95 1953 176 1978 non
194 1942 359 1977 facerem
386 1940 603 1994 Ἵίροδότου
632 1943 765 1990 λέξεις,
797 1944 843 1979 ob
862 1941 1059 1978 oculoshic
1076 1943 1235 1991 positast,
1258 1942 1396 1992 quippe
1416 1943 1571 1989 ieiunas,

93 1999 307 2048 saepissime
328 1999 465 2036 alienas
486 2006 522 2036 et
551 2013 630 2036 non
650 2012 849 2050 nunquam
868 1999 1022 2035 insulsas
1047 2005 1083 2034 et
1104 1996 1294 2034 absurdas.
1352 1999 1574 2033 Memoran-

94 2059 157 2090 tur
183 2055 224 2090 in
252 2053 376 2092 indice
404 2056 518 2108 legati
545 2057 703 2094 Antonii
730 2054 896 2107 Eparchi
923 2056 974 2095 T.
1003 2056 1021 2091 I
1041 2055 1127 2093 Var.
1152 2055 1258 2093 sacr.
1275 2067 1315 2104 p.
1337 2053 1417 2094 528
1438 2052 1573 2104 steph.

183 2243 217 2287 *)
243 2245 388 2278 Graecis
411 2243 619 2289 displicuisse
640 2245 865 2279 Herodoteum
889 2255 984 2289 opus,
1010 2254 1093 2289 quos
1117 2243 1230 2287 plures
1252 2242 1332 2276 inde
1363 2242 1572 2286 vituperato-

94 2299 150 2322 res
173 2289 339 2324 invenerit
369 2302 466 2334 quam
490 2291 703 2332 laudatores,
734 2295 772 2324 ut
800 2296 966 2331 statuam,
1000 2302 1019 2323 a
1044 2301 1095 2322 me
1119 2290 1303 2333 impetrare
1326 2300 1391 2321 non
1424 2300 1572 2334 possum.

94 2334 143 2367 Et
166 2335 242 2368 vide
267 2348 354 2381 quae
376 2337 489 2379 Heyse
513 2336 534 2369 l.
558 2337 579 2369 l.
604 2349 638 2382 p.
657 2336 701 2370 44
725 2337 877 2382 disputat
901 2343 1019 2370 contra
1042 2335 1240 2368 Dahimann.
1263 2347 1295 2379 p.
1313 2335 1355 2368 31
1377 2346 1448 2379 seq.

200 2403 229 2446 ⁸)
270 2404 431 2438 Herodoti
467 2405 555 2449 quod
585 2405 675 2438 nulla
707 2406 798 2449 apud
828 2406 1001 2438 Platonem
1036 2404 1077 2436 fit
1111 2403 1255 2445 mentio,
1287 2403 1321 2435 id
1354 2403 1420 2436 noli
1444 2402 1571 2436 mirari.

95 2447 264 2492 Namque,
298 2450 364 2483 alia
386 2456 423 2482 ut.
445 2455 597 2491 taceam,
630 2456 723 2484 recte
746 2451 829 2484 illud
854 2452 931 2484 mihi
964 2452 1164 2484 observasse
1196 2449 1330 2481 videtur
1355 2450 1482 2481 Groen.
1506 2460 1572 2482 van

94 2493 285 2527 Prinsterer
301 2495 335 2527 in
357 2496 626 2540 Prosopograph.
654 2497 815 2529 Platonic.
840 2509 872 2540 p.
897 2498 941 2531 53
976 2496 1064 2539 apud
1088 2495 1261 2527 Platonem
1295 2500 1411 2537 poetas
1442 2495 1572 2537 saepis-

94 2539 199 2579 sime,
224 2551 342 2583 prosae
365 2541 546 2584 scriptores
568 2553 645 2574 raro
670 2543 844 2575 admodum
868 2541 1052 2581 nominari,
1077 2552 1138 2572 nec
1162 2540 1259 2573 aliam
1285 2551 1426 2580 causam,
1453 2551 1511 2572 cur
1529 2539 1572 2572 de

93 2584 267 2617 Herodoto
293 2586 388 2618 Plato
412 2587 563 2626 siluerit,
589 2588 712 2630 fuisse,
737 2588 791 2621 vel
815 2588 890 2620 inde
906 2588 952 2619 illi
976 2585 1113 2630 probari
1138 2585 1289 2625 videtur,
1314 2585 1402 2628 quod
1429 2586 1519 2618 obvii
1536 2585 1572 2618 in

92 2628 266 2663 Herodoto
276 2642 392 2664 versus
418 2633 502 2675 apud
527 2633 700 2666 Platonem
726 2633 962 2677 reperiantur3
987 2633 1034 2665 sic
1058 2630 1196 2663 Hesiodi
1218 2642 1337 2663 versus
1353 2631 1443 2675 Opp.
1471 2635 1505 2663 et
1529 2631 1570 2664 D.

92 2675 173 2715 282,
198 2676 255 2719 qui
290 2676 457 2720 reperitur
487 2678 575 2721 apud
607 2679 772 2712 Herodot.
797 2679 856 2718 VI,
881 2680 923 2712 86
947 2680 978 2719 ἓ.
1004 2678 1026 2710 3
1049 2675 1231 2719 respicitur
1265 2687 1285 2708 a
1308 2676 1451 2709 Platone
1471 2677 1570 2710 Polit.

92 2719 127 2753 II
149 2732 185 2765 p.
210 2721 277 2756 363
300 2721 344 2754 D.
369 2722 416 2754 Et
439 2724 526 2757 conf.
550 2724 675 2757 Herod,
698 2725 726 2766 I,
749 2724 792 2758 55
815 2736 888 2757 cuin
911 2724 1043 2756 Platon.
1062 2721 1163 2754 Polit.
1191 2721 1270 2754 VIII
1292 2732 1326 2765 p.
1346 2722 1412 2755 566
1435 2722 1478 2755 Ι).

184 2788 247 2831 m)
272 2788 349 2821 Vid.
373 2790 494 2823 Athen.
519 2790 601 2823 XIV
623 2803 657 2834 p.
674 2794 752 2826 620.
798 2790 867 2825 Ubi
889 2796 1010 2830 tamen,
1035 2792 1189 2822 monente
1213 2789 1396 2831 Creuzero,
1417 2801 1480 2835 pro
1503 2786 1570 2822 ‘H-

92 2830 250 2876 ροδότου
275 2834 422 2870 fortasse
444 2835 654 2870 scribendum
674 2835 864 2872 “Ησιόὸ”ου.
