1839 3292
545 197 1011 235 CALLIOPE.

1070 198 1088 234 I
1099 198 1151 236 X.
1397 201 1481 244 373

229 306 484 365 συγγνόντες
518 305 686 359 Πέρσαι
717 307 886 361 οἷ’χοντο
916 303 1191 356 ἀποστάντες,
1221 304 1482 360 ἑσσωθέντες

226 380 280 432 τῇ
317 372 465 430 γνώμῃ
513 372 623 427 πρὸς
642 372 799 428 Κύρου
821 387 830 396 ·
871 372 1016 428 ἄρχειν
1044 389 1088 416 τε
1118 374 1281 417 εἴλοντο
1311 373 1484 429 λυπρὴν

226 440 439 492 οἰκέοντες
478 445 664 497 μᾶλλον,
719 441 749 498 ἢ
799 440 983 485 πεδιάδα
1022 442 1268 497 σπείροντες
1313 438 1484 485 ἄλλοισι

223 508 461 553 δουλεύειν.

224 702 358 755 ἄρχειν
399 716 439 741 τε
475 701 626 741 εἵλοντο
665 699 824 753 λυπρήν

169 760 363 807 οἰκέοντες
382 780 437 786 -
461 755 692 806 δουλεύειν]
732 759 757 796 ἰ.
788 772 821 796 e.

167 820 337 867 imperare
370 815 567 851 maluerunt
602 818 736 852 tenuem
766 817 821 852 in-

167 873 312 909 colentes
350 875 500 919 terram,
547 884 650 921 quam
683 884 821 921 campe-

165 932 268 965 strem
293 927 515 978 fertilemque
547 929 694 964 colentes
736 928 820 964 aliis

165 987 303 1023 servire.
333 984 478 1020 Vocem
495 980 624 1034 λυπρή
631 998 651 1021 v
671 982 718 1020 de
739 985 818 1020 solo

166 1041 297 1091 gracili
335 1053 377 1076 ac
410 1041 516 1077 tenui
544 1042 679 1077 Noster
708 1039 819 1076 adhi-

164 1099 258 1145 buit,
278 1103 320 1133 ut
340 1098 495 1134 Homer.
521 1095 590 1135 Od.
619 1098 723 1144 XIII,
739 1096 818 1137 343

167 1153 214 1191 de
233 1152 374 1190 Ithaca.
398 1176 448 1182 ——
478 1154 570 1189 Post
593 1151 687 1189 haec
704 1153 819 1190 verba

164 1211 205 1246 in
220 1211 327 1247 nullo
347 1216 531 1261 quantum
547 1209 622 1246 scio
637 1208 821 1246 Herodoti

166 1265 298 1304 codice
320 1265 528 1318 quidquam
545 1266 704 1316 amplius
722 1266 820 1315 legi-

165 1330 228 1360 tur
245 1324 400 1374 ipseque
421 1323 504 1358 finis
521 1320 761 1358 historiarum
780 1323 818 1357 in

167 1378 395 1431 quibusdam
448 1377 638 1415 codicibus
684 1377 820 1415 diserte

165 1435 374 1473 indicatur:
428 1442 471 1471 ut
508 1447 597 1471 sane
633 1435 738 1471 nulla
774 1436 821 1471 sit

166 1505 296 1540 causa,
326 1505 392 1528 cur
421 1492 613 1541 epilogum
627 1490 820 1542 quendam

164 1550 347 1586 interiisse
371 1548 627 1584 existimemus
648 1561 820 1598 praeser-

165 1606 234 1643 tim
255 1617 344 1642 cum
364 1603 548 1641 Herodoti
574 1605 738 1641 narratio
760 1617 817 1652 eo,

163 1661 268 1699 unde
287 1674 422 1698 exorsa
436 1667 525 1708 erat,
548 1658 609 1697 hic
630 1662 738 1712 quasi
754 1674 817 1696 re—

164 1717 244 1755 dire
272 1717 468 1766 videatur,
514 1718 669 1754 consilio
703 1718 817 1755 totius

164 1776 287 1826 operis
318 1775 488 1824 expleto:
531 1787 648 1825 quam
674 1774 713 1810 in
735 1787 817 1810 rem

163 1833 314 1882 longior
333 1830 381 1868 ad
407 1830 446 1869 h.
466 1831 492 1867 l.
515 1838 636 1867 exstat
656 1837 818 1867 annota-

165 1889 216 1926 tio
236 1887 442 1937 Schoellfi,
479 1888 673 1926 vernaculi
700 1888 819 1925 inter-

878 702 1015 752 pretis:
1056 700 1176 736 immo
1194 699 1289 737 mihi
1308 700 1454 739 dudum
1466 704 1536 741 ob·

879 765 960 795 orta
979 764 1033 794 est
1054 757 1227 807 suspicio,
1260 771 1304 794 ea
1322 760 1414 809 ipsa,
1438 773 1532 811 quae

878 828 961 865 cap.
991 816 1069 854 122
1089 820 1256 861 exstant,
1286 816 1346 852 vel
1365 828 1383 851 a
1396 817 1535 853 Gram-

876 872 1015 908 matico
1035 869 1203 922 quodam
1220 870 1443 909 Herodoteis
1464 872 1533 910 ad-

876 935 960 964 suta
994 927 1055 965 vel
1086 927 1132 963 ab
1158 928 1238 978 ipso
1257 927 1451 966 Herodoto
1472 942 1534 966 re-

874 984 962 1021 licta
986 997 1064 1020 esse
1084 984 1307 1034 imperfecta
1326 992 1448 1022 morte
1459 987 1531 1023 sci-

874 1041 963 1078 licet
995 1053 1172 1091 oppresso
1203 1047 1316 1092 atque
1334 1041 1530 1093 impedito=

877 1110 953 1149 quo
978 1098 1104 1133 miuus
1133 1097 1309 1134 ultimam
1336 1096 1438 1135 hisce
1461 1097 1531 1136 ad-

876 1160 1047 1191 moveret
1072 1166 1246 1191 manum.
1305 1155 1531 1194 Commovet

875 1223 939 1246 me
966 1211 1090 1260 ipsum
1122 1218 1411 1261 argumentum,
1450 1212 1528 1263 ipsa

878 1267 1020 1314 oratio,
1064 1279 1161 1318 quae
1189 1268 1317 1304 nescio
1339 1267 1431 1320 quid
1457 1267 1529 1305 ha-

876 1323 940 1359 bet
969 1323 1190 1360 insolentius
1222 1336 1265 1360 ac
1293 1323 1441 1373 durius,
1471 1326 1529 1363 vi-

877 1378 1014 1415 dentur
1050 1380 1258 1416 sententiae
1292 1382 1530 1430 grammatici

875 1434 998 1472 seduli
1041 1434 1154 1485 opera
1195 1437 1356 1473 aliorum
1393 1439 1531 1489 scripta

877 1491 1114 1542 compilantis
1160 1493 1283 1541 potius
1329 1501 1530 1544 congestae

876 1561 993 1600 quam
1011 1561 1059 1584 ex
1071 1547 1256 1585 Herodoti
1271 1549 1425 1600 ingenio
1438 1564 1529 1601 pro—

874 1605 984 1643 latae.
1003 1603 1081 1641 Sed
1093 1605 1229 1642 cumin
1241 1604 1529 1645 hisceHerodoti

874 1662 977 1698 libris
988 1659 1092 1699 haud
1115 1674 1236 1712 pauca
1256 1670 1406 1701 exstent
1416 1677 1528 1700 men-

874 1716 934 1766 da,
966 1731 1063 1770 quae
1094 1719 1207 1755 libros
1235 1720 1344 1756 nobis
1363 1728 1527 1758 servatos

874 1775 1096 1826 antiquitate
1105 1783 1356 1826 praevertam,
1374 1775 1412 1814 h.
1429 1790 1528 1829 quo—

875 1844 949 1883 que
968 1832 1053 1868 loco
1073 1833 1164 1869 certi
1192 1831 1284 1884 quid
1303 1835 1529 1871 constituere

874 1886 985 1926 valde
1004 1888 1195 1925 lubricum
1216 1896 1329 1942 atque
1348 1903 1498 1943 anceps.

382 2107 583 2154 ‘HPOAO
591 2114 663 2155 To
674 2116 708 2154 Τ
747 2107 829 2152 ἽΣ
835 2111 1054 2152 ΤΟΡΙΩΝ
1081 2109 1209 2152 'ENA
1217 2112 1306 2152 ΤΗ.
