1839 3292
78 433 272 469 Attagffiusffc
293 435 352 469 15.]

77 469 196 500 quidem
215 468 353 502 aufugit:

77 502 292 536 'l‘imagenidas
313 503 340 542 [c

77 571 176 630 capite
186 569 320 605 plectun-

92 611 135 632 ur.

286 1112 353 1156 89

82 1178 248 1205 Artabazus
282 1184 343 1212 qua.

81 1212 133 1239 via
160 1219 278 1246 quoque
296 1219 358 1238 mo-

76 537 134 570 38.]
148 544 211 562 cum
223 540 351 564 cacteris

411 194 495 234 332

811 194 1275 233 HERODOTI

408 304 564 359 σανίην
594 304 639 346 οἱ
664 305 863 358 Θηβαῖοι,
893 302 1103 353 θέλοντες
1130 302 1351 347 ἐκδιδόναι
1367 303 1473 354 τούς
1499 303 1733 358 ἅνδρας.7ο

282 359 349 404 88
405 373 479 422 Ὡς
510 371 555 414 δὲ
586 368 874 424 ὥμολόγησαν
910 371 977 413 ἐπὶ
1007 370 1214 422 τούτοισι,
1242 370 1483 427 Ἀτταγῖνος
1513 372 1590 426 μὲν
1613 371 1676 415 ἐκ-

414 438 637 493 διδρήσκει
676 438 722 480 ἐκ
758 441 839 480 τοῦ
878 436 1060 489 ἄστεως·

409 509 589 564 χθέυτας
626 507 881 561 Παυσανίης
913 505 1100 549 ἀπέλυσε
1142 511 1215 562 τῆς
1257 508 1419 561 αἰτίης,
1459 506 1546 562 φάς
1595 510 1676 550 τοῦ

1118 440 1277 489 παῖδας
1318 440 1363 482 δὲ
1402 439 1539 483 αὐτοῦ
1571 438 1677 482 ἅπα-

384 578 637 631 Ξμηδισμοῦ
678 575 836 623 παῖδας
867 572 996 618 οὐδὲν
1027 573 1136 619 εἶναι
1165 577 1421 632 μεταιτίους.
1481 573 1585 624 τοὺς
1630 574 1677 617 δὲ

411 642 571 694 ἄλλους
613 641 777 696 ἄνδρας
811 641 915 693 τούς
956 642 1161 694 ἐξέδοσαν
1198 646 1242 687 οἱ
1274 646 1474 698 Θηβαῖοι,
1522 642 1566 684 οἱ
1595 639 1673 696 μὲν
1688 646 1732 681 75

411 712 589 756 ἐδόκεον
636 709 880 766 ἀντιλογίης
922 727 966 754 τε
1002 710 1230 766 κυρήσειν,
1280 711 1353 754 καὶ
1393 708 1445 765 δὴ
1489 708 1676 765 χρήμασι

410 780 701 824 ἐπεποίθεσαν
744 778 1029 822 διωθέεσθαι·
1062 777 1084 822 ὁ
1121 779 1167 822 δὲ
1197 778 1256 829 ὠς
1285 778 1527 832 παρέλαβε,
1564 776 1675 820 αὐτὰ
1732 782 1831 833 732ι

410 852 548 892 ταῦτα
580 845 831 900 ὑπονοέων,
870 846 952 902 τήν
981 846 1187 902 στρατιὴν
1217 847 1296 902 τὴν
1325 849 1413 889 τῶν
1443 842 1682 900 συμμάχων

412 916 589 960 ἅπασαν
630 912 784 969 ἀπῆκε,
835 914 906 957 καὶ
939 913 1130 965 ἐκείνους
1161 912 1336 969 ἀγαγών
1366 912 1407 962 ἐς
1437 912 1679 967 Κόρινθον,

413 983 645 1040 διέφθειρε.

412 1055 515 1109 βῃσι
544 1052 769 1108 γενόμενα.

507 1445 600 1496 cap.
625 1444 878 1482 Lxxxvm.

418 1526 565 1571 παῖδας
609 1520 728 1563 ου’δὲν
757 1520 859 1563 εἶναι
885 1537 1019 1574 μεται-

360 1582 487 1630 τίους]
535 1582 709 1629 „Delicta
737 1582 923 1618 scelerum
953 1593 1018 1616 au-

361 1646 481 1676 ctores
512 1640 645 1687 luunt3
689 1638 852 1674 infantes
874 1637 1021 1674 consilii

359 1697 520 1733 absolvit
538 1695 769 1732 innocentia.
800 1696 931 1732 Cicero
953 1707 1021 1729 ve-

358 1754 504 1790 rissime
534 1754 579 1789 N.
609 1754 657 1788 D.
688 1753 754 1799 111,
777 1755 842 1793 38.
899 1751 1020 1787 Multa

355 1810 478 1847 Faber
508 1810 671 1847 Semest.
699 1810 765 1855 111,
797 1809 863 1849 8.“
900 1807 1021 1844 Wes-

356 1881 373 1905 s
384 1881 400 1904 e
413 1867 528 1915 ling.
559 1867 591 1902 E
604 1878 708 1902 sacra
727 1866 912 1915 scriptura
924 1866 1022 1901 Lar-

358 1922 494 1961 cherus
511 1922 586 1959 huc
607 1929 817 1973 spectantes
833 1920 942 1958 affert
961 1921 1023 1956 lo-

361 1994 424 2017 cos
454 1982 660 2017 Deuteron.
684 1979 827 2026 XXIV,
852 1981 914 2018 16.
965 1978 1022 2013 E-

360 2036 467 2073 zech.
489 2038 626 2083 XVIII,
642 2039 709 2077 20.
758 2035 932 2072 Produnt
951 2047 1022 2070 au-

361 2101 439 2131 tem
460 2093 554 2131 haec
575 2106 696 2144 aeque
717 2100 830 2145 atque
844 2105 900 2139 ea,
924 2104 1021 2142 quae

360 2153 429 2200 IX,
452 2154 505 2191 79
535 2149 769 2202 produntur,
810 2149 1021 2186 Pausaniae

361 2210 534 2245 animum
566 2221 654 2244 vere
684 2208 888 2243 sublimem
918 2212 953 2241 et
974 2205 1020 2240 ab

363 2280 407 2303 ea
428 2266 615 2315 superbia,
639 2265 744 2300 cuius
760 2271 843 2314 post
865 2274 1021 2298 accusa-

364 2324 485 2370 batur,
507 2323 689 2361 alienum,
714 2342 760 2348 —
823 2318 886 2355 Ad
913 2331 1019 2369 seqq.

361 2381 593 2417 accusativos
632 2373 726 2424 τούς
769 2374 911 2422 ἄλλους
948 2373 1023 2413 ἅν-

362 2437 459 2490 δρας
472 2467 481 2484 ,
511 2432 604 2482 τούς
623 2441 695 2471 etc.
715 2435 816 2470 conf.
832 2433 876 2480 V,
901 2434 993 2472 103.

418 2509 592 2567 χρήμασι
625 2513 894 2554 ἐπεποίθεσαν
929 2511 1024 2549 διω-

363 2569 551 2623 θέεσθαι]
585 2569 876 2616 ἐπεποίθεσαν,
919 2565 1024 2619 quod

363 2630 500 2666 Portus
544 2634 771 2677 correxerat,
822 2624 1024 2671 Sancrofii,

364 2686 526 2721 aliorum
547 2684 658 2724 codd.
683 2684 904 2721 auctoritate
920 2693 1024 2717 nunc

364 2743 462 2777 bene
493 2744 706 2779 restitutum
740 2743 779 2778 in
800 2746 902 2777 tanta
920 2737 1023 2775 codi-

364 2811 454 2836 cum
485 2797 727 2837 dissensione.
784 2799 835 2834 Et
876 2794 1024 2833 dudum

722 985 868 1026 Ταῦτα
905 982 984 1038 μὲν
1020 982 1073 1026 τὰ
1116 982 1163 1025 ἐν
1205 983 1451 1036 Πλαταιῇσι
1484 980 1559 1024 καὶ
1594 979 1733 1037 &ij-80

518 1119 777 1175 Ἀρτάβαζος
817 1121 862 1164 δὲ
893 1119 916 1164 ὁ
958 1117 1231 1174 Φαρνάκεος,
1272 1115 1448 1172 φεύγων
1485 1113 1532 1157 ἐκ
1563 1119 1679 1159 Πλα-

415 1188 596 1241 ταιέων,
634 1190 708 1234 καὶ
737 1189 790 1245 δὴ
819 1190 892 1233 καὶ
921 1188 1069 1246 πρόσω
1101 1187 1276 1244 ἐγίνετο.
1331 1183 1612 1241 ’Λπικόμενον
1633 1182 1680 1227 δέ

1075 1407 1129 1444 ita
1155 1407 1312 1443 iusserat
1340 1403 1619 1455 Wesselingius
1637 1402 1739 1440 Diss.

1075 1463 1220 1501 Herod.
1239 1463 1296 1499 IX
1325 1475 1363 1513 p.
1389 1464 1482 1502 137.

1133 1538 1233 1582 αὐτοὶ
1256 1543 1381 1580 ταῦτα
1397 1537 1630 1589 ὑπονοέων]
1654 1538 1681 1576 i.
1697 1551 1734 1579 e.

1074 1613 1149 1638 eam
1165 1601 1276 1650 ipsam
1287 1599 1477 1647 concipiens
1494 1597 1734 1646 suspicionem,

1074 1657 1172 1694 velle
1194 1657 1272 1694 scil.
1295 1668 1356 1692 eos
1376 1653 1540 1705 pecunia
1555 1651 1680 1690 oblata
1693 1663 1735 1688 se

1076 1712 1311 1752 subtrahere.

1234 1803 1328 1854 Cap.
1345 1799 1568 1838 LXXXIX.

1133 1882 1201 1923 καὶ
1229 1880 1279 1934 δή
1309 1879 1376 1920 καὶ
1406 1879 1540 1932 πρόσω
1563 1873 1736 1930 ἐγίνετο]

1078 1941 1254 1977 Alterum
1273 1938 1354 1985 καὶ,
1368 1936 1471 1989 quod
1490 1935 1606 1984 vulgo
1620 1933 1736 1980 deest,

1078 1999 1204 2048 recepi
1225 2009 1314 2034 cum
1335 1992 1737 2043 Scllweigh.itemque

1079 2054 1238 2108 ἐγίνετο,
1270 2054 1375 2090 cuius
1404 2053 1488 2088 loco
1519 2049 1633 2098 vulgo
1654 2045 1738 2098 ἐγέ-

1078 2127 1178 2150 νετο.
1241 2111 1385 2148 Sensus
1412 2107 1466 2144 nil
1485 2105 1643 2143 dubius:
1676 2106 1738 2139 at-

1079 2181 1142 2218 que
1161 2169 1230 2204 iam
1262 2167 1402 2214 longius
1423 2167 1500 2200 erat
1516 2173 1736 2213 progressus.

1076 2226 1138 2260 Ex
1158 2222 1353 2260 Herodoto
1382 2227 1512 2257 autem
1544 2230 1612 2254 sua
1634 2229 1739 2253 sum-

1077 2282 1165 2318 sisse
1185 2281 1368 2328 Polyaen.
1386 2278 1467 2323 Vll,
1486 2278 1536 2316 33
1560 2276 1597 2319 ξ.
1620 2276 1644 2313 3
1667 2273 1738 2310 ob-

1078 2344 1201 2374 servat
1228 2335 1275 2372 ad
1304 2334 1343 2371 h.
1371 2335 1396 2371 l.
1417 2331 1665 2370 Valckenaer.
1685 2350 1733 2356 —

1079 2393 1142 2431 Ad
1171 2405 1332 2443 sequens
1351 2391 1475 2438 ξείνια
1496 2388 1597 2425 conf.
1612 2387 1657 2433 V,
1674 2388 1736 2426 18.

1079 2452 1143 2498 IV,
1182 2449 1273 2490 155.
1321 2449 1441 2484 Paulo
1472 2446 1569 2482 infra
1603 2442 1738 2492 reliqui

1082 2520 1171 2545 cum
1192 2503 1427 2555 Schweigh„
1446 2502 1564 2540 Gaisf.
1586 2507 1622 2537 et
1632 2497 1738 2536 Bek-

1080 2563 1175 2601 kero
1189 2561 1340 2607 ἐθέλοι,
1354 2562 1459 2599 cuius
1469 2561 1554 2596 loco
1571 2558 1632 2594 alii
1647 2553 1737 2594 ἐθέ-

1081 2624 1161 2669 λεις
1200 2622 1370 2671 itemque
1391 2613 1609 2669 ἐξηγόρευε,
1631 2613 1696 2650 ubi
1715 2625 1737 2647 e

1080 2678 1300 2715 Florentino
1313 2688 1435 2727 nuper
1443 2679 1638 2723 receptum
1659 2675 1737 2705 erat

1079 2729 1299 2787 ἐξαγόρευε.
1336 2735 1468 2783 Ipsum
1495 2729 1656 2766 verbum
1683 2731 1736 2760 at-

1080 2792 1149 2843 tigi
1178 2789 1226 2828 ad
1251 2791 1299 2839 ΙΙ,
1330 2792 1422 2830 170.
1480 2787 1600 2824 Usum
1618 2782 1736 2834 parti-
