<?xml version="1.0" encoding="UTF-8"?>
<!DOCTYPE html PUBLIC "-//W3C//DTD XHTML 1.0 Transitional//EN"
    "http://www.w3.org/TR/xhtml1/DTD/xhtml1-transitional.dtd">
<html xmlns="http://www.w3.org/1999/xhtml" xml:lang="en" lang="en">
 <head>
  <title>
</title>
<meta http-equiv="Content-Type" content="text/html;charset=utf-8" />
  <meta name='ocr-system' content='tesseract 3.04.00' />
  <meta name='ocr-capabilities' content='ocr_page ocr_carea ocr_par ocr_line ocrx_word'/>
</head>
<body>
  <div class='ocr_page' id='page_1' title='image "./musaeher04hero/musaeher04hero_0109.png"; bbox 0 0 1839 3292; ppageno 0'>
   <div class='ocr_carea' id='block_1_1' title="bbox 518 241 1028 278">
    <p class='ocr_par' dir='ltr' id='par_1_1' title="bbox 518 241 1028 278">
     <span class='ocr_line' id='line_1_1' title="bbox 518 241 1028 278; baseline 0.002 -1"><span class='ocrx_word' id='word_1_1' title='bbox 518 241 845 277; x_wconf 89' lang='lat' dir='ltr'><strong>URANIA</strong></span> <span class='ocrx_word' id='word_1_2' title='bbox 903 241 1028 278; x_wconf 87' lang='lat' dir='ltr'><strong>VIII.</strong></span> 
     </span>
    </p>
   </div>
   <div class='ocr_carea' id='block_1_2' title="bbox 1322 249 1402 288">
    <p class='ocr_par' dir='ltr' id='par_1_2' title="bbox 1322 249 1402 288">
     <span class='ocr_line' id='line_1_2' title="bbox 1322 249 1402 288; baseline 0.025 -2"><span class='ocrx_word' id='word_1_3' title='bbox 1322 249 1402 288; x_wconf 84' lang='lat'>101</span> 
     </span>
    </p>
   </div>
   <div class='ocr_carea' id='block_1_3' title="bbox 126 347 1401 406">
    <p class='ocr_par' dir='ltr' id='par_1_3' title="bbox 126 347 1401 406">
     <span class='ocr_line' id='line_1_3' title="bbox 126 347 1401 406; baseline 0.005 -16"><span class='ocrx_word' id='word_1_4' title='bbox 126 356 147 390; x_wconf 88' lang='lat'><strong><em>5</em></strong></span> <span class='ocrx_word' id='word_1_5' title='bbox 156 349 329 405; x_wconf 86' lang='grc' dir='ltr'><em>χόμενοι</em></span> <span class='ocrx_word' id='word_1_6' title='bbox 357 348 430 391; x_wconf 81' lang='grc' dir='ltr'>καὶ</span> <span class='ocrx_word' id='word_1_7' title='bbox 459 351 539 391; x_wconf 83' lang='grc' dir='ltr'>τοῦ</span> <span class='ocrx_word' id='word_1_8' title='bbox 564 347 750 404; x_wconf 85' lang='grc' dir='ltr'><em>χρόνου,</em></span> <span class='ocrx_word' id='word_1_9' title='bbox 801 348 942 400; x_wconf 79' lang='grc' dir='ltr'><em>ἐόντες</em></span> <span class='ocrx_word' id='word_1_10' title='bbox 967 348 1193 406; x_wconf 79' lang='grc' dir='ltr'><em>Ὀρνεῆται</em></span> <span class='ocrx_word' id='word_1_11' title='bbox 1221 352 1294 395; x_wconf 83' lang='grc' dir='ltr'>καὶ</span> <span class='ocrx_word' id='word_1_12' title='bbox 1330 368 1401 398; x_wconf 85' lang='grc' dir='ltr'>πε-</span> 
     </span>
    </p>
   </div>
   <div class='ocr_carea' id='block_1_4' title="bbox 151 417 323 472">
    <p class='ocr_par' dir='ltr' id='par_1_4' title="bbox 151 417 323 472">
     <span class='ocr_line' id='line_1_4' title="bbox 151 417 323 472; baseline 0 -13"><span class='ocrx_word' id='word_1_13' title='bbox 151 417 323 472; x_wconf 83' lang='grc' dir='ltr'><em>ρίοικοι.</em></span> 
     </span>
    </p>
   </div>
   <div class='ocr_carea' id='block_1_5' title="bbox 74 618 745 2861">
    <p class='ocr_par' dir='ltr' id='par_1_5' title="bbox 74 618 745 2861">
     <span class='ocr_line' id='line_1_5' title="bbox 95 618 745 673; baseline -0.002 -13"><span class='ocrx_word' id='word_1_14' title='bbox 95 623 249 660; x_wconf 87' lang='lat' dir='ltr'>formari</span> <span class='ocrx_word' id='word_1_15' title='bbox 278 635 385 673; x_wconf 90' lang='lat' dir='ltr'>posse</span> <span class='ocrx_word' id='word_1_16' title='bbox 410 633 552 670; x_wconf 83' lang='lat' dir='ltr'>negans</span> <span class='ocrx_word' id='word_1_17' title='bbox 583 618 745 670; x_wconf 82' lang='grc' dir='ltr'><em>ἕκδωρί-</em></span> 
     </span>
     <span class='ocr_line' id='line_1_6' title="bbox 96 675 741 730; baseline -0.012 -11"><span class='ocrx_word' id='word_1_18' title='bbox 96 681 173 727; x_wconf 81' lang='grc' dir='ltr'><em>ζειν</em></span> <span class='ocrx_word' id='word_1_19' title='bbox 206 693 329 730; x_wconf 87' lang='lat' dir='ltr'>neque</span> <span class='ocrx_word' id='word_1_20' title='bbox 356 675 658 727; x_wconf 76' lang='grc' dir='ltr'><em>ἐκδεδωρίσθαι,</em></span> <span class='ocrx_word' id='word_1_21' title='bbox 690 677 741 712; x_wconf 85' lang='lat' dir='ltr'>ita</span> 
     </span>
     <span class='ocr_line' id='line_1_7' title="bbox 95 731 743 787; baseline -0.006 -15"><span class='ocrx_word' id='word_1_22' title='bbox 95 743 137 773; x_wconf 92' lang='lat' dir='ltr'>ut</span> <span class='ocrx_word' id='word_1_23' title='bbox 156 749 289 783; x_wconf 89' lang='lat' dir='ltr'>unum,</span> <span class='ocrx_word' id='word_1_24' title='bbox 319 732 421 787; x_wconf 91' lang='lat' dir='ltr'>quod</span> <span class='ocrx_word' id='word_1_25' title='bbox 440 731 527 769; x_wconf 88' lang='lat' dir='ltr'>huic</span> <span class='ocrx_word' id='word_1_26' title='bbox 547 733 630 769; x_wconf 91' lang='lat' dir='ltr'>loco</span> <span class='ocrx_word' id='word_1_27' title='bbox 648 745 743 769; x_wconf 91' lang='lat' dir='ltr'>con-</span> 
     </span>
     <span class='ocr_line' id='line_1_8' title="bbox 95 788 742 838; baseline -0.003 -10"><span class='ocrx_word' id='word_1_28' title='bbox 95 793 245 838; x_wconf 85' lang='lat' dir='ltr'>veniat,</span> <span class='ocrx_word' id='word_1_29' title='bbox 287 797 398 827; x_wconf 90' lang='lat' dir='ltr'>restet</span> <span class='ocrx_word' id='word_1_30' title='bbox 430 789 588 826; x_wconf 86' lang='lat' dir='ltr'>verbum</span> <span class='ocrx_word' id='word_1_31' title='bbox 620 788 742 828; x_wconf 83' lang='grc' dir='ltr'><em>ε’κδω-</em></span> 
     </span>
     <span class='ocr_line' id='line_1_9' title="bbox 93 841 740 899; baseline -0.009 -13"><span class='ocrx_word' id='word_1_32' title='bbox 93 850 299 899; x_wconf 81' lang='grc' dir='ltr'><em>ριοῦσθαι,</em></span> <span class='ocrx_word' id='word_1_33' title='bbox 332 859 352 882; x_wconf 93' lang='lat' dir='ltr'>a</span> <span class='ocrx_word' id='word_1_34' title='bbox 369 858 460 882; x_wconf 81' lang='lat' dir='ltr'>voce</span> <span class='ocrx_word' id='word_1_35' title='bbox 483 841 640 896; x_wconf 71' lang='grc' dir='ltr'><em>Δώριος</em></span> <span class='ocrx_word' id='word_1_36' title='bbox 667 844 740 881; x_wconf 89' lang='lat' dir='ltr'>du-</span> 
     </span>
     <span class='ocr_line' id='line_1_10' title="bbox 93 902 740 940; baseline -0.003 0"><span class='ocrx_word' id='word_1_37' title='bbox 93 911 220 940; x_wconf 88' lang='lat' dir='ltr'>ctum:</span> <span class='ocrx_word' id='word_1_38' title='bbox 262 904 299 938; x_wconf 77' lang='lat' dir='ltr'>in</span> <span class='ocrx_word' id='word_1_39' title='bbox 328 902 548 938; x_wconf 68' lang='lat' dir='ltr'>Doriensium</span> <span class='ocrx_word' id='word_1_40' title='bbox 577 905 740 938; x_wconf 76' lang='lat' dir='ltr'>naturam</span> 
     </span>
     <span class='ocr_line' id='line_1_11' title="bbox 90 957 738 1006; baseline -0.006 -10"><span class='ocrx_word' id='word_1_41' title='bbox 90 959 202 996; x_wconf 76' lang='lat' dir='ltr'>veluti</span> <span class='ocrx_word' id='word_1_42' title='bbox 236 958 462 1006; x_wconf 77' lang='lat' dir='ltr'>degenerare;</span> <span class='ocrx_word' id='word_1_43' title='bbox 506 957 636 1005; x_wconf 61' lang='lat' dir='ltr'>lingua.</span> <span class='ocrx_word' id='word_1_44' title='bbox 672 959 738 1004; x_wconf 78' lang='lat' dir='ltr'>uti,</span> 
     </span>
     <span class='ocr_line' id='line_1_12' title="bbox 90 1013 737 1061; baseline -0.003 -10"><span class='ocrx_word' id='word_1_45' title='bbox 90 1016 238 1052; x_wconf 72' lang='lat' dir='ltr'>moribus</span> <span class='ocrx_word' id='word_1_46' title='bbox 283 1018 314 1050; x_wconf 78' lang='lat' dir='ltr'>et</span> <span class='ocrx_word' id='word_1_47' title='bbox 367 1015 539 1051; x_wconf 68' lang='lat' dir='ltr'>institutis</span> <span class='ocrx_word' id='word_1_48' title='bbox 587 1013 737 1061; x_wconf 75' lang='lat' dir='ltr'>Dorz‘cz&#39;s,</span> 
     </span>
     <span class='ocr_line' id='line_1_13' title="bbox 89 1066 737 1123; baseline 0 -16"><span class='ocrx_word' id='word_1_49' title='bbox 89 1069 414 1123; x_wconf 82' lang='lat' dir='ltr'>quemadmodum</span> <span class='ocrx_word' id='word_1_50' title='bbox 485 1066 737 1119; x_wconf 78' lang='grc' dir='ltr'><em>ἐκβαρβαρόω</em></span> 
     </span>
     <span class='ocr_line' id='line_1_14' title="bbox 89 1125 736 1177; baseline -0.002 -14"><span class='ocrx_word' id='word_1_51' title='bbox 89 1126 189 1177; x_wconf 86' lang='lat' dir='ltr'>apud</span> <span class='ocrx_word' id='word_1_52' title='bbox 211 1128 358 1164; x_wconf 88' lang='lat' dir='ltr'>Platon.</span> <span class='ocrx_word' id='word_1_53' title='bbox 386 1128 458 1175; x_wconf 83' lang='lat' dir='ltr'>Ep.</span> <span class='ocrx_word' id='word_1_54' title='bbox 476 1127 562 1162; x_wconf 86' lang='lat' dir='ltr'><strong>VIII</strong></span> <span class='ocrx_word' id='word_1_55' title='bbox 596 1139 633 1175; x_wconf 88' lang='lat' dir='ltr'>p.</span> <span class='ocrx_word' id='word_1_56' title='bbox 657 1125 736 1165; x_wconf 81' lang='lat'>353</span> 
     </span>
     <span class='ocr_line' id='line_1_15' title="bbox 86 1180 736 1232; baseline -0.002 -12"><span class='ocrx_word' id='word_1_57' title='bbox 86 1185 123 1220; x_wconf 94' lang='lat' dir='ltr'><strong>A</strong></span> <span class='ocrx_word' id='word_1_58' title='bbox 161 1184 246 1221; x_wconf 89' lang='lat' dir='ltr'>coll.</span> <span class='ocrx_word' id='word_1_59' title='bbox 275 1182 447 1232; x_wconf 88' lang='lat' dir='ltr'>Euripid.</span> <span class='ocrx_word' id='word_1_60' title='bbox 483 1182 601 1218; x_wconf 81' lang='lat' dir='ltr'>orest.</span> <span class='ocrx_word' id='word_1_61' title='bbox 641 1180 736 1221; x_wconf 72' lang='lat'>485.</span> 
     </span>
     <span class='ocr_line' id='line_1_16' title="bbox 86 1236 736 1290; baseline -0.003 -14"><span class='ocrx_word' id='word_1_62' title='bbox 86 1240 213 1290; x_wconf 88' lang='lat' dir='ltr'>Apoll.</span> <span class='ocrx_word' id='word_1_63' title='bbox 234 1239 360 1289; x_wconf 85' lang='lat' dir='ltr'>Tyan.</span> <span class='ocrx_word' id='word_1_64' title='bbox 381 1240 454 1288; x_wconf 90' lang='lat' dir='ltr'>Ep.</span> <span class='ocrx_word' id='word_1_65' title='bbox 472 1236 523 1277; x_wconf 81' lang='lat'>34</span> <span class='ocrx_word' id='word_1_66' title='bbox 544 1236 626 1285; x_wconf 90' lang='lat' dir='ltr'>(ubi</span> <span class='ocrx_word' id='word_1_67' title='bbox 640 1237 736 1288; x_wconf 82' lang='grc' dir='ltr'><em>βαρ-</em></span> 
     </span>
     <span class='ocr_line' id='line_1_17' title="bbox 87 1292 736 1347; baseline -0.009 -13"><span class='ocrx_word' id='word_1_68' title='bbox 87 1292 242 1347; x_wconf 81' lang='grc' dir='ltr'><em>βαρόω)</em></span> <span class='ocrx_word' id='word_1_69' title='bbox 264 1296 430 1346; x_wconf 85' lang='lat' dir='ltr'>itemque</span> <span class='ocrx_word' id='word_1_70' title='bbox 455 1294 623 1330; x_wconf 88' lang='lat' dir='ltr'>iocosum</span> <span class='ocrx_word' id='word_1_71' title='bbox 642 1292 736 1329; x_wconf 89' lang='lat' dir='ltr'>illud</span> 
     </span>
     <span class='ocr_line' id='line_1_18' title="bbox 86 1351 733 1399; baseline -0.006 -9"><span class='ocrx_word' id='word_1_72' title='bbox 86 1351 459 1399; x_wconf 79' lang='grc' dir='ltr'><em>πεφιλλιπιδῶσθαι,</em></span> <span class='ocrx_word' id='word_1_73' title='bbox 486 1357 577 1386; x_wconf 90' lang='lat' dir='ltr'>teste</span> <span class='ocrx_word' id='word_1_74' title='bbox 588 1351 733 1386; x_wconf 88' lang='lat' dir='ltr'>Kuster.</span> 
     </span>
     <span class='ocr_line' id='line_1_19' title="bbox 86 1406 730 1454; baseline -0.002 -11"><span class='ocrx_word' id='word_1_75' title='bbox 86 1406 134 1443; x_wconf 86' lang='lat' dir='ltr'>ad</span> <span class='ocrx_word' id='word_1_76' title='bbox 156 1406 260 1445; x_wconf 83' lang='lat' dir='ltr'>Suid.</span> <span class='ocrx_word' id='word_1_77' title='bbox 297 1420 326 1443; x_wconf 88' lang='lat' dir='ltr'>s.</span> <span class='ocrx_word' id='word_1_78' title='bbox 347 1420 383 1445; x_wconf 83' lang='lat' dir='ltr'>v.</span> <span class='ocrx_word' id='word_1_79' title='bbox 418 1407 580 1443; x_wconf 79' lang='grc' dir='ltr'><em>Φιλιππ.</em></span> <span class='ocrx_word' id='word_1_80' title='bbox 612 1406 665 1441; x_wconf 96' lang='lat' dir='ltr'>III</span> <span class='ocrx_word' id='word_1_81' title='bbox 693 1418 730 1454; x_wconf 91' lang='lat' dir='ltr'>p.</span> 
     </span>
     <span class='ocr_line' id='line_1_20' title="bbox 85 1460 730 1503; baseline -0.011 0"><span class='ocrx_word' id='word_1_82' title='bbox 85 1466 177 1503; x_wconf 87' lang='grc'>601.</span> <span class='ocrx_word' id='word_1_83' title='bbox 234 1462 343 1498; x_wconf 86' lang='lat' dir='ltr'>Unde</span> <span class='ocrx_word' id='word_1_84' title='bbox 370 1463 408 1498; x_wconf 93' lang='lat' dir='ltr'>in</span> <span class='ocrx_word' id='word_1_85' title='bbox 434 1460 614 1497; x_wconf 85' lang='lat' dir='ltr'>Herodoti</span> <span class='ocrx_word' id='word_1_86' title='bbox 647 1461 730 1497; x_wconf 91' lang='lat' dir='ltr'>loco</span> 
     </span>
     <span class='ocr_line' id='line_1_21' title="bbox 81 1516 730 1569; baseline 0 -14"><span class='ocrx_word' id='word_1_87' title='bbox 81 1517 344 1569; x_wconf 88' lang='lat' dir='ltr'>reponendum</span> <span class='ocrx_word' id='word_1_88' title='bbox 367 1525 492 1555; x_wconf 88' lang='lat' dir='ltr'>censet</span> <span class='ocrx_word' id='word_1_89' title='bbox 522 1516 730 1567; x_wconf 80' lang='grc' dir='ltr'><em>ἐκδεδωρί-</em></span> 
     </span>
     <span class='ocr_line' id='line_1_22' title="bbox 83 1573 730 1623; baseline -0.008 -10"><span class='ocrx_word' id='word_1_90' title='bbox 83 1589 215 1614; x_wconf 82' lang='grc' dir='ltr'><em>ωντοιι.</em></span> <span class='ocrx_word' id='word_1_91' title='bbox 272 1573 350 1612; x_wconf 85' lang='lat' dir='ltr'>Sed</span> <span class='ocrx_word' id='word_1_92' title='bbox 384 1574 468 1611; x_wconf 87' lang='lat' dir='ltr'>libri</span> <span class='ocrx_word' id='word_1_93' title='bbox 505 1575 631 1623; x_wconf 85' lang='lat' dir='ltr'>scripti</span> <span class='ocrx_word' id='word_1_94' title='bbox 667 1586 730 1608; x_wconf 89' lang='lat' dir='ltr'>re-</span> 
     </span>
     <span class='ocr_line' id='line_1_23' title="bbox 81 1630 728 1681; baseline -0.002 -14"><span class='ocrx_word' id='word_1_95' title='bbox 81 1631 277 1680; x_wconf 81' lang='lat' dir='ltr'><strong>fragantur</strong></span> <span class='ocrx_word' id='word_1_96' title='bbox 296 1660 306 1679; x_wconf 96' lang='lat'>,</span> <span class='ocrx_word' id='word_1_97' title='bbox 352 1644 373 1666; x_wconf 87' lang='lat' dir='ltr'>a</span> <span class='ocrx_word' id='word_1_98' title='bbox 410 1631 544 1681; x_wconf 89' lang='lat' dir='ltr'>quibus</span> <span class='ocrx_word' id='word_1_99' title='bbox 590 1630 728 1666; x_wconf 85' lang='lat' dir='ltr'>invitus</span> 
     </span>
     <span class='ocr_line' id='line_1_24' title="bbox 81 1685 729 1735; baseline -0.002 -12"><span class='ocrx_word' id='word_1_100' title='bbox 81 1685 231 1724; x_wconf 87' lang='lat' dir='ltr'>discedo</span> <span class='ocrx_word' id='word_1_101' title='bbox 269 1688 309 1723; x_wconf 91' lang='lat' dir='ltr'>in</span> <span class='ocrx_word' id='word_1_102' title='bbox 348 1687 483 1723; x_wconf 89' lang='lat' dir='ltr'>talibus</span> <span class='ocrx_word' id='word_1_103' title='bbox 507 1717 516 1735; x_wconf 91' lang='lat'>,</span> <span class='ocrx_word' id='word_1_104' title='bbox 571 1687 729 1722; x_wconf 78' lang='lat' dir='ltr'>meliora</span> 
     </span>
     <span class='ocr_line' id='line_1_25' title="bbox 80 1745 728 1793; baseline -0.002 -14"><span class='ocrx_word' id='word_1_105' title='bbox 80 1750 310 1793; x_wconf 87' lang='lat' dir='ltr'>exspectans.</span> <span class='ocrx_word' id='word_1_106' title='bbox 384 1745 461 1780; x_wconf 92' lang='lat' dir='ltr'>Nec</span> <span class='ocrx_word' id='word_1_107' title='bbox 500 1755 589 1779; x_wconf 81' lang='lat' dir='ltr'>sane</span> <span class='ocrx_word' id='word_1_108' title='bbox 638 1755 728 1790; x_wconf 88' lang='lat' dir='ltr'>esse,</span> 
     </span>
     <span class='ocr_line' id='line_1_26' title="bbox 80 1798 731 1851; baseline -0.002 -16"><span class='ocrx_word' id='word_1_109' title='bbox 80 1799 183 1851; x_wconf 89' lang='lat' dir='ltr'>quod</span> <span class='ocrx_word' id='word_1_110' title='bbox 200 1800 352 1849; x_wconf 85' lang='lat' dir='ltr'>vulgata</span> <span class='ocrx_word' id='word_1_111' title='bbox 370 1800 531 1835; x_wconf 84' lang='lat' dir='ltr'>lectione</span> <span class='ocrx_word' id='word_1_112' title='bbox 557 1798 731 1835; x_wconf 84' lang='lat' dir='ltr'>offenda-</span> 
     </span>
     <span class='ocr_line' id='line_1_27' title="bbox 79 1854 730 1906; baseline -0.002 -15"><span class='ocrx_word' id='word_1_113' title='bbox 79 1868 187 1903; x_wconf 85' lang='lat' dir='ltr'>mur,</span> <span class='ocrx_word' id='word_1_114' title='bbox 215 1856 343 1892; x_wconf 79' lang='lat' dir='ltr'><strong>statuit</strong></span> <span class='ocrx_word' id='word_1_115' title='bbox 374 1854 573 1901; x_wconf 77' lang='lat' dir='ltr'><strong>Matthiae,</strong></span> <span class='ocrx_word' id='word_1_116' title='bbox 606 1868 730 1906; x_wconf 86' lang='lat' dir='ltr'>quan-</span> 
     </span>
     <span class='ocr_line' id='line_1_28' title="bbox 81 1910 730 1963; baseline 0.002 -15"><span class='ocrx_word' id='word_1_117' title='bbox 81 1910 307 1963; x_wconf 87' lang='lat' dir='ltr'>doquidem,</span> <span class='ocrx_word' id='word_1_118' title='bbox 334 1918 375 1947; x_wconf 89' lang='lat' dir='ltr'>ut</span> <span class='ocrx_word' id='word_1_119' title='bbox 398 1924 418 1947; x_wconf 88' lang='lat' dir='ltr'>a</span> <span class='ocrx_word' id='word_1_120' title='bbox 437 1913 592 1948; x_wconf 85' lang='lat' dir='ltr'>nomine</span> <span class='ocrx_word' id='word_1_121' title='bbox 619 1912 730 1961; x_wconf 80' lang='grc' dir='ltr'><em>βασι-</em></span> 
     </span>
     <span class='ocr_line' id='line_1_29' title="bbox 78 1964 732 2018; baseline 0 -13"><span class='ocrx_word' id='word_1_122' title='bbox 78 1965 167 2013; x_wconf 76' lang='grc' dir='ltr'>λεῦς</span> <span class='ocrx_word' id='word_1_123' title='bbox 212 1964 428 2017; x_wconf 76' lang='grc' dir='ltr'><em>βασιλεύειν</em></span> <span class='ocrx_word' id='word_1_124' title='bbox 446 1997 456 2015; x_wconf 79' lang='lat'>,</span> <span class='ocrx_word' id='word_1_125' title='bbox 502 1981 523 2004; x_wconf 88' lang='lat' dir='ltr'>a</span> <span class='ocrx_word' id='word_1_126' title='bbox 560 1964 732 2018; x_wconf 70' lang='grc' dir='ltr'><em>βραβεύς</em></span> 
     </span>
     <span class='ocr_line' id='line_1_30' title="bbox 78 2020 730 2076; baseline 0.002 -16"><span class='ocrx_word' id='word_1_127' title='bbox 78 2020 308 2074; x_wconf 74' lang='grc' dir='ltr'><em>βραβεύειν,</em></span> <span class='ocrx_word' id='word_1_128' title='bbox 335 2024 386 2059; x_wconf 86' lang='lat' dir='ltr'>ita</span> <span class='ocrx_word' id='word_1_129' title='bbox 405 2037 426 2060; x_wconf 88' lang='lat' dir='ltr'>a</span> <span class='ocrx_word' id='word_1_130' title='bbox 444 2020 632 2076; x_wconf 76' lang='grc' dir='ltr'><em>Δωριεύς,</em></span> <span class='ocrx_word' id='word_1_131' title='bbox 654 2023 730 2061; x_wconf 80' lang='grc' dir='ltr'>δω-</span> 
     </span>
     <span class='ocr_line' id='line_1_31' title="bbox 78 2077 725 2130; baseline -0.003 -13"><span class='ocrx_word' id='word_1_132' title='bbox 78 2077 224 2130; x_wconf 75' lang='grc' dir='ltr'><em>ριεύειν</em></span> <span class='ocrx_word' id='word_1_133' title='bbox 266 2077 527 2130; x_wconf 75' lang='grc' dir='ltr'><em>δωριεύεσθαι</em></span> <span class='ocrx_word' id='word_1_134' title='bbox 560 2081 725 2127; x_wconf 87' lang='lat' dir='ltr'>formari,</span> 
     </span>
     <span class='ocr_line' id='line_1_32' title="bbox 77 2133 725 2180; baseline 0.002 -10"><span class='ocrx_word' id='word_1_135' title='bbox 77 2133 172 2171; x_wconf 86' lang='lat' dir='ltr'>nihil</span> <span class='ocrx_word' id='word_1_136' title='bbox 200 2134 335 2172; x_wconf 89' lang='lat' dir='ltr'>habeat</span> <span class='ocrx_word' id='word_1_137' title='bbox 363 2137 555 2174; x_wconf 85' lang='lat' dir='ltr'>absonum.</span> <span class='ocrx_word' id='word_1_138' title='bbox 615 2135 725 2180; x_wconf 77' lang='lat' dir='ltr'>Quod</span> 
     </span>
     <span class='ocr_line' id='line_1_33' title="bbox 76 2190 723 2241; baseline 0.003 -15"><span class='ocrx_word' id='word_1_139' title='bbox 76 2190 123 2227; x_wconf 89' lang='lat' dir='ltr'>ad</span> <span class='ocrx_word' id='word_1_140' title='bbox 152 2198 416 2241; x_wconf 77' lang='lat' dir='ltr'>argumentum</span> <span class='ocrx_word' id='word_1_141' title='bbox 441 2193 539 2240; x_wconf 88' lang='lat' dir='ltr'>loci,</span> <span class='ocrx_word' id='word_1_142' title='bbox 573 2193 723 2229; x_wconf 85' lang='lat' dir='ltr'>coniicit</span> 
     </span>
     <span class='ocr_line' id='line_1_34' title="bbox 74 2247 722 2299; baseline 0.002 -16"><span class='ocrx_word' id='word_1_143' title='bbox 74 2247 346 2297; x_wconf 85' lang='lat' dir='ltr'>VVesselingius</span> <span class='ocrx_word' id='word_1_144' title='bbox 358 2249 552 2299; x_wconf 74' lang='lat' dir='ltr'>Cynurios,</span> <span class='ocrx_word' id='word_1_145' title='bbox 568 2255 722 2298; x_wconf 86' lang='lat' dir='ltr'>gentem</span> 
     </span>
     <span class='ocr_line' id='line_1_35' title="bbox 75 2303 723 2355; baseline 0.003 -17"><span class='ocrx_word' id='word_1_146' title='bbox 75 2303 149 2339; x_wconf 85' lang='lat' dir='ltr'>late</span> <span class='ocrx_word' id='word_1_147' title='bbox 170 2304 260 2340; x_wconf 89' lang='lat' dir='ltr'>olim</span> <span class='ocrx_word' id='word_1_148' title='bbox 277 2312 538 2355; x_wconf 77' lang='lat' dir='ltr'>propagatam,</span> <span class='ocrx_word' id='word_1_149' title='bbox 560 2318 580 2340; x_wconf 90' lang='lat' dir='ltr'>a</span> <span class='ocrx_word' id='word_1_150' title='bbox 605 2305 723 2354; x_wconf 85' lang='lat' dir='ltr'>Spar-</span> 
     </span>
     <span class='ocr_line' id='line_1_36' title="bbox 76 2360 722 2412; baseline 0.005 -18"><span class='ocrx_word' id='word_1_151' title='bbox 76 2360 170 2395; x_wconf 82' lang='lat' dir='ltr'><strong>tanis</strong></span> <span class='ocrx_word' id='word_1_152' title='bbox 187 2366 190 2367; x_wconf 72' lang='grc'>’</span> <span class='ocrx_word' id='word_1_153' title='bbox 206 2373 348 2410; x_wconf 87' lang='lat' dir='ltr'>pressos</span> <span class='ocrx_word' id='word_1_154' title='bbox 385 2374 550 2412; x_wconf 77' lang='lat' dir='ltr'>agroque</span> <span class='ocrx_word' id='word_1_155' title='bbox 590 2368 722 2397; x_wconf 76' lang='lat' dir='ltr'>exutos</span> 
     </span>
     <span class='ocr_line' id='line_1_37' title="bbox 78 2414 723 2464; baseline 0.008 -16"><span class='ocrx_word' id='word_1_156' title='bbox 78 2414 117 2449; x_wconf 91' lang='lat' dir='ltr'>in</span> <span class='ocrx_word' id='word_1_157' title='bbox 136 2416 361 2464; x_wconf 85' lang='lat' dir='ltr'>Argivorum</span> <span class='ocrx_word' id='word_1_158' title='bbox 380 2419 521 2454; x_wconf 78' lang='lat' dir='ltr'>venisse</span> <span class='ocrx_word' id='word_1_159' title='bbox 542 2416 723 2453; x_wconf 80' lang='lat' dir='ltr'>ditionem</span> 
     </span>
     <span class='ocr_line' id='line_1_38' title="bbox 78 2469 722 2523; baseline 0.008 -19"><span class='ocrx_word' id='word_1_160' title='bbox 78 2469 155 2505; x_wconf 59' lang='lat' dir='ltr'>unit</span> <span class='ocrx_word' id='word_1_161' title='bbox 183 2484 268 2507; x_wconf 88' lang='lat' dir='ltr'>cum</span> <span class='ocrx_word' id='word_1_162' title='bbox 295 2473 482 2520; x_wconf 80' lang='lat' dir='ltr'>Orneatis,</span> <span class='ocrx_word' id='word_1_163' title='bbox 522 2474 654 2523; x_wconf 84' lang='lat' dir='ltr'>quibus</span> <span class='ocrx_word' id='word_1_164' title='bbox 683 2487 722 2510; x_wconf 91' lang='lat' dir='ltr'>se</span> 
     </span>
     <span class='ocr_line' id='line_1_39' title="bbox 78 2528 723 2579; baseline 0.006 -18"><span class='ocrx_word' id='word_1_165' title='bbox 78 2528 323 2564; x_wconf 88' lang='lat' dir='ltr'>consociarint</span> <span class='ocrx_word' id='word_1_166' title='bbox 350 2529 395 2565; x_wconf 89' lang='lat' dir='ltr'>ab</span> <span class='ocrx_word' id='word_1_167' title='bbox 423 2531 580 2565; x_wconf 79' lang='lat' dir='ltr'>inimicis</span> <span class='ocrx_word' id='word_1_168' title='bbox 604 2530 723 2579; x_wconf 85' lang='lat' dir='ltr'>Spar-</span> 
     </span>
     <span class='ocr_line' id='line_1_40' title="bbox 78 2582 723 2635; baseline 0.008 -19"><span class='ocrx_word' id='word_1_169' title='bbox 78 2582 173 2618; x_wconf 88' lang='lat' dir='ltr'>tanis</span> <span class='ocrx_word' id='word_1_170' title='bbox 203 2584 340 2619; x_wconf 75' lang='lat' dir='ltr'>vexati.</span> <span class='ocrx_word' id='word_1_171' title='bbox 395 2586 549 2621; x_wconf 80' lang='lat' dir='ltr'>Meliora</span> <span class='ocrx_word' id='word_1_172' title='bbox 589 2587 723 2635; x_wconf 84' lang='lat' dir='ltr'>opinor</span> 
     </span>
     <span class='ocr_line' id='line_1_41' title="bbox 78 2636 722 2691; baseline 0.008 -19"><span class='ocrx_word' id='word_1_173' title='bbox 78 2636 228 2674; x_wconf 82' lang='lat' dir='ltr'>edocuit</span> <span class='ocrx_word' id='word_1_174' title='bbox 247 2639 288 2675; x_wconf 86' lang='lat' dir='ltr'>C.</span> <span class='ocrx_word' id='word_1_175' title='bbox 308 2639 350 2675; x_wconf 91' lang='grc' dir='ltr'>Ο.</span> <span class='ocrx_word' id='word_1_176' title='bbox 369 2641 515 2677; x_wconf 82' lang='lat' dir='ltr'>Miiller.</span> <span class='ocrx_word' id='word_1_177' title='bbox 534 2642 722 2691; x_wconf 75' lang='lat' dir='ltr'>Aeginett.</span> 
     </span>
     <span class='ocr_line' id='line_1_42' title="bbox 77 2692 723 2747; baseline 0.008 -19"><span class='ocrx_word' id='word_1_178' title='bbox 77 2706 164 2743; x_wconf 84' lang='lat' dir='ltr'>pag.</span> <span class='ocrx_word' id='word_1_179' title='bbox 198 2692 250 2734; x_wconf 78' lang='grc'>48</span> <span class='ocrx_word' id='word_1_180' title='bbox 276 2707 401 2746; x_wconf 83' lang='lat' dir='ltr'>seqq.,</span> <span class='ocrx_word' id='word_1_181' title='bbox 432 2697 497 2732; x_wconf 91' lang='lat' dir='ltr'>ubi</span> <span class='ocrx_word' id='word_1_182' title='bbox 524 2699 723 2747; x_wconf 83' lang='lat' dir='ltr'>respiciens</span> 
     </span>
     <span class='ocr_line' id='line_1_43' title="bbox 77 2746 722 2803; baseline 0.008 -17"><span class='ocrx_word' id='word_1_183' title='bbox 77 2748 125 2785; x_wconf 86' lang='lat' dir='ltr'>ad</span> <span class='ocrx_word' id='word_1_184' title='bbox 146 2750 259 2785; x_wconf 86' lang='lat' dir='ltr'>verba</span> <span class='ocrx_word' id='word_1_185' title='bbox 279 2746 407 2797; x_wconf 80' lang='grc' dir='ltr'><em>ἐόντες</em></span> <span class='ocrx_word' id='word_1_186' title='bbox 432 2747 637 2803; x_wconf 78' lang='grc' dir='ltr'><em>Ὀρνεῆται</em></span> <span class='ocrx_word' id='word_1_187' title='bbox 656 2752 722 2791; x_wconf 82' lang='grc' dir='ltr'>καὶ</span> 
     </span>
     <span class='ocr_line' id='line_1_44' title="bbox 76 2805 722 2861; baseline 0.003 -17"><span class='ocrx_word' id='word_1_188' title='bbox 76 2805 289 2856; x_wconf 82' lang='grc' dir='ltr'><em>περίοικοι,</em></span> <span class='ocrx_word' id='word_1_189' title='bbox 313 2808 447 2843; x_wconf 87' lang='lat' dir='ltr'>merito</span> <span class='ocrx_word' id='word_1_190' title='bbox 469 2810 624 2859; x_wconf 84' lang='lat' dir='ltr'>quaerit,</span> <span class='ocrx_word' id='word_1_191' title='bbox 648 2821 722 2861; x_wconf 85' lang='lat' dir='ltr'>quo</span> 
     </span>
    </p>
   </div>
   <div class='ocr_carea' id='block_1_6' title="bbox 388 414 1400 465">
    <p class='ocr_par' dir='ltr' id='par_1_6' title="bbox 388 414 1400 465">
     <span class='ocr_line' id='line_1_45' title="bbox 388 414 1400 465; baseline 0.007 -7"><span class='ocrx_word' id='word_1_192' title='bbox 388 414 564 459; x_wconf 82' lang='grc' dir='ltr'><em>Τούτων</em></span> <span class='ocrx_word' id='word_1_193' title='bbox 604 417 666 459; x_wconf 81' lang='grc' dir='ltr'>ὠν</span> <span class='ocrx_word' id='word_1_194' title='bbox 702 419 790 460; x_wconf 72' lang='grc' dir='ltr'>τῶν</span> <span class='ocrx_word' id='word_1_195' title='bbox 827 416 933 460; x_wconf 82' lang='grc' dir='ltr'><em>ἑπτα</em></span> <span class='ocrx_word' id='word_1_196' title='bbox 973 417 1135 461; x_wconf 78' lang='grc' dir='ltr'>ἐθνέων</span> <span class='ocrx_word' id='word_1_197' title='bbox 1171 419 1218 462; x_wconf 82' lang='grc' dir='ltr'>αἱ</span> <span class='ocrx_word' id='word_1_198' title='bbox 1251 422 1400 465; x_wconf 84' lang='grc' dir='ltr'><em>λοιπαὶ</em></span> 
     </span>
    </p>
   </div>
   <div class='ocr_carea' id='block_1_7' title="bbox 773 620 1453 2862">
    <p class='ocr_par' dir='ltr' id='par_1_7' title="bbox 773 620 1453 2862">
     <span class='ocr_line' id='line_1_46' title="bbox 799 620 1453 675; baseline 0.011 -19"><span class='ocrx_word' id='word_1_199' title='bbox 799 620 910 668; x_wconf 64' lang='lat' dir='ltr'>iure,</span> <span class='ocrx_word' id='word_1_200' title='bbox 925 621 990 672; x_wconf 85' lang='lat' dir='ltr'>qni</span> <span class='ocrx_word' id='word_1_201' title='bbox 1013 621 1167 673; x_wconf 85' lang='lat' dir='ltr'>Cynurii</span> <span class='ocrx_word' id='word_1_202' title='bbox 1198 624 1271 660; x_wconf 87' lang='lat' dir='ltr'>sint</span> <span class='ocrx_word' id='word_1_203' title='bbox 1288 625 1453 675; x_wconf 85' lang='lat' dir='ltr'>Argivo-</span> 
     </span>
     <span class='ocr_line' id='line_1_47' title="bbox 798 679 1453 728; baseline 0.012 -17"><span class='ocrx_word' id='word_1_204' title='bbox 798 689 961 728; x_wconf 84' lang='lat' dir='ltr'>rumque</span> <span class='ocrx_word' id='word_1_205' title='bbox 979 679 1138 727; x_wconf 80' lang='lat' dir='ltr'>imperio</span> <span class='ocrx_word' id='word_1_206' title='bbox 1150 680 1319 725; x_wconf 83' lang='lat' dir='ltr'>subiecti,</span> <span class='ocrx_word' id='word_1_207' title='bbox 1335 681 1453 719; x_wconf 89' lang='lat' dir='ltr'>iidem</span> 
     </span>
     <span class='ocr_line' id='line_1_48' title="bbox 796 730 1451 787; baseline 0.009 -19"><span class='ocrx_word' id='word_1_208' title='bbox 796 730 1006 770; x_wconf 84' lang='lat' dir='ltr'>habeantur</span> <span class='ocrx_word' id='word_1_209' title='bbox 1018 734 1208 782; x_wconf 74' lang='lat' dir='ltr'>Orneatae,</span> <span class='ocrx_word' id='word_1_210' title='bbox 1234 749 1310 787; x_wconf 92' lang='lat' dir='ltr'>quo</span> <span class='ocrx_word' id='word_1_211' title='bbox 1321 739 1451 774; x_wconf 85' lang='lat' dir='ltr'>nomi-</span> 
     </span>
     <span class='ocr_line' id='line_1_49' title="bbox 796 790 1450 841; baseline 0.008 -16"><span class='ocrx_word' id='word_1_212' title='bbox 796 801 847 826; x_wconf 87' lang='lat' dir='ltr'>ne</span> <span class='ocrx_word' id='word_1_213' title='bbox 863 790 978 839; x_wconf 79' lang='lat' dir='ltr'>vulgo</span> <span class='ocrx_word' id='word_1_214' title='bbox 1000 790 1374 841; x_wconf 90' lang='lat' dir='ltr'>comprehenduntur</span> <span class='ocrx_word' id='word_1_215' title='bbox 1387 795 1450 830; x_wconf 86' lang='lat' dir='ltr'>in·-</span> 
     </span>
     <span class='ocr_line' id='line_1_50' title="bbox 797 846 1448 898; baseline 0.008 -16"><span class='ocrx_word' id='word_1_216' title='bbox 797 846 901 882; x_wconf 89' lang='lat' dir='ltr'>colae</span> <span class='ocrx_word' id='word_1_217' title='bbox 921 847 1143 893; x_wconf 86' lang='lat' dir='ltr'>Ornearum,</span> <span class='ocrx_word' id='word_1_218' title='bbox 1177 848 1307 898; x_wconf 85' lang='lat' dir='ltr'>oppidi</span> <span class='ocrx_word' id='word_1_219' title='bbox 1327 850 1448 887; x_wconf 88' lang='lat' dir='ltr'>Arca—-</span> 
     </span>
     <span class='ocr_line' id='line_1_51' title="bbox 797 900 1447 957; baseline 0.008 -20"><span class='ocrx_word' id='word_1_220' title='bbox 797 900 880 937; x_wconf 89' lang='lat' dir='ltr'>diae</span> <span class='ocrx_word' id='word_1_221' title='bbox 902 909 937 938; x_wconf 89' lang='lat' dir='ltr'>et</span> <span class='ocrx_word' id='word_1_222' title='bbox 956 901 1141 939; x_wconf 86' lang='lat' dir='ltr'>Phliasiae</span> <span class='ocrx_word' id='word_1_223' title='bbox 1170 904 1447 957; x_wconf 87' lang='lat' dir='ltr'>Sicyoniaeque</span> 
     </span>
     <span class='ocr_line' id='line_1_52' title="bbox 795 958 1447 1007; baseline 0.008 -14"><span class='ocrx_word' id='word_1_224' title='bbox 795 959 1020 994; x_wconf 85' lang='lat' dir='ltr'>contermini</span> <span class='ocrx_word' id='word_1_225' title='bbox 1051 958 1116 1007; x_wconf 82' lang='lat' dir='ltr'>(cf.</span> <span class='ocrx_word' id='word_1_226' title='bbox 1142 961 1329 1000; x_wconf 85' lang='lat' dir='ltr'>Mannert.</span> <span class='ocrx_word' id='word_1_227' title='bbox 1361 963 1447 998; x_wconf 91' lang='lat' dir='ltr'><strong>VIII</strong></span> 
     </span>
     <span class='ocr_line' id='line_1_53' title="bbox 794 1013 1446 1070; baseline 0.011 -21"><span class='ocrx_word' id='word_1_228' title='bbox 794 1028 831 1064; x_wconf 92' lang='lat' dir='ltr'>p.</span> <span class='ocrx_word' id='word_1_229' title='bbox 854 1013 933 1054; x_wconf 79' lang='lat'>647</span> <span class='ocrx_word' id='word_1_230' title='bbox 959 1028 1034 1066; x_wconf 86' lang='lat' dir='ltr'>seq.</span> <span class='ocrx_word' id='word_1_231' title='bbox 1057 1017 1204 1052; x_wconf 76' lang='lat' dir='ltr'>Mt&#39;iller.</span> <span class='ocrx_word' id='word_1_232' title='bbox 1234 1019 1326 1054; x_wconf 87' lang='lat' dir='ltr'>Dor.</span> <span class='ocrx_word' id='word_1_233' title='bbox 1355 1020 1390 1054; x_wconf 95' lang='lat' dir='ltr'>II</span> <span class='ocrx_word' id='word_1_234' title='bbox 1408 1033 1446 1070; x_wconf 80' lang='lat' dir='ltr'>P·</span> 
     </span>
     <span class='ocr_line' id='line_1_54' title="bbox 794 1069 1446 1125; baseline 0.006 -17"><span class='ocrx_word' id='word_1_235' title='bbox 794 1069 889 1109; x_wconf 82' lang='lat'>435.</span> <span class='ocrx_word' id='word_1_236' title='bbox 911 1072 1033 1121; x_wconf 88' lang='lat' dir='ltr'>Popp.</span> <span class='ocrx_word' id='word_1_237' title='bbox 1055 1071 1273 1123; x_wconf 89' lang='lat' dir='ltr'>Thucydid.</span> <span class='ocrx_word' id='word_1_238' title='bbox 1296 1075 1334 1122; x_wconf 89' lang='grc' dir='ltr'>Ι,</span> <span class='ocrx_word' id='word_1_239' title='bbox 1357 1077 1383 1113; x_wconf 80' lang='lat'><strong>2</strong></span> <span class='ocrx_word' id='word_1_240' title='bbox 1406 1088 1446 1125; x_wconf 89' lang='lat' dir='ltr'>p.</span> 
     </span>
     <span class='ocr_line' id='line_1_55' title="bbox 793 1126 1446 1179; baseline 0.005 -16"><span class='ocrx_word' id='word_1_241' title='bbox 793 1126 908 1173; x_wconf 75' lang='lat'>213);</span> <span class='ocrx_word' id='word_1_242' title='bbox 950 1140 1118 1178; x_wconf 87' lang='lat' dir='ltr'>quosque</span> <span class='ocrx_word' id='word_1_243' title='bbox 1149 1130 1298 1179; x_wconf 86' lang='lat' dir='ltr'>Argivis</span> <span class='ocrx_word' id='word_1_244' title='bbox 1346 1131 1446 1166; x_wconf 89' lang='lat' dir='ltr'>infe-</span> 
     </span>
     <span class='ocr_line' id='line_1_56' title="bbox 792 1181 1446 1231; baseline 0.011 -15"><span class='ocrx_word' id='word_1_245' title='bbox 792 1181 990 1231; x_wconf 88' lang='lat' dir='ltr'>stissimos,</span> <span class='ocrx_word' id='word_1_246' title='bbox 1027 1184 1072 1219; x_wconf 91' lang='lat' dir='ltr'>ab</span> <span class='ocrx_word' id='word_1_247' title='bbox 1103 1182 1160 1220; x_wconf 82' lang='lat' dir='ltr'>his</span> <span class='ocrx_word' id='word_1_248' title='bbox 1182 1192 1309 1222; x_wconf 85' lang='lat' dir='ltr'>tamen</span> <span class='ocrx_word' id='word_1_249' title='bbox 1337 1185 1446 1224; x_wconf 87' lang='lat' dir='ltr'>devi—</span> 
     </span>
     <span class='ocr_line' id='line_1_57' title="bbox 793 1242 1444 1292; baseline 0.011 -20"><span class='ocrx_word' id='word_1_250' title='bbox 793 1244 871 1273; x_wconf 87' lang='lat' dir='ltr'>ctos</span> <span class='ocrx_word' id='word_1_251' title='bbox 899 1251 976 1274; x_wconf 89' lang='lat' dir='ltr'>esse</span> <span class='ocrx_word' id='word_1_252' title='bbox 1006 1252 1085 1276; x_wconf 89' lang='lat' dir='ltr'>non</span> <span class='ocrx_word' id='word_1_253' title='bbox 1113 1247 1199 1277; x_wconf 84' lang='lat' dir='ltr'>ante</span> <span class='ocrx_word' id='word_1_254' title='bbox 1228 1242 1444 1292; x_wconf 86' lang='lat' dir='ltr'>Olympiad.</span> 
     </span>
     <span class='ocr_line' id='line_1_58' title="bbox 789 1294 1442 1342; baseline 0.012 -14"><span class='ocrx_word' id='word_1_255' title='bbox 789 1294 1010 1342; x_wconf 86' lang='lat' dir='ltr'><strong>LXXVIII,</strong></span> <span class='ocrx_word' id='word_1_256' title='bbox 1068 1309 1098 1334; x_wconf 92' lang='lat' dir='ltr'>s.</span> <span class='ocrx_word' id='word_1_257' title='bbox 1150 1295 1230 1337; x_wconf 79' lang='lat'>468</span> <span class='ocrx_word' id='word_1_258' title='bbox 1272 1310 1306 1336; x_wconf 86' lang='lat' dir='ltr'>a.</span> <span class='ocrx_word' id='word_1_259' title='bbox 1353 1297 1442 1337; x_wconf 85' lang='lat' dir='ltr'>Chr.</span> 
     </span>
     <span class='ocr_line' id='line_1_59' title="bbox 789 1350 1442 1399; baseline 0.012 -15"><span class='ocrx_word' id='word_1_260' title='bbox 789 1361 841 1395; x_wconf 73' lang='lat' dir='ltr'>n.&#39;,</span> <span class='ocrx_word' id='word_1_261' title='bbox 870 1350 984 1399; x_wconf 85' lang='lat' dir='ltr'>igitur</span> <span class='ocrx_word' id='word_1_262' title='bbox 1002 1353 1122 1388; x_wconf 90' lang='lat' dir='ltr'>multo</span> <span class='ocrx_word' id='word_1_263' title='bbox 1141 1360 1227 1389; x_wconf 88' lang='lat' dir='ltr'>ante</span> <span class='ocrx_word' id='word_1_264' title='bbox 1247 1354 1442 1392; x_wconf 89' lang='lat' dir='ltr'>Persicum</span> 
     </span>
     <span class='ocr_line' id='line_1_60' title="bbox 787 1405 1440 1458; baseline 0.012 -18"><span class='ocrx_word' id='word_1_265' title='bbox 787 1405 954 1454; x_wconf 87' lang='lat' dir='ltr'>bellum,</span> <span class='ocrx_word' id='word_1_266' title='bbox 984 1406 1086 1458; x_wconf 86' lang='lat' dir='ltr'>quod</span> <span class='ocrx_word' id='word_1_267' title='bbox 1120 1409 1159 1443; x_wconf 91' lang='lat' dir='ltr'>in</span> <span class='ocrx_word' id='word_1_268' title='bbox 1187 1421 1331 1445; x_wconf 87' lang='lat' dir='ltr'>annum</span> <span class='ocrx_word' id='word_1_269' title='bbox 1360 1408 1440 1451; x_wconf 80' lang='lat'>480</span> 
     </span>
     <span class='ocr_line' id='line_1_61' title="bbox 787 1460 1439 1514; baseline 0.008 -18"><span class='ocrx_word' id='word_1_270' title='bbox 787 1473 820 1500; x_wconf 84' lang='lat' dir='ltr'>a.</span> <span class='ocrx_word' id='word_1_271' title='bbox 842 1460 930 1498; x_wconf 88' lang='lat' dir='ltr'>Chr.</span> <span class='ocrx_word' id='word_1_272' title='bbox 959 1476 997 1500; x_wconf 91' lang='lat' dir='ltr'>n.</span> <span class='ocrx_word' id='word_1_273' title='bbox 1024 1462 1168 1511; x_wconf 81' lang='lat' dir='ltr'>incidit,</span> <span class='ocrx_word' id='word_1_274' title='bbox 1197 1465 1439 1514; x_wconf 87' lang='lat' dir='ltr'>probabiliter</span> 
     </span>
     <span class='ocr_line' id='line_1_62' title="bbox 785 1517 1439 1570; baseline 0.008 -17"><span class='ocrx_word' id='word_1_275' title='bbox 785 1519 911 1554; x_wconf 86' lang='lat' dir='ltr'>statuit</span> <span class='ocrx_word' id='word_1_276' title='bbox 943 1517 1046 1554; x_wconf 90' lang='lat' dir='ltr'>idem</span> <span class='ocrx_word' id='word_1_277' title='bbox 1082 1519 1124 1559; x_wconf 87' lang='lat' dir='ltr'>C.</span> <span class='ocrx_word' id='word_1_278' title='bbox 1166 1519 1208 1557; x_wconf 93' lang='grc' dir='ltr'>Ο.</span> <span class='ocrx_word' id='word_1_279' title='bbox 1246 1522 1439 1570; x_wconf 82' lang='lat' dir='ltr'>Miisserus,</span> 
     </span>
     <span class='ocr_line' id='line_1_63' title="bbox 786 1573 1442 1628; baseline 0.009 -19"><span class='ocrx_word' id='word_1_280' title='bbox 786 1586 860 1625; x_wconf 91' lang='lat' dir='ltr'>quo</span> <span class='ocrx_word' id='word_1_281' title='bbox 882 1573 1017 1610; x_wconf 89' lang='lat' dir='ltr'>eodem</span> <span class='ocrx_word' id='word_1_282' title='bbox 1036 1575 1114 1612; x_wconf 85' lang='lat' dir='ltr'>fere</span> <span class='ocrx_word' id='word_1_283' title='bbox 1132 1582 1303 1626; x_wconf 88' lang='lat' dir='ltr'>tempore</span> <span class='ocrx_word' id='word_1_284' title='bbox 1314 1579 1442 1628; x_wconf 91' lang='lat' dir='ltr'>Dryo-</span> 
     </span>
     <span class='ocr_line' id='line_1_64' title="bbox 783 1632 1439 1684; baseline 0.008 -18"><span class='ocrx_word' id='word_1_285' title='bbox 783 1643 848 1680; x_wconf 88' lang='lat' dir='ltr'>pes</span> <span class='ocrx_word' id='word_1_286' title='bbox 882 1632 1173 1669; x_wconf 87' lang='lat' dir='ltr'>Hermionenses</span> <span class='ocrx_word' id='word_1_287' title='bbox 1209 1634 1255 1670; x_wconf 85' lang='lat' dir='ltr'>ab</span> <span class='ocrx_word' id='word_1_288' title='bbox 1289 1635 1439 1684; x_wconf 85' lang='lat' dir='ltr'>Argivis</span> 
     </span>
     <span class='ocr_line' id='line_1_65' title="bbox 783 1687 1440 1740; baseline 0.008 -18"><span class='ocrx_word' id='word_1_289' title='bbox 783 1687 940 1723; x_wconf 82' lang='lat' dir='ltr'>subiecti</span> <span class='ocrx_word' id='word_1_290' title='bbox 958 1694 1057 1725; x_wconf 88' lang='lat' dir='ltr'>sunt.</span> <span class='ocrx_word' id='word_1_291' title='bbox 1114 1690 1244 1740; x_wconf 89' lang='lat' dir='ltr'>Itaque</span> <span class='ocrx_word' id='word_1_292' title='bbox 1261 1691 1303 1726; x_wconf 90' lang='lat' dir='ltr'>in</span> <span class='ocrx_word' id='word_1_293' title='bbox 1318 1692 1440 1728; x_wconf 86' lang='lat' dir='ltr'>Hero-</span> 
     </span>
     <span class='ocr_line' id='line_1_66' title="bbox 786 1740 1437 1795; baseline 0.008 -16"><span class='ocrx_word' id='word_1_294' title='bbox 786 1741 863 1780; x_wconf 86' lang='lat' dir='ltr'>doti</span> <span class='ocrx_word' id='word_1_295' title='bbox 874 1744 957 1780; x_wconf 92' lang='lat' dir='ltr'>loco</span> <span class='ocrx_word' id='word_1_296' title='bbox 972 1757 1115 1781; x_wconf 89' lang='lat' dir='ltr'>nomen</span> <span class='ocrx_word' id='word_1_297' title='bbox 1125 1740 1317 1795; x_wconf 78' lang='grc' dir='ltr'><em>Ὀρνεατῶ</em></span> <span class='ocrx_word' id='word_1_298' title='bbox 1321 1762 1342 1785; x_wconf 94' lang='grc' dir='ltr'><em>ν</em></span> <span class='ocrx_word' id='word_1_299' title='bbox 1357 1760 1437 1784; x_wconf 87' lang='grc'><strong>11011</strong></span> 
     </span>
     <span class='ocr_line' id='line_1_67' title="bbox 786 1798 1437 1854; baseline 0.008 -19"><span class='ocrx_word' id='word_1_300' title='bbox 786 1798 833 1836; x_wconf 90' lang='lat' dir='ltr'>de</span> <span class='ocrx_word' id='word_1_301' title='bbox 868 1801 1077 1838; x_wconf 84' lang='lat' dir='ltr'>Ornearum</span> <span class='ocrx_word' id='word_1_302' title='bbox 1106 1802 1238 1839; x_wconf 89' lang='lat' dir='ltr'>incolis</span> <span class='ocrx_word' id='word_1_303' title='bbox 1276 1804 1437 1854; x_wconf 82' lang='lat' dir='ltr'>intelligi</span> 
     </span>
     <span class='ocr_line' id='line_1_68' title="bbox 785 1857 1435 1909; baseline 0.009 -18"><span class='ocrx_word' id='word_1_304' title='bbox 785 1858 947 1906; x_wconf 84' lang='lat' dir='ltr'>poterit,</span> <span class='ocrx_word' id='word_1_305' title='bbox 968 1857 1058 1904; x_wconf 91' lang='lat' dir='ltr'>sed,</span> <span class='ocrx_word' id='word_1_306' title='bbox 1095 1871 1192 1909; x_wconf 86' lang='lat' dir='ltr'>quae</span> <span class='ocrx_word' id='word_1_307' title='bbox 1213 1860 1362 1895; x_wconf 80' lang='lat' dir='ltr'>Mtilleri</span> <span class='ocrx_word' id='word_1_308' title='bbox 1381 1866 1435 1897; x_wconf 86' lang='lat' dir='ltr'>est</span> 
     </span>
     <span class='ocr_line' id='line_1_69' title="bbox 785 1914 1436 1966; baseline 0.009 -19"><span class='ocrx_word' id='word_1_309' title='bbox 785 1914 946 1963; x_wconf 85' lang='lat' dir='ltr'>suspicio</span> <span class='ocrx_word' id='word_1_310' title='bbox 996 1927 1180 1965; x_wconf 84' lang='lat' dir='ltr'>perquam</span> <span class='ocrx_word' id='word_1_311' title='bbox 1219 1917 1436 1966; x_wconf 87' lang='lat' dir='ltr'>probabilis,</span> 
     </span>
     <span class='ocr_line' id='line_1_70' title="bbox 789 1967 1436 2022; baseline 0.012 -19"><span class='ocrx_word' id='word_1_312' title='bbox 789 1967 836 2005; x_wconf 92' lang='lat' dir='ltr'>de</span> <span class='ocrx_word' id='word_1_313' title='bbox 864 1981 1001 2018; x_wconf 84' lang='lat' dir='ltr'>genere</span> <span class='ocrx_word' id='word_1_314' title='bbox 1033 1969 1201 2020; x_wconf 84' lang='lat' dir='ltr'>quodam</span> <span class='ocrx_word' id='word_1_315' title='bbox 1220 1973 1436 2022; x_wconf 84' lang='grc' dir='ltr'><em>περιοίκων</em></span> 
     </span>
     <span class='ocr_line' id='line_1_71' title="bbox 785 2026 1432 2078; baseline 0.006 -18"><span class='ocrx_word' id='word_1_316' title='bbox 785 2026 862 2061; x_wconf 87' lang='lat' dir='ltr'>sive</span> <span class='ocrx_word' id='word_1_317' title='bbox 883 2029 1101 2073; x_wconf 78' lang='grc' dir='ltr'><em>πενεστῶν,</em></span> <span class='ocrx_word' id='word_1_318' title='bbox 1124 2026 1170 2063; x_wconf 88' lang='lat' dir='ltr'>de</span> <span class='ocrx_word' id='word_1_319' title='bbox 1190 2028 1342 2077; x_wconf 78' lang='lat' dir='ltr'>publicis</span> <span class='ocrx_word' id='word_1_320' title='bbox 1362 2029 1432 2078; x_wconf 82' lang='lat' dir='ltr'>igi—</span> 
     </span>
     <span class='ocr_line' id='line_1_72' title="bbox 783 2083 1432 2134; baseline 0.008 -18"><span class='ocrx_word' id='word_1_321' title='bbox 783 2088 844 2117; x_wconf 88' lang='lat' dir='ltr'>tur</span> <span class='ocrx_word' id='word_1_322' title='bbox 873 2083 1102 2131; x_wconf 84' lang='lat' dir='ltr'>Argivorum</span> <span class='ocrx_word' id='word_1_323' title='bbox 1141 2086 1260 2120; x_wconf 77' lang='lat' dir='ltr'>servis.</span> <span class='ocrx_word' id='word_1_324' title='bbox 1316 2085 1432 2134; x_wconf 85' lang='lat' dir='ltr'>Argi-</span> 
     </span>
     <span class='ocr_line' id='line_1_73' title="bbox 779 2138 1432 2177; baseline 0.003 -3"><span class='ocrx_word' id='word_1_325' title='bbox 779 2150 915 2174; x_wconf 84' lang='lat' dir='ltr'>vorum</span> <span class='ocrx_word' id='word_1_326' title='bbox 936 2139 1035 2174; x_wconf 89' lang='lat' dir='ltr'>enim</span> <span class='ocrx_word' id='word_1_327' title='bbox 1060 2138 1151 2175; x_wconf 87' lang='lat' dir='ltr'>haec</span> <span class='ocrx_word' id='word_1_328' title='bbox 1170 2139 1288 2176; x_wconf 86' lang='lat' dir='ltr'>videri</span> <span class='ocrx_word' id='word_1_329' title='bbox 1319 2141 1432 2177; x_wconf 83' lang='lat' dir='ltr'>fuisse</span> 
     </span>
     <span class='ocr_line' id='line_1_74' title="bbox 779 2195 1430 2244; baseline 0.006 -15"><span class='ocrx_word' id='word_1_330' title='bbox 779 2195 932 2230; x_wconf 87' lang='lat' dir='ltr'>consilia</span> <span class='ocrx_word' id='word_1_331' title='bbox 951 2196 1057 2244; x_wconf 86' lang='lat' dir='ltr'>ponit</span> <span class='ocrx_word' id='word_1_332' title='bbox 1076 2196 1229 2243; x_wconf 71' lang='lat' dir='ltr'>Mulier,</span> <span class='ocrx_word' id='word_1_333' title='bbox 1261 2202 1303 2232; x_wconf 91' lang='lat' dir='ltr'>ut</span> <span class='ocrx_word' id='word_1_334' title='bbox 1321 2197 1430 2233; x_wconf 85' lang='lat' dir='ltr'>inco-</span> 
     </span>
     <span class='ocr_line' id='line_1_75' title="bbox 777 2250 1430 2302; baseline 0.003 -16"><span class='ocrx_word' id='word_1_335' title='bbox 777 2250 830 2286; x_wconf 88' lang='lat' dir='ltr'>las</span> <span class='ocrx_word' id='word_1_336' title='bbox 850 2251 1064 2297; x_wconf 85' lang='lat' dir='ltr'>civitatum,</span> <span class='ocrx_word' id='word_1_337' title='bbox 1100 2264 1190 2302; x_wconf 86' lang='lat' dir='ltr'>quas</span> <span class='ocrx_word' id='word_1_338' title='bbox 1222 2252 1334 2289; x_wconf 84' lang='lat' dir='ltr'>nimis</span> <span class='ocrx_word' id='word_1_339' title='bbox 1366 2266 1430 2288; x_wconf 90' lang='lat' dir='ltr'>re-</span> 
     </span>
     <span class='ocr_line' id='line_1_76' title="bbox 778 2306 1429 2345; baseline 0.005 -3"><span class='ocrx_word' id='word_1_340' title='bbox 778 2313 900 2342; x_wconf 86' lang='lat' dir='ltr'>motas</span> <span class='ocrx_word' id='word_1_341' title='bbox 938 2308 978 2342; x_wconf 90' lang='lat' dir='ltr'>in</span> <span class='ocrx_word' id='word_1_342' title='bbox 1012 2306 1154 2343; x_wconf 81' lang='lat' dir='ltr'>ditione</span> <span class='ocrx_word' id='word_1_343' title='bbox 1187 2314 1314 2344; x_wconf 89' lang='lat' dir='ltr'>tenere</span> <span class='ocrx_word' id='word_1_344' title='bbox 1350 2321 1429 2345; x_wconf 87' lang='lat' dir='ltr'>non</span> 
     </span>
     <span class='ocr_line' id='line_1_77' title="bbox 779 2363 1429 2414; baseline 0.005 -16"><span class='ocrx_word' id='word_1_345' title='bbox 779 2369 947 2412; x_wconf 88' lang='lat' dir='ltr'>possent,</span> <span class='ocrx_word' id='word_1_346' title='bbox 978 2376 998 2398; x_wconf 89' lang='lat' dir='ltr'>e</span> <span class='ocrx_word' id='word_1_347' title='bbox 1027 2363 1177 2399; x_wconf 88' lang='lat' dir='ltr'>sedibus</span> <span class='ocrx_word' id='word_1_348' title='bbox 1208 2365 1333 2414; x_wconf 87' lang='lat' dir='ltr'>patriis</span> <span class='ocrx_word' id='word_1_349' title='bbox 1359 2365 1429 2401; x_wconf 77' lang='lat' dir='ltr'>ab·</span> 
     </span>
     <span class='ocr_line' id='line_1_78' title="bbox 781 2417 1429 2457; baseline 0.003 -3"><span class='ocrx_word' id='word_1_350' title='bbox 781 2417 911 2455; x_wconf 88' lang='lat' dir='ltr'>ductos</span> <span class='ocrx_word' id='word_1_351' title='bbox 957 2417 1219 2456; x_wconf 83' lang='lat' dir='ltr'>distribuerent</span> <span class='ocrx_word' id='word_1_352' title='bbox 1256 2422 1295 2456; x_wconf 92' lang='lat' dir='ltr'>in</span> <span class='ocrx_word' id='word_1_353' title='bbox 1341 2433 1429 2457; x_wconf 83' lang='lat' dir='ltr'>suos</span> 
     </span>
     <span class='ocr_line' id='line_1_79' title="bbox 778 2475 1426 2524; baseline 0.005 -15"><span class='ocrx_word' id='word_1_354' title='bbox 778 2487 896 2524; x_wconf 85' lang='lat' dir='ltr'>pagos</span> <span class='ocrx_word' id='word_1_355' title='bbox 931 2475 1013 2511; x_wconf 91' lang='lat' dir='ltr'>urbi</span> <span class='ocrx_word' id='word_1_356' title='bbox 1041 2477 1204 2522; x_wconf 82' lang='lat' dir='ltr'>vicinos3</span> <span class='ocrx_word' id='word_1_357' title='bbox 1244 2475 1346 2512; x_wconf 91' lang='lat' dir='ltr'>unde</span> <span class='ocrx_word' id='word_1_358' title='bbox 1380 2476 1426 2512; x_wconf 87' lang='lat' dir='ltr'>ab</span> 
     </span>
     <span class='ocr_line' id='line_1_80' title="bbox 781 2532 1429 2568; baseline 0.002 -1"><span class='ocrx_word' id='word_1_359' title='bbox 781 2532 948 2567; x_wconf 89' lang='lat' dir='ltr'>Orneatis</span> <span class='ocrx_word' id='word_1_360' title='bbox 993 2543 1041 2566; x_wconf 88' lang='lat' dir='ltr'>ex</span> <span class='ocrx_word' id='word_1_361' title='bbox 1084 2532 1291 2568; x_wconf 88' lang='lat' dir='ltr'>Ornearnm</span> <span class='ocrx_word' id='word_1_362' title='bbox 1335 2532 1429 2568; x_wconf 87' lang='lat' dir='ltr'>urbe</span> 
     </span>
     <span class='ocr_line' id='line_1_81' title="bbox 777 2586 1427 2636; baseline 0.005 -15"><span class='ocrx_word' id='word_1_363' title='bbox 777 2587 869 2622; x_wconf 91' lang='lat' dir='ltr'>olim</span> <span class='ocrx_word' id='word_1_364' title='bbox 891 2586 1054 2622; x_wconf 85' lang='lat' dir='ltr'>desolata</span> <span class='ocrx_word' id='word_1_365' title='bbox 1087 2588 1227 2636; x_wconf 85' lang='lat' dir='ltr'>colligit</span> <span class='ocrx_word' id='word_1_366' title='bbox 1248 2588 1427 2624; x_wconf 84' lang='lat' dir='ltr'>exstitisse</span> 
     </span>
     <span class='ocr_line' id='line_1_82' title="bbox 773 2637 1427 2694; baseline 0.002 -14"><span class='ocrx_word' id='word_1_367' title='bbox 773 2637 934 2692; x_wconf 75' lang='grc' dir='ltr'><em>Ὀρνεὰς</em></span> <span class='ocrx_word' id='word_1_368' title='bbox 949 2638 1085 2691; x_wconf 80' lang='grc' dir='ltr'><em>κώμην</em></span> <span class='ocrx_word' id='word_1_369' title='bbox 1093 2638 1274 2693; x_wconf 78' lang='grc' dir='ltr'><em>Ἀργείας,</em></span> <span class='ocrx_word' id='word_1_370' title='bbox 1292 2644 1336 2680; x_wconf 88' lang='lat' dir='ltr'>ab</span> <span class='ocrx_word' id='word_1_371' title='bbox 1347 2645 1427 2694; x_wconf 86' lang='lat' dir='ltr'>ipsa</span> 
     </span>
     <span class='ocr_line' id='line_1_83' title="bbox 776 2697 1427 2748; baseline 0.003 -14"><span class='ocrx_word' id='word_1_372' title='bbox 776 2699 869 2734; x_wconf 81' lang='lat' dir='ltr'>urbe</span> <span class='ocrx_word' id='word_1_373' title='bbox 884 2698 999 2746; x_wconf 82' lang='lat' dir='ltr'>probe</span> <span class='ocrx_word' id='word_1_374' title='bbox 1011 2697 1324 2748; x_wconf 87' lang='lat' dir='ltr'>distinguendam,</span> <span class='ocrx_word' id='word_1_375' title='bbox 1334 2707 1427 2737; x_wconf 78' lang='lat' dir='ltr'>teste</span> 
     </span>
     <span class='ocr_line' id='line_1_84' title="bbox 779 2754 1426 2806; baseline 0.005 -16"><span class='ocrx_word' id='word_1_376' title='bbox 779 2754 964 2790; x_wconf 83' lang='lat' dir='ltr'>Strabone</span> <span class='ocrx_word' id='word_1_377' title='bbox 980 2754 1065 2788; x_wconf 84' lang='lat' dir='ltr'><strong>VIII</strong></span> <span class='ocrx_word' id='word_1_378' title='bbox 1085 2767 1169 2804; x_wconf 86' lang='lat' dir='ltr'>pag.</span> <span class='ocrx_word' id='word_1_379' title='bbox 1191 2758 1268 2795; x_wconf 82' lang='lat'>376</span> <span class='ocrx_word' id='word_1_380' title='bbox 1288 2770 1317 2792; x_wconf 79' lang='lat' dir='ltr'>S.</span> <span class='ocrx_word' id='word_1_381' title='bbox 1337 2769 1426 2806; x_wconf 87' lang='lat' dir='ltr'>pag.</span> 
     </span>
     <span class='ocr_line' id='line_1_85' title="bbox 778 2809 1427 2862; baseline 0.005 -16"><span class='ocrx_word' id='word_1_382' title='bbox 778 2809 858 2850; x_wconf 86' lang='grc'>578</span> <span class='ocrx_word' id='word_1_383' title='bbox 879 2810 926 2847; x_wconf 91' lang='lat' dir='ltr'>A.</span> <span class='ocrx_word' id='word_1_384' title='bbox 955 2810 1086 2862; x_wconf 85' lang='lat' dir='ltr'>Itaque</span> <span class='ocrx_word' id='word_1_385' title='bbox 1107 2811 1289 2862; x_wconf 87' lang='lat' dir='ltr'>Cynurios</span> <span class='ocrx_word' id='word_1_386' title='bbox 1315 2813 1427 2862; x_wconf 79' lang='lat' dir='ltr'>poni-</span> 
     </span>
    </p>
   </div>
  </div>
 </body>
</html>
