1839 3292
498 219 954 257 CALLIOPE.
1010 219 1090 257 IX.
1335 222 1419 263 253

174 333 293 380 νίους
321 329 468 384 ἔστησε
498 327 681 382 Πέρσας·
711 328 783 371 καὶ
814 329 866 385 δὴ
897 329 1058 373 πολλὸν
1087 326 1170 383 γὰρ
1192 326 1425 381 περιέασαν
1479 337 1560 377 707

170 396 326 451 πλήθεϊ
356 398 400 438 οἱ
437 396 622 451 Πέρσαι,
652 395 721 439 ἐπί
748 412 792 439 τε
812 396 927 448 τάξις
955 400 1141 446 πλεῦνας
1170 394 1420 450 ἐκεκοσμέα-
1470 420 1472 423 -

141 471 247 513 3το,
286 463 359 506 καὶ
397 464 568 520 ἐπεῖχον
596 463 699 514 τούς
734 464 952 519 Τεγεήτας.
1005 464 1119 514 ἔταξε
1149 461 1195 506 δὲ
1225 460 1360 505 οὕτω·
1400 460 1428 505 ὅ

164 547 203 573 τι
232 531 310 587 μὲν
338 527 393 586 ἦν
422 531 559 576 αὐτοῦ
588 530 889 574 δυνατώτατον
905 534 993 574 πᾶν
1023 529 1243 582 ἀπολέξας,
1272 528 1421 584 ἔστησε

165 596 317 642 ἀντίον
345 600 702 654 Λακεδαιμονίων
714 613 724 623 ·

167 668 263 718 ταξε
282 667 390 710 κατὰ
418 666 520 716 τούς
554 663 772 720 Τεγεήτας.

769 597 817 641 τὸ
859 598 905 641 δὲ
947 597 1259 649 ἀσθενέστερον
1292 595 1476 650 παρέ-60

821 668 958 708 ταῦτα
985 664 1030 708 δ’
1061 666 1197 708 ἐποίεε
1227 662 1420 718 φραζόν-

138 737 258 776 4των
285 749 329 776 τε
357 733 429 776 καὶ
459 732 756 775 διδασκόντων
790 734 1005 788 Θηβαίων.
1036 730 1243 785 Περσέων
1271 732 1316 774 δὲ
1332 731 1424 787 ἐχο-·

166 801 325 856 μένους
365 800 480 852 ἔταξε
518 800 722 857 Μήδους·

779 795 902 843 οὗτοι
954 801 1000 844 δὲ
1039 800 1218 855 ἐπέσχον
1257 802 1422 853 Κοριν-

167 871 294 918 θίους
332 883 376 910 τε
413 868 486 910 καὶ
525 867 836 923 Ποτιδαιήτας,
901 868 974 911 καὶ
1030 866 1338 922 Ὀρχομενίους
1376 881 1421 909 τε

136 935 239 977 5καὶ
309 938 598 986 Σικυωνίους.
684 936 856 992 ,Μήδων
929 935 975 979 δὲ
1029 934 1258 990 ἐχομένους
1323 934 1420 977 ἐτα-

163 1002 205 1053 ξε
261 1005 524 1056 Βακτρίους·
603 999 725 1047 οὗτοι
779 1003 826 1047 δὲ
882 1003 1062 1057 ἐπέσχον
1116 1001 1472 1057 Ἐπιδαυρίους65

161 1085 206 1112 τε
262 1071 334 1113 καὶ
394 1073 705 1127 Τροιζηνίους,
751 1072 823 1114 καὶ
861 1069 1108 1125 Λεπρεήτας
1141 1085 1186 1112 τε
1223 1070 1298 1113 καὶ
1340 1074 1418 1112 Τι-

134 1140 391 1190 6ρυνθίους,
429 1139 500 1181 καὶ
529 1140 818 1193 [Μυκηναίους
856 1155 900 1181 τε
925 1138 1003 1181 καὶ
1038 1138 1286 1188 Φλιασίους.
1347 1152 1416 1192 με·

163 1204 216 1247 τὰ
255 1204 301 1248 δὲ
341 1208 582 1261 Βακτρίους
613 1207 758 1262 ἔστησε
785 1204 964 1257 Ἰνδούς·
1010 1199 1132 1249 οὗτοι
1162 1205 1207 1249 δὲ
1238 1203 1415 1261 ἐπέσχον

108 1390 261 1440 ἔστησε]
284 1392 382 1430 κατα
403 1399 438 1428 et
452 1389 489 1428 h.
506 1391 531 1427 l.
549 1391 638 1428 etin
653 1404 759 1442 seqq.

109 1448 251 1484 indicat
262 1462 278 1485 e
288 1451 435 1497 regione,
445 1449 650 1496 gegem'iber.
671 1447 758 1484 Vid.

107 1505 184 1541 citt.
209 1504 255 1541 ad
271 1506 366 1551 VIII,
385 1505 450 1551 85,
479 1511 514 1540 et
536 1503 582 1540 de
602 1505 759 1554 singulis

104 1562 288 1610 gentibus,
304 1561 436 1612 quibus
449 1562 646 1596 Persarum
663 1573 759 1597 con-

105 1617 196 1653 stitit
227 1619 421 1663 exercitus,
457 1618 553 1664 VIII,
584 1620 672 1657 113.
704 1640 755 1645 —

103 1674 196 1709 Mox
219 1671 437 1723 Schweigh.
459 1687 547 1709 cum
568 1672 755 1712 Gaisford.

104 1742 124 1765 e
146 1729 335 1766 Sancrofti
357 1731 452 1766 libro
474 1729 578 1767 dedit
598 1728 757 1781 περιέα-

104 1797 176 1824 σαν
197 1799 218 1822 a
250 1787 371 1823 forma
397 1786 439 1825 ἐά
459 1800 526 1836 pro
555 1781 608 1835 ἧν
637 1787 753 1834 (conf.

101 1843 149 1888 ΙΙ,
165 1844 265 1889 19,Ι,
285 1845 361 1883 187
376 1844 502 1893 ibique
518 1842 628 1893 citu).
654 1845 755 1879 Mat-

104 1896 205 1934 thiae
227 1898 330 1935 dedit
350 1902 557 1949 περιῆσαν.
609 1898 755 1936 Sohae-

103 1954 204 1990 ferus
233 1968 321 1991 cum
354 1955 531 1994 Bekkero
552 1957 754 1992 retinuerat

103 2011 300 2059 vulgatum
320 2013 516 2062 περίεσαν,
548 2012 648 2064 quod
664 2014 754 2049 Flo-

102 2069 270 2104 rentinus
309 2081 459 2119 quoque
500 2067 561 2105 hic
587 2069 754 2118 praebet,

103 2124 168 2174 qui
202 2125 290 2160 alias
314 2131 527 2161 constanter
563 2139 630 2176 pro
661 2125 753 2164 ἔσαν

103 2178 255 2216 exhibet
277 2183 394 2230 ησαν.
414 2203 470 2208 ——
498 2181 559 2217 Ad
588 2183 769 2219 formalns

102 2233 353 2286 ἐκεκοσμέατο
375 2238 422 2275 cf.
443 2236 576 2276 Matth.
599 2240 664 2277 Gr.
686 2241 751 2278 Gr.

104 2291 144 2335 ξ.
161 2292 253 2341 204,
271 2296 294 2333 6
315 2307 352 2344 p.
366 2295 460 2335 377.

158 2402 225 2442 καὶ
245 2402 396 2454 ἐπεῖχον
416 2420 509 2452 τους
541 2409 631 2457 Τεγε
634 2401 749 2457 ητας]

105 2456 410 2509 Schweighaeus.
440 2464 753 2513 suspicaturscri-

103 2520 211 2563 ptum
235 2516 367 2553 fuisse:
397 2517 464 2556 καὶ
491 2519 645 2570 ἐπεῖχον
667 2535 690 2558 κ
704 2518 753 2558 αὶ

103 2584 195 2616 τους
217 2569 432 2622 Τεγεήταςε
461 2579 591 2626 „atque
612 2591 627 2612 e
639 2579 751 2614 taam

107 2625 282 2673 Teneatas
308 2633 427 2666 contra
452 2643 487 2667 se
519 2636 649 2669 stantes
683 2633 752 2669 lca-

104 2681 236 2718 habant.
242 2683 264 2702 “
299 2685 380 2728 Quo
401 2693 527 2723 tamen
551 2689 616 2724 vix
637 2701 751 2739 opus;

104 2744 159 2774 est
181 2741 282 2775 enim
296 2741 369 2776 loci
389 2755 540 2779 sensus:
569 2749 672 2795 atque
694 2747 751 2782 ob-

103 2795 255 2833 tinebant
290 2799 397 2836 aciem
429 2798 591 2848 Tegeatis
626 2802 752 2840 adver-

814 1403 887 1428 sam
901 1422 910 1439 ,
945 1404 993 1428 ex
1013 1405 1134 1444 aequo
1154 1390 1334 1442 Tegeatis
1355 1397 1470 1443 atque

813 1447 1026 1485 Laconibus
1056 1450 1216 1499 oppositi
1252 1449 1400 1485 stabant
1429 1450 1470 1485 in

815 1506 905 1550 acie,
927 1518 1046 1556 quum
1062 1506 1143 1545 scil,
1164 1517 1325 1540 numero
1348 1512 1470 1542 esseut

813 1562 933 1597 multo
968 1563 1093 1612 plures
1126 1574 1242 1613 quam
1274 1562 1468 1598 Lacones:

811 1618 863 1653 ita
892 1624 934 1654 ut
955 1619 1122 1668 ipsorum
1141 1619 1238 1654 acies
1269 1619 1469 1654 Laconum

812 1680 849 1709 et
869 1675 1128 1724 Tegeatarum
1147 1675 1260 1711 simul
1274 1675 1470 1725 obtegeret

811 1731 943 1766 aciem.
985 1732 1067 1777 Quo
1090 1730 1225 1768 eodem
1244 1745 1355 1768 sensu
1375 1745 1470 1770 mox

812 1785 986 1836 ἐπέσχον.
1044 1788 1106 1824 Ad
1140 1801 1300 1839 sequens
1347 1784 1467 1836 οὕτω,

813 1843 916 1894 quod
949 1857 1027 1880 non
1055 1844 1102 1881 ad
1129 1858 1365 1895 praegressa,
1399 1845 1468 1882 sed

812 1898 859 1935 ad
872 1902 1066 1950 sequentia
1077 1908 1231 1950 spectat,
1242 1900 1319 1940 vid.
1329 1901 1467 1939 Matth.

812 1956 878 1994 Gr.
1008 1959 1044 2003 ξ.
1076 1958 1171 2004 470,
1199 1965 1278 1995 not.
1302 1972 1338 2009 p.
1371 1960 1466 2007 871,

812 2013 877 2063 qui
896 1957 1056 2060 idein§.
1072 2013 1163 2058 44,
1181 2014 1207 2054 4
1228 2021 1305 2052 not.
1327 2028 1366 2064 p.
1386 2016 1466 2055 828

811 2067 859 2105 ad
887 2070 1028 2106 verba:
1074 2066 1117 2117 ό,
1157 2085 1194 2109 τι
1222 2068 1294 2122 μὲν
1318 2073 1372 2121 ἠν
1414 2094 1465 2099 -

810 2127 909 2163 πᾶν
957 2121 1147 2173 απολέξας
1199 2125 1465 2174 consulendus,

810 2180 857 2217 ad
887 2195 983 2232 quae
1012 2185 1091 2233 ipsa
1111 2181 1213 2220 huuc
1240 2185 1279 2219 in
1303 2182 1466 2220 modum

817 2237 1190 2288 Wesselz'ngz'us:
1229 2240 1392 2287 „Sermo
1416 2239 1464 2276 de

807 2295 950 2343 Persis,
987 2309 1149 2347 quorum
1180 2297 1269 2346 quod
1296 2298 1466 2334 robustis-

807 2353 930 2388 simum
973 2360 1103 2388 contra
1140 2352 1465 2390 Lacedaemonios

806 2408 1025 2445 Mardonius
1047 2411 1241 2460 opposuit,
1270 2409 1373 2460 quod
1402 2411 1464 2445 in-

806 2464 951 2501 firmius
979 2479 1068 2502 vero
1105 2473 1234 2503 contra
1261 2468 1463 2516 Tegeatas.

806 2522 944 2557 Nonne
973 2535 1062 2572 ergo
1097 2519 1118 2562 ὅ
1139 2538 1175 2561 τι
1193 2520 1264 2572 μὲν
1297 2517 1350 2574 ἧν
1380 2517 1464 2561 αυ’-·

806 2592 827 2615 τ
841 2579 903 2616 ὧν
921 2591 1018 2628 quae
1038 2580 1189 2628 elegans
1201 2580 1347 2616 Pauwii
1368 2592 1463 2617 con-

806 2631 949 2670 iectio?
989 2635 1144 2686 Alioqui
1172 2632 1215 2675 τὸ
1238 2631 1461 2675 δυνατώτα-

806 2704 875 2728 τον
914 2692 987 2729 τοῦ
1017 2693 1185 2740 στρατοῦ
1222 2691 1327 2741 Vm,
1366 2692 1463 2733 34.“

806 2745 902 2782 Mihi
942 2747 1088 2783 Pauwii
1115 2748 1329 2787 coniectura
1358 2748 1462 2787 haud

806 2816 899 2854 opus
920 2816 999 2840 esse
1018 2803 1177 2843 videtur.
