1839 3292
505 227 846 265 URANIA.
904 227 1035 263 VIII.

148 338 291 388 πόλις·
348 338 552 379 Αἰτωλῶν
593 335 662 389 δὲ,
700 330 824 385 Ἦλις
861 332 1022 391 μούνη·
1071 332 1294 387 Δρυόπων
1340 336 1399 389 δὲ,
1456 344 1536 387 653

1351 230 1406 269 99

144 404 351 461 Ἑρμιόνη
381 420 424 447 τε
453 404 526 447 καὶ
552 402 698 458 Ἀσίνη
727 400 753 458 ἡ
783 400 893 457 πρὸς
923 401 1191 459 Καρδαμύλῃ
1230 404 1284 457 τῇ
1313 405 1398 444 Λα-

93 637 132 674 p.
155 624 247 663 119.
283 624 373 662 120.
405 621 484 660 270
507 620 553 655 A.
585 620 665 659 236
696 619 744 655 A.

97 677 277 730 [Archid.
299 691 356 728 cp.
374 679 398 717 5
419 688 496 726 seq.
520 676 555 720 ξ.
572 677 621 715 16
642 687 746 726 seqq.

94 734 256 772 Panath.
292 746 374 783 cap.
395 734 446 772 73
483 733 520 776 ξ.
545 732 621 770 177
642 744 745 782 seqq.

95 805 178 842 cap.
199 793 250 831 99
272 791 307 835 §.
329 788 409 829 253
426 789 522 839 seq.]
545 788 749 824 Pausanias

97 849 172 897 [11,
197 849 246 886 13
269 847 306 891 ξ.
330 848 348 885 1
374 850 410 880 et
429 845 483 891 ΙΙ,
510 845 560 885 18
583 844 619 888 ξ.
643 845 685 891 6]
707 857 746 893 p.

97 902 195 949 140,
237 902 329 942 151.
361 901 498 938 Meurs.
550 901 607 935 De
638 912 745 949 regn.

93 960 236 996 Lacon.
275 970 306 994 c.
329 959 366 997 6.
401 958 506 994 Misc.
553 957 644 993 Lac.
677 958 745 1004 ΙΙΙ,

148 1069 340 1109 Αἰτωλῶν
378 1065 420 1107 δὲ
446 1062 557 1113 ῒΗλις
599 1063 747 1119 μούνη]

93 1127 227 1176 Attigit
244 1123 417 1162 Eustath.
445 1123 493 1160 ad
519 1125 562 1161 ll.
594 1138 630 1175 p.
653 1127 746 1173 303,

94 1185 146 1223 28
167 1195 196 1219 s.
218 1184 319 1229 229,
341 1180 406 1221 47.

150 1235 353 1288 Δρυόπων
399 1233 441 1275 δὲ
484 1230 672 1286 Ἑρμιόνη
707 1248 747 1273 τε

93 1293 162 1334 καὶ
180 1290 315 1344 Ἀσίνη
340 1291 367 1343 ’ἡ
379 1288 478 1344 πρός
499 1289 745 1345 Καρδαμύλῃ

94 1353 145 1405 τῇ
169 1350 406 1402 Λακωνικῇ]
442 1350 497 1384 De
531 1348 744 1399 Dryopibus

95 1407 196 1443 conf.
217 1407 325 1442 allata
346 1405 392 1441 ad
412 1406 449 1451 I,
473 1403 537 1443 56.
571 1403 661 1443 146.
682 1402 744 1439 Ad

93 1461 196 1499 hunc
206 1475 293 1498 vero
305 1460 486 1497 Herodoti
500 1460 627 1496 locum
639 1472 744 1496 com-

93 1525 226 1569 parant
241 1520 396 1554 Homer.
418 1517 461 1552 Il.
478 1517 525 1562 ΙΙ,
542 1516 643 1563 559,
678 1516 744 1551 ubi

95 1576 208 1611 etiam
239 1576 447 1623 iunguntur
474 1572 660 1608 Hermione
686 1578 744 1608 at-

93 1644 167 1683 que
186 1631 304 1669 Asine.
316 1631 470 1680 Legitur
486 1623 745 1678 ἰὺίἙρμιόνη,

94 1686 197 1739 quod
218 1688 331 1724 etiam
351 1685 427 1724 h.l.
450 1685 618 1736 quinque
639 1691 748 1721 tuen-

92 1750 154 1780 tur
167 1744 272 1792 libri3
292 1744 331 1779 in
351 1743 567 1779 Florentino
590 1748 643 1777 est
660 1739 749 1792 Ἑρ-

95 1796 224 1851 μιώνη
246 1828 256 1847 ,
302 1800 341 1835 in
381 1797 553 1835 Mediceo
598 1798 749 1848 alioque

94 1855 178 1893 cod.
197 1850 387 1906 Ἑρμιώνς
423 1861 465 1891 ut
485 1867 574 1891 sane
595 1855 659 1890 vix
680 1854 749 1890 de-

94 1913 197 1948 cerni
226 1925 334 1962 posse
364 1918 471 1962 putet
500 1909 747 1948 Valckenaer.

97 1968 188 2020 quid
214 1969 384 2019 primitus
414 1968 594 2017 scriptum
622 1968 746 2014 fuerit,

96 2038 186 2061 cum
223 2031 367 2061 veteres
402 2037 554 2075 quoque
594 2020 746 2061 Δωδών

96 2087 133 2117 et
170 2077 352 2130 Δωδώνη
388 2087 481 2117 teste
515 2081 745 2129 Wesseling.

95 2136 144 2173 ad
174 2136 330 2174 Diodor.
360 2138 377 2172 I
397 2151 433 2187 p.
457 2137 537 2176 282
572 2135 747 2172 dixerint.

94 2194 152 2230 De
172 2194 356 2231 Hermione
379 2193 546 2244 loquitur
565 2192 747 2229 Herodot.

95 2251 167 2297 ΙΙΙ,
190 2251 256 2291 59.
285 2250 382 2296 VIII,
405 2248 455 2289 43
478 2249 562 2285 coll.
583 2251 652 2296 IX,
675 2251 750 2296 283

98 2307 256 2342 aliorum
284 2308 506 2356 scriptorum
535 2307 749 2342 testimonia

100 2361 200 2399 dabit
217 2364 338 2413 Popp.
361 2360 580 2412 Thucydid.
601 2364 637 2410 Ι,
664 2366 691 2402 2
710 2375 750 2412 p.

99 2420 191 2458 221.
247 2421 345 2455 Nam
372 2418 547 2469 frequens
578 2431 751 2455 comme-

101 2481 267 2510 moratur
284 2476 348 2511 illa
368 2475 455 2511 urbs
476 2473 578 2511 haud
599 2476 750 2524 ignobi—

101 2529 146 2565 lis
180 2531 290 2577 olim,
326 2538 417 2567 teste
449 2531 634 2568 Strabone
665 2532 751 2568 Vm

101 2598 140 2635 p·
162 2588 241 2626 373
262 2600 290 2623 s·
312 2588 390 2627 573
410 2588 457 2623 A.
479 2588 562 2623 coll.
586 2589 750 2624 Pausan.

101 2643 158 2688 11,
189 2640 260 2688 34,
280 2643 349 2678 sita
371 2643 409 2678 in
429 2642 609 2693 Argolide
639 2644 751 2691 terra,

101 2710 181 2734 non
216 2698 329 2747 longe
357 2710 378 2733 a
407 2699 605 2736 Troezene
635 2700 752 2751 (quae

102 2766 205 2789 nunc
226 2754 383 2790 Damala
400 2756 584 2805 vocatur),
604 2757 642 2792 in
663 2769 754 2806 pro-

104 2811 305 2858 montorio,
331 2809 445 2862 quod,
456 2818 546 2848 teste
558 2813 756 2864 Gell.‚pro-

803 618 953 654 ximum
992 623 1047 653 est
1078 616 1162 654 vico
1195 617 1324 654 Castri.
1371 618 1458 654 Asi-

803 687 867 711 nen
914 675 1086 724 Dryopes
1125 674 1309 709 Parnasso
1349 674 1458 711 eiecti

805 732 971 781 primum
996 735 1200 766 tenuerunt
1219 742 1337 779 prope
1358 732 1458 766 Her-

805 788 979 823 mionen:
1012 784 1115 821 unde
1145 786 1243 835 pulsi
1272 786 1318 821 ab
1339 787 1457 836 Argi-

801 844 856 880 vis
879 844 918 879 in
938 843 1146 878 Messeniae
1166 848 1270 892 parte
1292 855 1312 878 a
1331 844 1458 879 Laco-

801 900 911 936 nibus
944 905 1097 949 accepta
1127 899 1283 935 alteram
1322 898 1458 935 condi-

803 954 891 992 dere
913 955 1063 1002 Asz'nen3
1087 967 1183 1005 quae
1206 967 1279 1005 quo
1303 967 1323 990 a
1343 956 1459 1005 priori

804 1012 1069 1048 Hermionensi
1089 1011 1401 1060 distingueretur,
1429 1009 1461 1062 ἤ

802 1065 903 1119 πρός
930 1063 1174 1120 Καρδαμύλῃ
1200 1070 1253 1121 τῇ
1270 1071 1459 1106 Λακωνι-

803 1127 856 1178 κῇ
884 1124 946 1160 hic
976 1131 1144 1161 vocatur.
1194 1124 1275 1160 Sita
1307 1124 1377 1160 fuit
1410 1123 1460 1161 ad

802 1181 1077 1217 Messeniacum
1098 1181 1244 1227 sinum,
1275 1182 1340 1231 qui
1369 1179 1459 1217 inde

803 1238 863 1274 vel
884 1238 1031 1273 Asz‘naez'
1050 1237 1192 1286 accepit
1211 1249 1352 1272 nomen
1365 1265 1374 1283 ‚
1402 1238 1460 1273 in-

802 1299 860 1329 ter
885 1294 1055 1328 Acritan]
1094 1294 1396 1342 promontorium
1428 1306 1459 1330 s.

803 1349 906 1398 Capo
937 1349 1068 1395 Gallo,
1103 1355 1145 1384 ut
1174 1361 1278 1385 nunc
1306 1355 1457 1398 vocant,

800 1412 837 1442 et
861 1404 1043 1441 Colonides
1061 1417 1090 1440 s.
1118 1403 1251 1452 Coron,
1283 1405 1328 1441 ab
1350 1412 1458 1441 utro-

800 1474 874 1512 que
894 1463 977 1497 loco
999 1459 1248 1512 quadraginta
1274 1461 1352 1496 fere
1380 1468 1460 1497 sta-

800 1517 869 1554 diis
903 1516 1054 1554 distans.
1121 1516 1236 1566 Apud
1277 1517 1457 1556 Strabon.

801 1575 887 1612 VIII
907 1586 994 1624 pag.
1018 1573 1097 1613 359
1117 1585 1196 1624 seq.
1217 1586 1246 1609 S.
1272 1587 1310 1622 p.
1329 1573 1405 1613 551
1425 1575 1458 1609 Β

801 1631 966 1681 πολίχνη
988 1636 1156 1669 vocatur.
1214 1628 1353 1666 Adhuc
1378 1631 1461 1665 rui-

803 1700 868 1723 nas
890 1685 1073 1738 quasdam
1095 1692 1241 1721 exstare
1261 1699 1380 1736 prope
1392 1686 1462 1723 Sa-

803 1742 932 1779 ratcha
951 1742 1075 1779 scribit
1088 1743 1129 1779 C.
1153 1743 1196 1779 O.
1212 1743 1349 1778 muller
1367 1744 1461 1780 Dor.

804 1801 840 1836 11
863 1813 900 1850 p.
922 1798 1002 1840 455
1025 1799 1110 1835 coll.
1143 1800 1159 1834 I
1181 1812 1219 1849 p.
1244 1799 1337 1838 155.
1395 1800 1461 1835 Tu

803 1856 881 1894 vid.
911 1857 1075 1892 Pausan.
1104 1855 1176 1901 IV,
1215 1856 1267 1895 34
1300 1856 1336 1900 ξ.
1367 1857 1405 1894 6.
1434 1858 1461 1895 7

803 1914 932 1963 ibique
963 1911 1133 1948 Siebelis.
1163 1912 1352 1948 Mannert.
1374 1912 1461 1947 VIII

802 1982 890 2020 pag.
912 1967 1003 2009 547.
1026 1968 1147 2019 Popp.
1168 1966 1349 2019 Thucyd.
1382 1969 1412 2015 Ι,
1433 1969 1460 2007 2

802 2039 888 2077 pag.
924 2025 1000 2065 195
1021 2037 1100 2076 seq.
1126 2030 1203 2061 not.
1223 2044 1278 2051 -—·
1319 2024 1461 2061 Carda-

803 2083 915 2132 myle,
955 2093 1050 2131 quae
1088 2080 1152 2115 illa
1192 2087 1292 2116 certe
1339 2086 1460 2116 aetate

803 2138 980 2189 primaria
1001 2150 1069 2186 per
1088 2137 1191 2172 illam
1213 2149 1320 2172 oram
1347 2136 1460 2172 fuisse

804 2194 954 2232 videtur
973 2194 1060 2228 urbs
1082 2194 1141 2240 (ut
1159 2193 1255 2229 bene
1286 2193 1459 2229 observat

806 2252 846 2288 C.
870 2252 912 2289 Ο.
935 2250 1083 2287 muner.
1105 2250 1196 2285 Dor.
1216 2250 1233 2284 I
1254 2261 1339 2298 pag.
1366 2248 1457 2295 155,

804 2315 883 2344 not.
907 2310 929 2347 3
952 2307 1036 2342 coll.
1057 2307 1244 2341 Mannert.
1265 2306 1350 2341 VIII
1370 2316 1458 2354 pag.

806 2363 902 2413 553)
917 2365 1084 2398 Homero
1104 2363 1181 2397 ian]
1196 2368 1285 2397 nota
1307 2357 1367 2413 (ll.
1389 2361 1458 2407 IX,

808 2421 900 2460 150.
922 2420 1044 2469 292),
1074 2431 1095 2454 a
1114 2431 1219 2454 mare
1236 2418 1354 2453 abfuit
1375 2423 1460 2453 octo

805 2475 942 2522 stadia,
982 2477 1022 2511 in
1042 2487 1136 2525 rupe
1158 2481 1356 2511 exstructa.
1388 2474 1462 2509 At·-

808 2545 881 2583 que
903 2533 1112 2568 etiamnum
1131 2532 1199 2566 ista
1218 2531 1258 2565 in
1282 2529 1347 2565 or&
1377 2541 1462 2564 em-

807 2589 958 2638 porium
995 2586 1214 2625 Cat-damula
1240 2587 1316 2622 sive
1347 2584 1461 2622 Scar-

809 2644 973 2690 damula,
995 2655 1109 2694 quam
1131 2643 1264 2678 urbem
1274 2643 1312 2677 in
1334 2642 1462 2677 tabula

807 2700 923 2750 lapidi
944 2699 1218 2749 elegantissime
1246 2697 1364 2734 incisa
1385 2711 1462 2733 nu-

808 2769 877 2807 per
919 2761 1246 2806 repraesentarunt
1291 2761 1461 2790 auctores

811 2813 954 2863 operis:
985 2809 1219 2862 Expedition
1247 2823 1295 2847 en
1329 2810 1460 2847 Moresse

1122 2866 1188 2907 7*
