1839 3292
484 231 950 271 CALLIOPE.
1006 231 1087 268 lx.

1335 235 1420 275 339

158 348 314 396 θόντες
341 341 467 386 λύκοι
506 342 549 393 ἐς
583 340 632 384 τὸ
673 339 857 393 ἄντρον,
896 340 1154 396 διέφθειραν
1193 342 1282 383 τῶν
1313 351 1475 397 προ-6ο

130 413 305 470 wtizam
336 411 390 461 ὡς
421 408 641 465 ἑξήκοντα.

158 481 315 536 ἔφραζε
347 478 517 529 οὐδενὶ,

129 547 402 604 ὅπριάμενος.

700 407 723 452 ὁ
746 408 804 461 δἐ,
836 406 894 459 ὥς
923 407 1090 463 ἐπήῖσε,
1121 406 1203 464 εἶχε
1227 413 1325 467 σιγῇ
1347 412 1421 454 καὶ

556 478 602 521 ἐν
633 475 724 533 νόῳ
756 476 863 530 ἔχων
903 473 1284 533 ἀντικαταστήσειν
1312 478 1422 523 ἄλλα

464 546 536 589 καὶ
577 543 630 587 οὐ
669 543 752 599 γὰρ
791 543 917 585 ἔλαθε
950 543 1056 594 τούς
1080 542 1423 603 Ἀπολλωνιήτας

156 619 295 659 ταῦτα
331 613 562 670 γενόμενα,
608 609 705 655 ἄλλ’
748 608 806 661 ὥς
844 609 1079 663 ἐπύθοντο,
1126 611 1421 669 ὑπαγαγόντες

156 699 232 738 μιν
260 681 347 725 ὑπὸ
379 679 682 736 δικαστήριον,
713 678 992 732 κατέκριναν,
1023 678 1081 730 ὦς
1109 679 1188 736 τήν
1217 683 1418 738 φυλακήν
1430 692 1473 726 65

129 748 547 804 6κατακοιμήσαντα,
577 750 653 803 τῆς
677 744 804 797 ὄψιος
834 749 1111 802 στερηθῆναι.

1165 746 1281 792 Ἐπεί
1297 766 1340 794 τε
1371 752 1417 795 δὲ

153 818 233 861 τόν
269 815 460 872 Εὐήνιον
488 814 815 870 ἐξετύφλωσαν,
847 812 1002 858 αὐτίκα
1027 815 1132 870 μετοὶ
1151 821 1287 860 ταῦτα
1317 818 1418 864 οὔτε

152 881 353 940 πρόβατά
385 894 465 939 σφι
495 882 647 935 ἔτικτε,
680 882 779 926 οὔτε
808 885 862 937 γῆ
893 883 1017 937 ἔφερε
1041 882 1202 937 ὁμοίως
1232 886 1413 940 καρπόν.

127 952 390 1007 Ίπρόφαντα
420 950 466 994 δέ
501 963 581 1007 σφι
622 951 668 994 ἔν
706 966 749 993 τε
788 951 984 1007 Δωδώνῃ
1022 951 1094 994 καὶ
1133 952 1178 995 ἐν
1205 958 1418 1009 Δελφοῖσι

151 1020 326 1076 ἐγίνετο,
358 1019 448 1061 ἐπεί
482 1035 525 1062 τε
543 1017 801 1072 ἐπειρώτευν
819 1017 923 1069 τούς
953 1018 1183 1075 προφήτας
1206 1019 1254 1064 τὸ
1269 1023 1410 1066 αἴτιον
1424 1031 1468 1064 7ο

150 1092 231 1131 τοῦ
263 1086 505 1141 παρεόντος
534 1090 702 1130 κακοῦ·
738 1088 783 1129 οἱ
812 1086 856 1129 δὲ
896 1085 1068 1130 αὐτοῖσι
1099 1087 1291 1142 ἔφραζον
1321 1089 1417 1141 „gn

151 1157 339 1211 „a'dinmg
365 1154 442 1197 τὸν
473 1153 673 1209 φύλακον
702 1159 790 1198 τῶν
820 1157 928 1208 ἱρῶν
957 1155 1191 1210 προβάτων
1219 1156 1417 1213 Εὐήνιον

124 1228 255 1279 8,,τῆς
294 1224 421 1276 ὄψιος
459 1222 705 1279 ἐστέρησαν.

98 1417 184 1455 Cum
202 1418 263 1454 ille
282 1418 474 1455 dormiisset
501 1418 592 1468 quod
618 1417 666 1454 ad
691 1430 756 1455 cu-

97 1475 248 1511 stodiam
279 1476 405 1511 attinet
432 1488 461 1513 s.
481 1487 545 1524 per
577 1475 755 1512 custodiae

95 1534 251 1580 tempus,
270 1530 371 1582 quod
392 1544 481 1567 sane
499 1530 601 1567 idem
625 1538 678 1568 est
699 1538 758 1567 ata

94 1599 193 1638 que:
225 1600 302 1623 cum
331 1587 390 1623 ille
413 1587 612 1624 dormiendo
636 1592 758 1625 trans-

93 1646 219 1692 egisset
231 1643 377 1691 vigiliae
393 1647 536 1694 tempus,
558 1645 616 1680 Ac
631 1651 756 1681 trans-

92 1701 228 1736 itivum
247 1699 359 1736 huius
380 1701 485 1737 verbi
506 1713 617 1737 usum
631 1731 640 1749 ,
671 1703 755 1738 Ho-

93 1769 200 1793 mero
242 1758 397 1808 eiusque
444 1758 663 1809 aequalibus
707 1758 753 1794 ab

93 1812 292 1850 Eustathio
312 1814 517 1863 tributum,
553 1815 634 1851 aliis
656 1827 755 1866 qno-

95 1883 170 1921 que
188 1871 278 1906 locis
293 1871 555 1920 comprobavit
569 1870 754 1908 Abresch.

93 1926 141 1962 acl
183 1927 334 1962 Cattieri
373 1926 629 1977 Gazophylac.
668 1941 758 1978 pag.

93 1984 170 2030 88,
201 1989 244 2019 ut
273 1995 364 2018 sane
396 1997 484 2019 cum
514 1983 651 2019 eodem
672 1986 754 2021 viro

93 2037 205 2075 docto
247 2038 424 2075 codicum
460 2041 665 2078 lectionem
713 2041 754 2077 in

92 2095 287 2132 Herodoto
343 2094 446 2132 haud
504 2095 753 2134 deserendam

95 2165 173 2188 esse
220 2151 446 2190 indicemus.
518 2152 751 2204 Xenophon.

93 2209 272 2246 Memorr.
292 2210 348 2257 Π,
392 2212 437 2257 1,
468 2211 517 2249 3:
552 2212 623 2261 τῆς
652 2208 751 2261 ἦμέ-

97 2278 167 2314 ρας
204 2262 248 2304 τό
283 2263 582 2317 χρησιμώτατον
629 2281 750 2305 κατα-

96 2321 326 2370 κοιμίζουσι.
355 2344 411 2349 ——
441 2323 656 2359 Articulum
676 2320 752 2375 τήν

98 2383 184 2412 ante
202 2376 384 2428 φυλακήν
402 2380 431 2415 F
434 2380 641 2417 lorentinus
656 2381 752 2418 liber

98 2445 186 2468 cum
207 2432 351 2471 duobus
372 2436 452 2472 aliis
473 2437 624 2474 omittit.

154 2484 230 2537 εἶχε
265 2490 374 2542 σιγῇ]
404 2493 429 2528 i.
465 2506 498 2531 e.
536 2493 598 2530 hoc
634 2495 748 2542 ipsum

97 2544 243 2593 (ovium
267 2548 416 2595 necem)
454 2549 544 2585 clam
570 2563 600 2588 s.
640 2552 752 2587 tacite.

96 2603 219 2638 tenuit.
287 2602 394 2642 Conf.
433 2605 543 2641 allata
581 2604 629 2642 ad
663 2607 750 2651 V,11

95 2659 192 2697 237.
250 2656 312 2694 Ad
331 2659 562 2697 locutionem
580 2658 750 2714 ὑπάγειν

95 2710 177 2751 ὕπο
213 2710 468 2766 δικαστήριον
515 2719 614 2755 conf.
652 2726 750 2757 nott.

98 2768 146 2805 ad
165 2770 237 2818 VI,
259 2773 312 2810 72
329 2777 364 2807 et
385 2771 433 2807 ad
456 2774 613 2811 verbum
632 2789 750 2815 κατα-

96 2825 246 2876 κρίνειν
260 2834 356 2864 nott.
378 2827 426 2864 ad
447 2829 532 2879 Vll,
555 2829 647 2871 146.

767 1221 893 1266 αὐτοὶ
921 1223 1004 1278 γάρ
1043 1224 1282 1280 ἐπορμῆσαι
1310 1226 1416 1278 τούς

867 1416 983 1468 ἔφερε
1004 1416 1153 1468 ὁιιοίως
1173 1417 1339 1472 καρπόν]
1374 1437 1472 1475 καρ-

811 1488 891 1513 πον
932 1475 1035 1511 abest
1071 1487 1090 1510 a
1134 1475 1325 1514 Sancrofti
1359 1480 1470 1518 lib1o.

811 1531 876 1566 Tu
907 1531 1007 1567 conf.
1037 1533 1112 1579 III,
1153 1532 1220 1573 65.
1278 1536 1335 1571 De
1373 1549 1470 1573 voce

810 1582 1022 1638 πρόφαντα
1081 1586 1313 1643 (oraculum)
1368 1593 1470 1631 conf.

809 1651 904 1680 nott.
925 1643 973 1680 ad
993 1645 1047 1691 V,
1069 1646 1134 1684 63.
1182 1648 1275 1683 Mox
1294 1650 1471 1688 revocavi

810 1714 900 1737 cum
920 1708 1076 1739 recentt.
1109 1701 1254 1754 ἐγίνετο
1274 1718 1343 1754 pro
1364 1707 1470 1756 vulg.

809 1756 982 1809 ἐγένετο,
1014 1757 1119 1810 qnod
1150 1773 1239 1796 cum
1261 1760 1469 1800 Schaefero

809 1815 931 1850 tenuit
961 1813 1155 1853 Matthiae.
1206 1817 1317 1862 Quod
1345 1820 1470 1856 conti-

811 1883 889 1907 nuo
910 1873 1080 1922 sequitur
1100 1871 1184 1911 ἐπεί
1200 1888 1252 1921 τε,
1284 1876 1362 1912 eius
1382 1877 1469 1914 loco

812 1926 1008 1964 Schaefer.
1041 1935 1076 1965 et
1096 1927 1265 1969 Bekker.
1297 1933 1468 1969 retinue-

812 1991 900 2020 runt
921 1983 1070 2033 ἔπειτα,
1101 1987 1314 2037 praeposit&
1331 1990 1468 2025 maiori

811 2039 1061 2080 distinctione.
1119 2042 1182 2079 Ad
1211 2056 1346 2080 vocem
1368 2060 1467 2095 προ-

809 2112 940 2147 φητας
967 2098 1069 2135 conf.
1090 2099 1195 2147 V,111
1227 2102 1408 2142 36-135
1430 2107 1468 2138 et

809 2153 855 2190 de
870 2156 1027 2190 nomine
1049 2150 1227 2204 φύλακος
1241 2155 1378 2195 Matth.
1399 2159 1466 2196 Gr.

807 2211 872 2248 Gr.
896 2212 931 2256 ξ.
952 2213 1003 2252 89
1024 2224 1112 2262 pag.
1136 2213 1230 2252 192.

867 2317 979 2362 αυτοὶ
1011 2318 1086 2375 γὰρ
1120 2321 1345 2376 ἐπορμῆσαι
1369 2339 1466 2372 τους

806 2374 970 2428 λύκους]
1003 2382 1258 2432 „Loquuntur
1297 2380 1467 2432 prophe-

805 2443 894 2483 lae,
931 2435 998 2473 sed
1028 2444 1188 2489 utelque
1209 2436 1270 2474 dei
1294 2439 1465 2486 nomine,

805 2494 910 2529 cuius
941 2492 1126 2543 propheta
1146 2500 1225 2542 est3
1258 2490 1371 2532 αὐτοὶ
1392 2495 1466 2544 igi-

802 2556 863 2586 tur
882 2551 1145 2601 intelliguntur
1174 2550 1315 2600 Iupiter
1334 2551 1466 2587 Dodo-

806 2619 924 2642 naeus
966 2613 1003 2643 et
1045 2607 1179 2656 Apollo
1219 2605 1468 2656 Delphicus.“

809 2662 1200 2711 Schweighaeus,
1271 2664 1317 2699 In
1359 2675 1465 2715 seqq.

805 2732 874 2769 pro
914 2718 1010 2758 δῶσι
1041 2726 1116 2756 tres
1152 2717 1263 2757 codd.
1307 2715 1464 2760 δώσειν.

806 2777 872 2813 Tu
894 2776 997 2814 conf.
1016 2776 1087 2826 IV,
1115 2777 1142 2817 9
1164 2782 1201 2813 et
1220 2776 1331 2814 allata
1350 2775 1398 2814 ad
1418 2777 1463 2824 V,

810 2833 904 2873 118.

1103 2885 1193 2928 22*
