1839 3292
569 219 906 257 URANIA.

198 316 316 384 ,,σων
361 324 658 381 τραπομένους
672 359 683 377 ,

966 220 1092 257 VIII.
1365 223 1447 263 149

759 327 830 370 καὶ
869 327 1174 378 ἐπιδιώξαντας
1210 327 1286 377 τοὶς
1325 331 1444 382 νῆας,

197 393 381 449 ,,πλωέιν
411 394 539 444 ἰθέως
569 394 635 436 ἐπὶ
665 394 742 437 τὸν
767 393 1100 450 Ἑλλήσποντον,
1131 393 1344 444 λύσοντας
1373 394 1449 445 τοὶς
1462 402 1506 435 20

168 459 464 517 4,,γεφύρας.“
529 460 812 517 Εὐρυβιάδης
853 462 898 504 δὲ
946 461 1026 516 τὴν
1078 462 1276 517 ἐναντίην
1313 460 1448 518 ταύτῃ

192 528 370 585 γνώμην
415 528 595 580 ἐτίθετο,
637 530 795 582 λέγων,
827 527 887 578 ὠς
935 531 999 579 ,,εἰ
1036 529 1218 572 λύσουσι
1247 526 1323 578 τὰς
1362 539 1448 584 σχε-

193 597 341 649 ,,δίας,
385 593 498 639 τοῦτ’
529 594 582 638 ἂν
611 595 811 651 μέγιστον
840 594 1015 638 πάντων
1046 601 1169 650 σφεῖς
1198 595 1336 639 κακὸν
1365 596 1445 652 τὴν

165 662 399 718 5,,Ἑλλοὶδα
418 661 686 716 ἐργάσαιντο.

744 664 780 705 εἰ
801 661 884 717 γὰρ
915 660 1218 717 ἀναγκασθείη,
1253 661 1444 715 οέπολαμ-

191 731 346 787 „quasis
374 729 398 773 ὁ
429 730 597 785 Πέρσης
627 730 770 785 μένειν
790 730 837 772 ἐν
860 733 914 786 τῇ
942 730 1149 785 Εὐρώπῃ,
1180 733 1366 785 πειρῷτο
1392 729 1501 773 ἂνὲὅ

190 797 399 854 ,,ἡσυχίην
419 797 475 853 μὴ
508 797 650 852 ἄγειν·
682 795 741 849 ὦς
771 796 920 852 ἄγοντι
949 797 1027 852 μέν
1059 799 1102 840 οῖ
1117 795 1309 852 ἡσυχίην,
1344 797 1443 842 οὔτε

187 883 256 919 ,,τι
275 865 537 921 προχωρέειν
578 863 671 908 οἷόν
700 882 744 909 τε
774 866 890 908 ἔσται
923 868 1010 907 τῶν
1038 863 1312 919 πρηγμάτων,
1343 864 1443 909 οὔτε

187 949 278 984 „vig
305 932 460 987 κομιδή
487 933 535 976 zo*
567 932 702 976 ὀπίσω
733 932 978 988 φανήσεται,
1009 937 1117 989 λιμῷ
1138 934 1182 975 τέ
1204 933 1289 988 οῐὴ
1313 945 1439 987 στρα-

161 999 284 1054 6,,τιὴ
315 1001 635 1055 διαφθαρέεται.
668 1001 940 1055 ἐπιχειρέοντι
971 1000 1015 1042 δὲ
1057 998 1176 1055 αὐτῷ
1204 1000 1274 1042 καὶ
1308 1000 1438 1054 ἔργου

186 1065 410 1125 ,,ἐχομε’νῳ,
436 1068 578 1111 πάντα
608 1068 658 1111 τοὶ
688 1067 797 1110 κατὰ
826 1067 905 1122 τήν
930 1065 1147 1122 Εὐρώπην
1169 1064 1239 1109 οἶοί
1260 1084 1301 1110 τε
1323 1068 1496 1111 ἔσταιδο

186 1139 518 1191 ,,προσχωρῆσαι
541 1135 650 1179 κατα
680 1134 834 1186 πόλιάς
862 1151 906 1178 τε
935 1134 1008 1178 καὶ
1036 1133 1144 1178 κατὰ
1169 1135 1312 1190 ἔθνεα,
1341 1134 1440 1192 ἤτοι

129 1340 205 1386 III,
240 1341 330 1380 160.
367 1338 474 1376 Idem
494 1338 572 1376 fere
610 1351 703 1376 mox
732 1339 785 1376 si-

128 1395 283 1445 gnificat
302 1393 466 1447 γνώμην
490 1396 700 1434 τίθεσθαιτ
736 1395 783 1432 de

129 1464 206 1503 quo
240 1451 315 1488 vid.
355 1453 465 1488 allata
500 1450 547 1488 ad
586 1453 675 1499 VII,
713 1453 778 1491 82.

127 1506 242 1558 Apud
252 1507 441 1544 Plutarch.
456 1506 703 1554 Themistocl.
729 1510 778 1547 16

127 1570 248 1600 exstat
284 1561 446 1615 γνώμην
473 1568 689 1602 ποιεῖσθαι.
716 1563 778 1600 Ad

124 1620 246 1670 ipsam
267 1627 392 1657 autem
418 1633 499 1656 rem
519 1620 607 1656 facit
626 1621 777 1656 uberior

124 1675 317 1713 Plutarchi
336 1678 500 1713 narratio
527 1677 567 1712 in
587 1675 777 1713 Themist.

126 1734 191 1772 16.
229 1732 381 1772 Aristid.
416 1734 460 1777 9,
489 1733 554 1769 ubi
574 1732 778 1770 Aristidem

123 1789 208 1825 loco
231 1788 455 1841 Eurybiadis
475 1790 649 1840 appellat.
698 1790 778 1826 Vo-

124 1858 185 1881 ces
204 1841 338 1895 νήσων
358 1853 395 1882 et
414 1848 617 1895 νησιωτῶν
631 1845 677 1882 de
699 1846 778 1896 Cy-

125 1900 291 1939 cladibus
327 1902 518 1951 intelligo,
554 1908 596 1938 ut
628 1903 680 1948 V,
711 1904 777 1942 30.

123 1957 216 2005 VII,
243 1957 316 2005 95,
336 1959 403 1994 ubi
421 1957 497 1995 vid.
518 1964 611 1994 nott.
653 1959 776 1994 Verbo

123 2008 271 2052 πλώειν
300 2020 336 2050 et
355 2013 394 2051 h.
410 2014 436 2051 1.
469 2021 505 2050 et
525 2027 604 2064 cap.
629 2016 705 2053 109
727 2015 776 2050 ita

122 2070 240 2105 utitur
264 2071 418 2117 Noster,
458 2071 523 2106 ubi
557 2071 617 2106 alii
648 2069 777 2107 dicunt

123 2120 354 2174 οἷναπλέειν,
396 2133 550 2163 notante
595 2127 771 2166 Sintenis.

123 2180 171 2218 ad
199 2181 391 2224 Plutarch.
426 2182 676 2221 Themistocl.
723 2186 773 2224 16

121 2250 207 2288 pag.
233 2240 324 2278 108.

177 2289 290 2333 τοῦτ’
320 2290 370 2332 ἂν
399 2292 579 2346 μέγιστον
612 2290 773 2332 πάντων

124 2353 238 2398 σφεῖς
254 2348 372 2389 κακὸν
391 2348 464 2401 τήν
477 2347 642 2388 Ἑλλάδα
659 2345 774 2401 ἐργά-

124 2407 329 2454 ‹mnu-ohta
352 2420 441 2443 cum
460 2414 614 2443 recentt.
632 2408 772 2456 scripsi,

123 2459 234 2500 codd.
250 2462 358 2498 valde
377 2464 652 2511 fluctuantibus,
676 2476 774 2514 quo-

122 2528 206 2553 rum
217 2517 368 2566 plurimi
381 2531 449 2568 σφι
460 2520 581 2568 (cuius
597 2521 679 2556 loco
698 2519 772 2555 duo

123 2571 262 2624 σφέας)
303 2581 339 2610 et
361 2578 492 2614 κακῶν
530 2589 598 2627 pro
651 2572 772 2614 κακὸν

121 2629 290 2680 itemque
317 2627 518 2680 ἐργάσαιτο
533 2661 542 2679 ,
589 2632 654 2668 ubi
673 2645 770 2668 unus

122 2684 312 2721 Sancrofti
331 2686 445 2734 liber,
476 2678 659 2739 qu'antum
680 2689 769 2734 scio,

121 2741 220 2777 clare
241 2742 394 2792 praebet
423 2741 662 2794 ἐργάσαιντο.
701 2745 772 2781 Et-

121 2798 224 2834 enim
261 2810 390 2836 sensus
429 2805 504 2836 est:
546 2813 579 2837 se
599 2803 692 2851 ipsos
711 2800 771 2837 lwc

839 1341 1028 1376 maximum
1069 1341 1215 1376 omnium
1254 1340 1385 1377 malum
1435 1337 1490 1393 (s.

837 1394 1054 1445 malorum)
1113 1396 1285 1432 Graeciae
1331 1396 1493 1433 illaturos

836 1464 927 1498 esse,
963 1452 1028 1487 ubi
1071 1455 1184 1499 σφεῖς
1219 1465 1307 1487 cum
1337 1454 1374 1488 vi
1397 1466 1492 1502 qua—

836 1506 925 1543 dam
944 1509 1108 1557 positum
1123 1507 1272 1544 videtur
1284 1521 1352 1558 pro
1367 1505 1492 1557 αὐτοὶ,

833 1570 875 1600 ut
896 1565 985 1610 Vll,
1021 1566 1111 1604 168.
1145 1584 1200 1590 —-
1246 1563 1302 1600 Ad
1330 1564 1490 1601 verbum

834 1615 1115 1670 α’πολαμφθεὶς
1144 1620 1347 1665 (exclusu33
1379 1622 1490 1658 inter—

833 1679 968 1726 ceptus)
997 1675 1071 1712 vid.
1103 1677 1211 1712 allata
1233 1676 1280 1713 ad
1301 1677 1405 1724 VIII,
1439 1680 1484 1716 11

833 1739 870 1769 et
891 1731 937 1768 de
965 1734 1155 1769 locutione
1183 1731 1349 1783 ἡσυχίην
1379 1730 1489 1784 ἄγειν

833 1790 914 1835 VII,
941 1792 1003 1828 11.
1042 1790 1099 1825 De
1120 1790 1310 1839 particulis
1333 1786 1488 1828 οὕτε-

834 1843 924 1885 οὔτε
940 1867 995 1871 ——
1010 1859 1050 1883 τε
1072 1844 1234 1882 diximus
1258 1844 1305 1882 ad
1325 1846 1398 1893 VI,
1424 1848 1488 1884 11.

888 1898 1043 1951 κομιδὴ]
1084 1903 1109 1940 i.
1125 1916 1157 1938 e.
1178 1903 1324 1947 reditus,
1348 1909 1391 1938 ut
1406 1902 1485 1949 vll,

836 1959 926 1996 170.
952 1957 1057 2005 VIII,
1091 1960 1153 1998 19.
1178 1961 1269 1998 120.
1298 1959 1367 2005 IX,
1397 1959 1487 1997 107.

833 2012 1064 2063 Schweigh„
1096 2015 1161 2065 qui
1179 2021 1289 2050 antea
1311 2015 1486 2051 coniece-

831 2076 888 2105 rat
909 2069 947 2116 ἐς
971 2067 1014 2108 τό
1038 2065 1165 2109 ω’πίσω
1185 2067 1248 2106 ἔυΐ
1268 2070 1370 2107 nude
1398 2065 1484 2107 ὄπί-

833 2137 907 2173 σω,
962 2127 1024 2178 ([1ῐὶ
1052 2127 1158 2172 VIII,
1195 2123 1311 2177 120),
1354 2132 1484 2175 postea

829 2183 964 2218 merito
976 2178 1160 2233 acquievit
1170 2183 1207 2217 in
1218 2181 1383 2232 vulgata,
1396 2193 1485 2217 cum

829 2251 919 2274 saue
947 2251 1081 2288 parum
1109 2238 1255 2274 differat
1283 2235 1327 2277 τό
1356 2233 1483 2276 ὀπίσω

831 2301 867 2331 et
899 2290 1048 2342 ὀπίσω,
1087 2294 1190 2346 quod
1213 2307 1250 2330 v.
1281 2307 1313 2331 c.
1347 2294 1484 2344 legitur

828 2352 868 2398 Ι,
900 2354 994 2391 207.
1014 2372 1069 2379 -
1108 2350 1170 2387 Ad
1203 2350 1366 2386 formam
1396 2351 1484 2388 δια-

832 2406 1047 2456 φθαρέεται
1073 2407 1148 2445 vid.
1171 2406 1303 2446 Matth.
1326 2408 1390 2444 Gr.
1411 2407 1477 2442 Gr.

832 2465 867 2508 §-
895 2466 969 2503 173
991 2476 1077 2514 pag.
1100 2466 1179 2504 317
1202 2464 1238 2507 ὅ.
1274 2464 1372 2508 182,
1402 2468 1482 2498 not.

829 2523 856 2560 2
885 2532 972 2569 pag.
1004 2521 1105 2567 3263
1140 2518 1186 2555 de
1206 2519 1395 2555 locutione
1423 2516 1482 2569 ἕρ-

828 2590 900 2625 γου
948 2575 1108 2625 ἔχεσθαι
1156 2573 1244 2612 vide
1294 2581 1390 2612 nott.
1429 2573 1478 2611 ad

827 2632 935 2675 VIII,
969 2633 1034 2670 11.

885 2682 950 2725 οἷά
986 2700 1026 2724 τε
1064 2683 1169 2723 ἔσται
1197 2686 1478 2737 προσχωρῆσαι

826 2757 861 2780 κ.
882 2757 912 2781 τ.
937 2742 989 2789 λ.]
1023 2741 1122 2777 Fieri
1152 2754 1259 2791 posse
1287 2743 1337 2778 ait
1362 2743 1476 2789 Laco,

826 2805 868 2835 ut
908 2810 1040 2834 omnes
1074 2797 1239 2836 civitates
1272 2804 1478 2850 gentesque
