1839 3292
383 210 468 251 226

787 215 1249 252 HERODOTI

355 319 605 376 56q2v'yaerov
620 325 751 363 τοῦτο
773 320 975 364 ἐποιέετο.
1011 325 1178 378 παρῆκε
1210 325 1256 366 δὲ
1287 323 1428 368 αὐτοῦ
1457 323 1506 367 τὸ
1526 335 1651 378 στρα-

384 387 595 440 τόπεδον,
637 387 879 442 ἀρξάμενον
909 387 996 432 ἀπὸ
1025 388 1291 443 Ἐρυθρέων,
1331 391 1453 445 παρὰ
1478 391 1648 445 Ὑσιάς·

385 456 600 500 κατέτεινε
630 455 675 497 δὲ
699 455 740 505 ἐς
770 455 851 511 τήν
875 458 1119 500 Πλαταιΐδα
1149 461 1253 512 γῆν,
1283 459 1401 512 παρὰ
1418 459 1497 503 τόν
1525 460 1650 504 Ἀσω-

359 524 477 568 6πόν
515 522 713 577 ποταμὸν
751 524 1020 578 τεταγμένον.
1081 523 1134 567 οὐ
1165 525 1314 580 μέντοι
1342 524 1395 569 τό
1427 542 1475 580 γε
1512 534 1706 584 τεῖχοςὲὄ

382 595 595 636 τοσοῦτον
624 590 837 643 ἐποιέετο,
877 590 977 634 ἀλλ’
1006 590 1066 642 ὥς
1095 591 1163 636 ἐπὶ
1194 593 1298 636 δέκα
1339 595 1545 646 σταδίους
1571 596 1649 651 μά-

382 658 507 702 λιστά
536 674 590 713 κη
612 659 813 713 μέτωπον
840 659 1034 702 ἕκαστον.

1706 686 1788 725 698

355 733 377 766 7
496 725 708 781 Ἐχόντων
738 726 783 769 ὁὲ
815 727 892 769 τὸν
919 727 1062 770 πόνον
1090 731 1252 772 τοῦτον
1281 731 1369 771 τῶν
1397 727 1647 785 βαρβάρων,

386 794 630 850 Ἀτταγῖνος
653 793 676 837 ὁ
701 794 968 849 Φρύνωνος,
999 793 1111 852 ἀνὴρ
1136 800 1339 853 Θηβαῖος,
1376 808 1648 852 παρασκευα-

328 967 610 1020 pretiosioribus
629 965 821 1002 servandis
841 974 991 1004 exstru-

329 1032 450 1062 ctum.
469 1046 524 1052 —
555 1021 616 1059 Ad
642 1035 777 1060 vocem
807 1021 992 1075 κρησφύ-

328 1096 442 1134 γετον
461 1079 561 1117 conf.
584 1086 679 1117 nott.
702 1080 751 1115 ad
772 1079 803 1115 V
817 1109 826 1127 ,
850 1078 918 1120 24.

385 1161 540 1209 παρῆκε
570 1155 613 1197 δὲ
643 1151 771 1197 αὐτοῦ
800 1154 844 1197 τὸ
875 1169 988 1210 στρα-

328 1212 499 1255 τόπεδον
523 1229 557 1253 κ.
588 1229 621 1253 τ.
642 1214 695 1262 L]
735 1215 878 1252 Sensus
912 1216 987 1252 loci

325 1271 388 1310 hic
404 1273 482 1308 fere
504 1278 579 1308 est:
608 1270 740 1309 Castra
760 1272 804 1308 ab
817 1272 989 1323 Erythris

325 1342 452 1367 exorsa
470 1332 502 1366 et
520 1327 560 1366 Η
558 1330 655 1378 ysias
663 1331 924 1378 praetereuntia
937 1329 987 1367 acl

326 1385 568 1424 Plataeensem
590 1397 699 1434 usque
723 1398 851 1433 agrum
869 1388 987 1435 perti-

324 1447 498 1486 merant,
528 1441 578 1478 ad
599 1442 708 1491 Asopi
730 1444 829 1492 ripas
851 1444 984 1493 posita.

324 1501 383 1536 De
414 1505 601 1536 structura
635 1498 741 1535 verbi
763 1493 986 1550 (ἷρξάμενον

325 1568 416 1593 cum
449 1555 726 1606 praepositione
762 1550 842 1594 cino*
883 1557 983 1596 conf.

324 1610 464 1652 Matth.
507 1612 573 1648 Gr.
613 1612 678 1648 Gr.
717 1612 752 1657 ξ.
785 1613 865 1652 577
895 1625 985 1663 pag.

325 1671 449 1709 1100.
498 1665 610 1714 Quod
633 1680 723 1705 vero
750 1669 985 1720 τεταγμένον

323 1723 500 1762 Reiskius
533 1730 724 1761 mutatum
754 1725 834 1761 vult
863 1728 901 1762 in
923 1741 987 1766 τε-

324 1779 516 1831 ταμένον,
550 1782 631 1831 ipso
658 1781 841 1832 probante
869 1784 987 1820 Wes-

324 1839 507 1887 selingi03
561 1836 658 1874 mihi
689 1837 844 1888 quidem
881 1841 986 1876 nulia

324 1901 521 1945 comparet
562 1894 736 1930 mutandi
775 1898 987 1935 necessitas.

325 1951 470 1996 Quibus
492 1949 632 1987 addere
653 1952 755 1987 iuvat
777 1953 890 1989 Gailii
924 1954 988 1990 in-

325 2009 637 2058 terpretationem
671 2008 743 2056 (Le
770 2007 902 2059 philol.
936 2011 988 2047 IV

323 2077 413 2115 pag.
444 2064 563 2112 283st
605 2064 788 2112 „l'armee
811 2068 911 2103 avoit
947 2080 987 2104 sa

323 2118 474 2171 gauche
489 2119 511 2156 ἓι
531 2121 567 2156 la
583 2119 744 2157 hauteur
759 2121 794 2158 d'
805 2121 987 2174 Erythres

322 2178 348 2214 i.
370 2191 404 2214 e.
427 2176 449 2213 ἒι
469 2178 586 2227 partir
606 2176 721 2214 d'une
741 2179 844 2229 ligne
855 2181 986 2230 piacee

324 2247 390 2270 sur
420 2234 455 2270 le
483 2235 777 2284 prolongement
819 2250 984 2287 perpen-

325 2288 508 2327 diculaire
538 2289 572 2326 d’
593 2290 776 2342 Erythres
793 2321 802 2334 ‚
843 2292 941 2330 douc
962 2293 984 2330 ἒι

322 2347 360 2383 la
399 2345 562 2383 hauteur
600 2345 636 2383 d’
677 2347 870 2399 Erythres.
928 2352 984 2387 La

322 2403 428 2453 ligne
445 2402 508 2440 des
519 2404 652 2441 Perses
670 2404 881 2442 s'etendant
899 2420 984 2445 vers

322 2460 360 2496 le
406 2461 591 2496 territoire
649 2459 697 2497 de
757 2463 888 2499 Plate'e
946 2471 983 2502 et

323 2515 487 2553 bordant
516 2517 540 2552 l'
561 2517 708 2568 Asope,
746 2531 795 2555 on
818 2532 865 2555 en
886 2533 983 2557 con-

329 2573 434 2608 clura
451 2604 460 2622 ‚
491 2586 566 2624 que
593 2574 629 2610 la
651 2574 771 2611 droite
788 2576 880 2613 etoit
899 2591 982 2615 vers

324 2628 455 2664 Platee
476 2636 512 2665 et
542 2643 616 2681 que
646 2631 681 2667 la
701 2631 870 2681 gauche,
913 2647 983 2685 ap-

323 2685 449 2735 puyee
471 2685 490 2720 Ξι
511 2685 692 2737 Erythres
711 2689 878 2739 longeoit
898 2693 983 2742 Hy-

326 2741 437 2777 sies.“
496 2743 568 2786 Qui
589 2742 691 2781 idem
713 2747 811 2783 Gaii.
844 2761 884 2798 p.
898 2748 980 2789 285

322 2797 440 2835 verba
469 2795 508 2845 ἐς
545 2797 620 2850 τήν
654 2803 877 2844 Πλαταιΐδα
902 2806 979 2857 γῆν

1045 975 1161 1018 negat
1195 967 1303 1005 reddi
1339 980 1474 1018 posse:
1518 969 1634 1018 iusqu’
1657 982 1705 1006 au

1045 1027 1219 1062 territoire
1251 1026 1292 1061 de
1316 1025 1460 1072 Platae,
1493 1038 1612 1076 quum
1633 1038 1706 1076 po-

1044 1081 1118 1117 tius
1138 1082 1311 1118 valeant:
1343 1082 1422 1128 „les
1443 1082 1575 1118 Perses
1598 1094 1706 1118 cam—-

1044 1137 1112 1187 pes
1134 1139 1155 1173 ὰ
1183 1138 1220 1174 la
1242 1150 1306 1174 vue
1330 1138 1371 1174 (le
1392 1151 1442 1174 ou
1461 1150 1539 1175 vers
1557 1138 1595 1175 la
1610 1139 1702 1175 Pla-

1043 1193 1185 1232 teidef‘
1258 1194 1442 1244 Erythrae
1492 1193 1542 1231 ad
1587 1197 1704 1243 viam,

1043 1263 1141 1303 quae
1192 1251 1351 1288 Scolum
1407 1252 1579 1289 Plataeas
1630 1250 1708 1289 du-

1043 1309 1153 1344 cebat
1169 1337 1179 1355 ‚
1214 1308 1458 1359 probabiliter
1496 1310 1588 1346 sitae
1623 1309 1707 1345 fue-

1043 1372 1131 1401 runt
1147 1365 1207 1401 vel
1221 1366 1260 1400 in
1276 1366 1359 1416 ipso
1377 1372 1508 1402 monte
1527 1365 1587 1403 vel
1604 1372 1705 1403 certe

1041 1421 1082 1457 in
1129 1422 1208 1458 eius
1259 1420 1534 1459 declivitatibus
1581 1435 1705 1474 eoque

1043 1478 1158 1514 etiam
1170 1477 1258 1515 hinc
1271 1480 1437 1516 referunt
1448 1481 1576 1516 ruinas
1592 1492 1705 1531 quas-

1043 1533 1134 1571 dam
1165 1547 1186 1571 a
1214 1534 1325 1572 docto
1346 1536 1474 1586 Anglo
1498 1537 1550 1572 ibi
1570 1537 1704 1573 inven-

1040 1598 1110 1628 tas.
1169 1591 1248 1629 Sed
1282 1594 1515 1629 accuratiora
1550 1591 1598 1629 de
1630 1594 1704 1629 situ

1040 1648 1143 1684 urbis
1165 1647 1290 1685 adhuc
1313 1648 1462 1689 desunt.
1482 1647 1565 1686 Vid.
1583 1650 1703 1686 Kruse

1040 1705 1216 1754 Hell.11‚
1242 1708 1258 1744 1
1284 1718 1371 1756 pag.
1394 1706 1487 1746 597.
1538 1707 1595 1742 De
1623 1707 1705 1756 ipsa

1040 1763 1208 1799 nominis
1229 1764 1411 1812 scriptura
1431 1791 1440 1809 ‚
1472 1761 1548 1814 quai
1566 1764 1703 1799 Nostro

1042 1831 1194 1868 semper
1212 1815 1419 1869 Ἐρυθραί,
1440 1825 1482 1855 ut
1503 1817 1704 1870 Thucydi-

1044 1873 1082 1911 di
1103 1877 1180 1923 111,
1211 1875 1262 1915 24
1286 1877 1365 1923 (ubi
1394 1875 1495 1916 conf,
1516 1877 1704 1925 interpre-

1043 1933 1116 1981 tes)
1140 1931 1217 1972 vid.
1239 1939 1332 1972 nott.
1357 1931 1404 1969 ad
1424 1933 1462 1979 Ι,
1496 1932 1585 1972 142.
1605 1934 1704 1970 Pro-

1040 1990 1170 2025 ximae
1211 1988 1383 2040 Erythris
1415 1989 1522 2025 fuere
1550 1989 1704 2040 Hysiae,

1044 2047 1149 2082 cuius
1188 2045 1313 2083 adhuc
1350 2044 1541 2098 quaedam
1569 2047 1703 2082 ruinae

1042 2109 1190 2139 exstare
1211 2102 1389 2140 dicuntur
1405 2116 1450 2139 eo
1470 2103 1568 2151 loco,
1585 2116 1703 2155 quem

1042 2171 1147 2195 nuuc
1177 2167 1314 2196 vocant
1338 2159 1479 2197 Calz'via
1499 2173 1530 2200 s.
1556 2166 1599 2196 ut
1622 2160 1702 2197 aliis

1041 2215 1184 2265 piacet,
1235 2215 1409 2252 Pltztana.
1465 2214 1551 2255 Vid.
1580 2217 1702 2254 Kruse

1040 2272 1064 2310 l.
1083 2272 1108 2307 l.
1126 2284 1212 2322 pag.
1230 2273 1309 2312 596
1326 2285 1406 2324 seq.
1427 2278 1464 2309 et
1485 2273 1587 2311 conf.
1602 2279 1700 2311 nott.

1039 2327 1088 2365 ad
1108 2328 1250 2365 Herod.
1271 2329 1326 2377 V,
1347 2327 1417 2369 74.

1091 2402 1337 2460 Ἀτταγῖνος]
1367 2407 1477 2446 Idem
1504 2421 1699 2447 memora-

1038 2471 1100 2501 tur
1133 2466 1210 2511 IX,
1241 2467 1295 2506 86
1328 2472 1364 2502 et
1402 2465 1506 2517 apud
1534 2469 1698 2507 Pausan.

1039 2521 1130 2568 Vll,
1177 2524 1226 2561 10
1258 2523 1294 2567 ξ.
1319 2525 1338 2563 1
1386 2524 1486 2560 inter
1515 2525 1699 2561 Graeciae

1038 2577 1275 2628 proditores3
1324 2578 1506 2632 idemque
1552 2593 1697 2617 nomen

1039 2636 1153 2671 etiam
1190 2634 1387 2673 Athenaeo
1430 2638 1589 2675 restituit
1621 2638 1697 2675 ca-

1037 2693 1226 2728 saubonus
1246 2693 1297 2729 IV
1313 2724 1323 2742 ‚
1354 2697 1407 2734 30
1428 2707 1466 2744 p.
1495 2693 1574 2735 148
1595 2696 1640 2731 Ε.
1656 2707 1696 2745 p.

1039 2751 1089 2789 81
1127 2748 1369 2800 Schweigli,‚
1399 2751 1465 2787 ubi
1495 2750 1544 2788 ad
1571 2753 1696 2788 Hero-

1036 2804 1114 2844 doti
1152 2806 1281 2844 locum
1328 2809 1525 2860 respicitur
1543 2836 1555 2857 ,
1607 2808 1695 2848 coll.
