1839 3292
474 205 944 244 CALLIOPE.

1000 205 1079 244 IX.
1310 208 1393 249 301

141 314 342 374 βοίρους.,
375 315 449 358 καὶ
477 318 590 358 τοῖσι
606 314 987 368 Λακεδαιμονίοισι
1016 313 1170 358 αὐτίκα
1190 314 1296 370 μετὰ
1312 314 1394 370 τήν

143 381 270 438 εὐχὴν
298 382 376 439 τὴν
398 384 655 426 Παυσανίεω
686 382 846 437 ἐγίνετο
867 383 1126 438 θυομένοισι
1156 381 1207 425 τὰ
1227 380 1395 438 σφάγια

114 449 313 505 Ξχρηστά.
375 449 432 501 ὦς
471 451 516 494 δὲ
552 448 694 506 χρόνῳ
732 449 832 492 κοτὲ
867 450 1057 504 ἐγένετο,
1095 450 1282 506 ἐχώρεον
1321 450 1449 494 καὶ35

141 510 268 560 οὗτοι
297 515 364 560 ἐπὶ
395 517 499 568 τούς
529 518 717 570 Πέρσας,
755 517 828 559 καὶ
868 518 910 559 οἱ
946 519 1112 573 Πέρσαι
1148 518 1312 570 ἀντίοι,
1341 516 1395 561 τοὶ

112 582 238 636 3τόξα
267 585 470 640 μετέντες.
527 584 710 640 Ἐγίνετο
749 585 795 628 δὲ
832 588 1010 639 πρῶτον
1048 585 1145 638 περὶ
1184 586 1237 628 τοὶ
1264 586 1399 642 γε’ρῤοι

139 652 264 706 μάχη-

326 651 382 703 ὠς
421 653 467 696 δὲ
504 656 641 695 ταῦτα
669 651 931 703 ἐπεπτώκεε,
974 651 1058 708 ἤδη
1088 652 1249 707 ἐγίνετο
1283 650 1396 708 μάχη

139 718 291 774 ἰσχυρή
331 719 441 773 παρ’
483 718 586 762 αὐτὸ
628 720 677 762 τὸ
706 718 978 774 Δημήτριον,
1020 720 1093 762 καὶ
1131 719 1293 776 χρόνον
1327 719 1396 762 ἐπὶ

135 785 320 835 πολλὸν,
352 788 393 838 ές
423 786 448 830 ὃ
477 785 684 830 ἀπίκοντο
714 786 756 836 ἐς
789 785 1010 842 ω’θισμόν·
1040 787 1092 830 τά
1122 786 1207 843 γάρ
1229 785 1394 842 δόρατα

105 852 521 908 4ἐπιλαμβανόμενοι
537 854 753 897 κατέκλων
779 855 822 896 οἷ
843 852 1073 909 βάρβαροι.
1129 853 1288 909 λήματι
1313 855 1393 908 μέν
1404 861 1450 895 90

134 936 218 962 νυν
247 921 319 963 καὶ
350 922 473 978 ῥώμῃ
504 921 586 965 οὐκ
623 923 797 972 ἕσσονες
825 916 937 977 ἦσαν
977 923 1020 964 οἱ
1055 921 1248 977 Πέρσαι·
1288 920 1398 965 ἄνο-

133 991 235 1031 πλοι
268 989 314 1032 δὲ
341 988 508 1042 ἐόντες,
545 989 618 1033 καὶ
654 990 764 1046 πρὸς
789 987 1127 1046 ἀνεπιστήμονες
1156 985 1293 1046 ἦσαν,
1324 988 1399 1033 καὶ

77 1147 206 1204 χρόνῳ
219 1149 306 1190 κοτὲ
316 1148 463 1203 ἐγένετο
480 1149 730 1190 Valckenaer.

78 1208 146 1254 (ad
195 1208 364 1258 Euripid.
401 1205 597 1244 Phoeniss.
636 1209 731 1256 313)

79 1277 167 1301 cum
186 1263 374 1305 Larchero
403 1262 572 1300 dativum
602 1261 730 1317 χρόνῳ

77 1322 344 1371 iuterpretatur
365 1320 516 1358 tandem.
568 1322 619 1357 At
641 1334 732 1370 pro-

76 1378 157 1428 prie
177 1378 296 1414 valet:
326 1382 470 1427 tempore
490 1377 608 1427 aliquo
620 1390 731 1426 prae-

74 1434 236 1485 terlapw.
293 1436 358 1471 Tu
376 1433 451 1471 vid.
472 1440 567 1470 nott.
598 1433 646 1469 ad
665 1434 729 1479 ΠΙ,

79 1492 143 1529 13.
210 1490 272 1527 Ad
311 1498 580 1541 argumentum
627 1489 729 1529 conf.

74 1546 265 1584 Plutarch.
286 1546 438 1584 Aristid.
464 1548 513 1587 18
534 1547 615 1583 init.

129 1603 278 1654 ἐγίνετο
307 1601 349 1642 δὲ
378 1605 536 1654 πρῶτον
564 1601 654 1654 περὶ
679 1599 727 1641 τοὶ

71 1657 191 1711 γε’(ἷροι
213 1656 338 1710 μάχη]
360 1660 574 1696 Articulum
594 1658 622 1710 ἦ
641 1666 728 1696 ante

73 1713 202 1766 μάχην
231 1730 320 1752 cum
357 1723 478 1764 recte,
520 1723 728 1767 praeeunte

73 1771 224 1810 Schaef.
239 1802 248 1820 ‚
280 1772 474 1809 delevisset
495 1771 727 1823 Schweigh„

72 1841 188 1879 quem
209 1830 323 1865 etiam
342 1831 476 1881 reliqui
502 1829 590 1867 edd.
611 1831 729 1866 secuti

70 1892 176 1932 sunt,
221 1893 349 1936 postea
389 1899 477 1922 eum
512 1888 726 1923 restitutum

70 1942 173 1988 vult,
203 1955 271 1991 pro
301 1941 447 1993 ἐγίνετο
486 1942 725 1979 commodius

69 1997 146 2047 legi
175 2010 283 2047 posse
306 2005 405 2034 ratus
427 1997 589 2050 ἐγένετο.
627 2000 724 2036 Gail.

69 2055 141 2099 (Le
161 2053 345 2104 philolog.
370 2056 402 2091 V
421 2068 508 2105 pag.
531 2056 611 2095 215
638 2056 723 2093 coll.

67 2108 119 2145 IV
140 2123 225 2160 pag.
248 2110 360 2160 371.)
391 2109 485 2147 haec
510 2113 558 2147 ita
581 2113 723 2148 Gallice

69 2165 212 2203 reddit:
243 2167 273 2203 le
292 2168 425 2204 combat
447 2181 482 2205 se
500 2168 612 2204 donna
640 2169 723 2205 (Ιά-

71 2221 156 2258 bord
181 2225 203 2259 (ὶ
222 2224 259 2260 la
284 2224 466 2274 palz'ssade
496 2225 556 2261 des
581 2225 721 2274 gerrloes

73 2277 292 2329 (boucliers)
302 2280 483 2332 idemque
496 2282 608 2317 etiam
629 2295 722 2332 pro-

69 2333 172 2369 xime
212 2337 490 2374 antecedentia:
540 2335 588 2376 w*
626 2335 722 2385 τόξα

71 2388 241 2437 μετέντες
262 2393 312 2428 ita
343 2393 449 2430 reddi
470 2395 550 2431 vult
576 2395 619 2443 (l.
640 2396 666 2431 l.
687 2396 720 2432 V

69 2457 157 2494 pag·
192 2449 271 2486 232
298 2450 418 2501 seq.):
457 2453 602 2488 rez'etant
629 2451 720 2488 leurs

70 2513 149 2537 arcs
181 2502 327 2541 derrz'ere
361 2520 447 2554 eux,
481 2511 561 2557 post
602 2512 718 2556 terga.

68 2557 135 2592 Est
157 2565 294 2600 autem,
323 2561 354 2597 si
369 2562 459 2613 quid
480 2563 603 2611 video,
624 2563 718 2601 haec

67 2614 254 2663 scriptoris
275 2620 479 2655 sententia:
501 2621 631 2657 Persas
648 2622 719 2657 ob-

67 2671 168 2704 viam
196 2672 323 2716 ivisse,
352 2677 482 2711 omissis
500 2689 530 2713 s.
559 2680 718 2726 sepositis

69 2727 251 2772 arcubus,
282 2742 369 2765 cum
395 2732 470 2767 scil.
500 2732 632 2781 gladiis
660 2741 718 2770 at-

68 2794 140 2833 que
166 2782 277 2821 hastis
302 2798 404 2823 nunc
440 2794 643 2827 uterentur.
664 2812 720 2818 —-

782 1145 977 1202 Ἐχώρεον
996 1148 1058 1190 ἐπὶ
1074 1146 1167 1195 τούς
1184 1147 1341 1202 Πέρσας
1361 1149 1447 1188 red-

788 1207 842 1244 dit
863 1209 906 1244 Ο.
933 1206 1000 1245 Ch.
1022 1207 1280 1243 Kellermaun.
1309 1208 1384 1256 (De
1405 1221 1447 1244 re

787 1265 939 1300 militari
999 1262 1208 1300 Arcadum.
1265 1262 1446 1302 Monach.

792 1323 892 1361 1831
929 1333 1016 1370 pag.
1039 1323 1106 1365 63)
1139 1320 1342 1357 incedebant
1375 1320 1447 1357 ad-

785 1389 913 1413 versus
935 1376 1083 1413 hostem
1094 1389 1215 1427 eoque
1227 1377 1342 1413 verbo
1356 1390 1446 1428 gra-

786 1434 932 1469 viorem
964 1433 1074 1468 illum
1112 1431 1347 1483 hoplitarum
1382 1435 1447 1470 in-

786 1502 932 1526 cessum
952 1488 1109 1525 indicari
1124 1496 1243 1539 putat.

840 1542 882 1584 τὸ
919 1543 1190 1596 Δημήτριον]
1241 1544 1326 1583 Vid.
1364 1547 1441 1594 IX,

785 1601 839 1642 57
869 1609 905 1638 et
936 1602 984 1639 ad
1003 1603 1116 1640 verba
1150 1615 1257 1654 seqq.
1296 1599 1443 1653 χρόνον

785 1657 850 1697 ἐπὶ
871 1655 1018 1698 πολλόν
1050 1657 1150 1696 conf.
1172 1659 1283 1696 allata
1303 1658 1351 1696 ad
1370 1660 1440 1706 IX,

783 1717 852 1754 22.
917 1716 975 1751 De
1008 1728 1102 1752 voce
1136 1709 1318 1767 ὠθισμός
1338 1716 1443 1754 conf.

782 1778 878 1811 nott.
900 1770 947 1808 ad
967 1773 1056 1819 Vll,
1079 1771 1173 1813 225.

839 1824 886 1866 τοῖ
903 1825 973 1880 yolo
1006 1825 1154 1880 δόρατα
1173 1824 1444 1878 ἐπιλαμβανό*

783 1898 894 1933 μενοι
907 1883 1225 1934 κατέκλων]Βευο
1239 1883 1442 1935 Schweig-

783 1940 1009 1977 haeuserus:
1052 1943 1173 1978 etenim
1204 1941 1337 1978 Persae
1370 1942 1441 1979 Ιια-

781 2001 854 2034 stas
897 1998 1107 2034 Graecorum
1146 1993 1266 2049 (quae
1298 2011 1440 2047 nempe

779 2055 854 2090 suis
891 2054 1080 2104 longiores
1116 2056 1241 2099 erant)
1280 2055 1439 2090 manibus

773 2110 959 2160 prehensas
967 2110 1167 2161 fregerunt.
1197 2134 1230 2138 —
1252 2109 1314 2146 Ad
1330 2123 1437 2161 seqq.

780 2168 879 2206 conf.
902 2167 1052 2204 Pseudo
1065 2165 1287 2203 -Plutarch,
1302 2168 1338 2203 II
1348 2180 1435 2217 pag.

779 2224 860 2278 874
880 2225 929 2264 A.
952 2231 988 2260 et
1009 2223 1056 2260 de
1083 2236 1177 2261 voce
1205 2225 1313 2275 λῆμα
1341 2230 1438 2260 nott.

779 2278 828 2315 ad
851 2281 904 2326 V,
929 2283 998 2321 72.

834 2333 1003 2376 ἄνοπλοι
1027 2333 1068 2375 δὲ
1087 2332 1237 2384 ἐόντες]
1268 2332 1437 2375 ἄνοπλοι

777 2394 877 2429 male
903 2393 1069 2431 reddunt
1100 2395 1244 2430 inermes
1272 2399 1337 2428 aut
1348 2392 1436 2430 mal-

777 2452 910 2498 arme's‚
955 2450 1058 2502 quod
1089 2450 1198 2485 Gallo
1239 2449 1436 2498 interpreti

774 2507 869 2543 Miot
889 2508 1050 2557 placuit,
1077 2513 1119 2542 ut
1138 2506 1217 2543 scil.
1239 2517 1343 2541 arma
1362 2503 1435 2541 ha·-

774 2563 925 2600 buerint
950 2563 997 2600 ad
1028 2576 1139 2600 usum
1168 2563 1295 2598 minus
1324 2573 1435 2598 com-

773 2618 902 2656 moda.
959 2621 1018 2656 De
1048 2631 1122 2671 quo
1143 2625 1273 2654 tamen
1302 2631 1434 2655 vereor

776 2668 817 2712 ut
856 2675 1070 2713 Herodotus
1106 2675 1298 2724 cogitarit3
1346 2681 1434 2711 sunt

780 2733 882 2768 enim
905 2729 1073 2772 ὄίνοπλοι
1095 2732 1215 2768 leviter
1244 2733 1377 2769 armati
1401 2746 1431 2770 s,

780 2789 908 2840 clypeis
938 2790 1088 2832 nudati3
1126 2787 1228 2826 unde
1265 2789 1343 2839 IX,
1379 2790 1431 2829 63
