1839 3292
30 304 137 331 mirum
148 304 178 330 in
191 303 309 332 modum

29 337 196 367 firmantur.

363 195 449 236 348

770 195 1232 232 HERODOTI

337 302 491 360 Ξφάνη
520 303 588 347 ἐπὶ
615 306 690 359 τῆς
717 307 974 358 κυματωγῆς
1003 304 1214 358 κείμενον.
1243 302 1269 358 ἡ
1292 304 1337 347 δὲ
1368 302 1489 359 φήμη
1522 305 1634 358 διῆλ-

363 372 417 416 θέ
447 382 526 427 σφι
559 366 662 422 ὦδε,
695 369 754 421 ὠς
786 373 828 413 οἵ
854 370 1058 426 ’Ἕλληνες
1096 370 1175 425 τὴν
1207 373 1471 424 Μαρδονίου
1502 383 1632 424 στρα-

335 438 457 495 3τιήν
486 442 646 495 νικῷεν
677 439 723 481 ἐν
743 442 976 481 Βοιωτοῖσι
1002 437 1249 493 μαχόμενοι.

1310 443 1432 494 Δῆλα
1453 438 1506 494 δὴ
1525 444 1630 482 πολ-
1646 447 1690 480 80

365 512 480 551 λοῖσι
509 508 777 561 τεκμηρίοισί
807 507 895 549 ἐστι
933 505 985 548 τοέ
1016 510 1117 547 θεῖα
1146 510 1236 548 τῶν
1265 505 1555 561 πρηγμάτων·
1599 510 1635 550 εἰ

370 574 444 618 καὶ
476 573 570 616 τότε
599 578 675 630 τῆς
707 574 841 629 αὐτῆς
875 573 1038 629 ἡμέρης
1058 574 1387 630 συμπιπτούσης
1406 579 1486 617 τοῦ
1515 589 1558 616 τε
1590 574 1635 617 ἐν

364 645 607 699 Πλαταιῇσι
646 644 719 685 καὶ
757 647 838 686 τοῦ
876 643 920 686 ἐν
962 643 1154 700 Μυκάλῃ
1191 643 1422 697 μέλλοντος
1460 642 1636 686 ἔσεσθαι

363 708 608 765 τρώματος,
640 709 762 766 φήμη
789 717 903 754 τοῖσι
922 711 1100 767 “’Έλλησι
1130 716 1244 754 τοῖσι
1272 709 1408 767 ταύτῃ
1441 711 1634 754 ἐσαπίκε-

360 794 424 821 το.

213 848 310 894 101
370 846 442 890 καὶ
482 846 649 890 ἐθέλειν
687 847 1020 902 προθυμότερον
1069 848 1354 891 κινδυνεύειν.

485 777 592 821 ὥστε
621 780 845 833 θαρσῆσαί
874 796 917 821 τε
946 779 1025 834 τὴν
1051 778 1257 833 στρατιὴν
1287 783 1432 834 πολλῷ
1460 783 1634 832 μᾶλλον,

1416 847 1503 890 Καὶ
1540 845 1689 890 τόδε85

364 915 512 968 ἕτερον
542 914 747 957 συνέπεσε
769 915 1018 969 γενόμενον,
1046 914 1278 970 Δήμητρος
1305 915 1479 970 τεμένεα
1495 913 1634 958 Ἐλευ-

366 984 505 1037 σινίης
526 982 646 1034 παρὰ
667 982 918 1038 ἀμφοτέρας
941 982 1017 1033 τὰς
1041 984 1263 1037 συμβολὰς
1295 982 1416 1026 εἶναι.
1448 984 1519 1025 καὶ
1550 982 1632 1038 γὰρ

363 1050 416 1104 δὴ
448 1049 494 1092 ἐν
522 1054 575 1107 τῇ
598 1053 827 1094 mama&
847 1048 946 1104 παρ’
980 1048 1088 1093 αὐτὸ
1120 1052 1166 1095 τό
1190 1050 1444 1107 Δημήτριον
1466 1051 1632 1106 ἐγένετο

363 1118 444 1173 (ὦς
472 1119 544 1161 καὶ
575 1117 790 1172 πρότερόν
818 1136 893 1174 μοι
925 1120 1107 1174 εἴρηται)
1139 1118 1165 1174 ἡ
1196 1119 1331 1174 μάχη,
1362 1118 1435 1161 καὶ
1466 1118 1512 1160 ἐν
1531 1121 1630 1160 Μυ-
1643 1124 1689 1158 90

334 1187 474 1243 Ξκάλῃ
509 1186 653 1241 ἔμελλε
685 1184 890 1238 ὡσαύτως
921 1188 1106 1230 ἔσεσθαι.
1164 1187 1392 1242 γεγονέναι
1432 1186 1478 1229 δὲ
1507 1187 1633 1241 νίκην

362 1259 451 1298 τῶν
481 1254 586 1310 μετὰ
617 1257 880 1299 Παυσανίεω
906 1254 1121 1311 Ἑλλήνων
1163 1254 1311 1310 ὀρθῶς
1342 1267 1420 1311 σφι
1448 1252 1474 1310 ἡ
1508 1252 1632 1310 φήμη

300 1477 403 1514 inter
423 1477 496 1513 alia
515 1476 674 1513 Homeri
695 1475 770 1512 vit.
801 1489 862 1526 cp.
902 1476 968 1515 19.

311 1533 365 1575 34
387 1533 496 1570 affert
517 1540 554 1570 et
584 1546 633 1569 ex
668 1531 849 1583 Sophoel.
874 1531 967 1570 Oed.

309 1591 390 1627 Col·
417 1593 520 1630 1307
552 1588 677 1628 δειναὶ
709 1592 970 1640 κυματοαγεῖς

306 1644 411 1693 ἆται,
443 1646 489 1683 de
503 1647 702 1694 fluctibus,
737 1648 858 1697 quiin
882 1648 969 1682 lito-

306 1717 347 1741 ra
367 1704 616 1754 impelluntur
654 1710 693 1740 et
730 1704 971 1753 franguntur.

362 1781 391 1834 ἦ
409 1781 451 1822 δὲ
468 1779 582 1833 φήμη
598 1780 741 1833 διῆλθέ
757 1783 845 1830 σφι]
862 1781 966 1829 „Fa—

306 1853 400 1877 mam
425 1840 466 1877 de
501 1842 648 1877 victoria
671 1840 719 1877 acl
741 1839 914 1876 Plataeas
945 1852 965 1875 a

308 1898 461 1934 Graecis
486 1903 698 1948 reportata,
732 1909 847 1947 qnam
869 1895 969 1932 divi-

306 1956 406 1991 nitus
429 1961 551 1990 ortam
574 1954 719 1990 censuit
739 1952 968 2000 Herodotus,

306 2024 328 2047 a
358 2010 597 2062 Leutychide
627 2011 680 2046 rei
720 2011 853 2061 ignaro
875 2023 965 2061 pru-

306 2067 441 2105 denter
485 2068 689 2105 confictam
734 2069 859 2104 verius
906 2067 968 2102 alii

305 2132 529 2162 statuerunt.
594 2123 680 2161 Vid.
711 2124 866 2161 Diodor.
897 2125 965 2171 XI,

305 2184 373 2223 35.
408 2182 620 2219 Casaubon.
643 2180 692 2217 ad
712 2183 965 2233 Polyaenum,

303 2239 514 2289 Spartiatae
544 2245 771 2288 strategema
792 2251 966 2275 comme-

301 2303 517 2332 morantem
537 2297 580 2342 I,
604 2297 697 2335 ὅδὲ(
751 2294 963 2332 ΙίιίεΙεειι.

302 2352 493 2405 Equidem
526 2365 593 2388 cnr
623 2350 818 2388 Herodoto
863 2351 965 2388 diffi-

304 2409 416 2457 dam,
438 2423 515 2446 non
536 2407 675 2445 habeo.

361 2479 433 2526 τῆς
469 2472 593 2527 αὐτῆς
622 2473 773 2526 ἡμέρης
816 2487 963 2523 συμπι-

305 2531 482 2584 πτούσης
501 2549 536 2572 κ.
549 2549 581 2572 τ.
598 2534 652 2581 L]
674 2533 965 2581 VVesselingius,

306 2592 366 2627 cui
394 2590 488 2627 haec
516 2591 746 2627 inconcinna
773 2595 809 2624 et
840 2590 965 2639 impe-

306 2646 383 2683 dita
412 2647 649 2695 videbantur,
678 2647 789 2684 scribi
809 2647 963 2683 maluit:

304 2705 375 2754 τῆς
394 2699 521 2754 αὐτῆς
540 2703 701 2756 ἡμέρης,
721 2704 964 2753 συμπίπτον-

302 2775 369 2806 τος
390 2762 462 2798 τοῦ
481 2775 514 2798 κ.
538 2777 568 2798 τ.
588 2764 623 2799 λ.
644 2768 685 2797 ut
705 2761 961 2810 intelligamus

302 2817 351 2854 acl
372 2816 542 2855 Plataeas
552 2821 731 2868 acces-tam
751 2825 787 2854 et
805 2817 852 2854 ad
867 2817 960 2868 2in-

1025 1475 1123 1515 calen
1137 1473 1303 1524 futuram
1332 1472 1521 1512 Persarum
1541 1474 1687 1523 cladem,

1026 1537 1208 1581 utramque
1245 1530 1356 1567 eodem
1400 1532 1468 1570 die.
1528 1533 1688 1569 wesse-

1025 1591 1144 1639 lingio
1157 1589 1241 1639 (qni
1255 1586 1301 1623 de
1314 1589 1429 1624 verbo
1448 1589 1686 1636 συμπίπτειν

1027 1649 1173 1684 confert
1207 1645 1315 1689 5'111,
1361 1644 1424 1685 15.
1465 1646 1543 1692 IX,
1586 1646 1685 1694 101)

1027 1716 1196 1740 assensus
1219 1709 1271 1737 est
1292 1700 1516 1738 Larcherus.
1568 1703 1687 1753 Equi-

1028 1760 1117 1797 dem
1139 1772 1227 1796 cum
1241 1757 1606 1807 Schweighaeusero
1627 1758 1688 1794 sa-

1024 1831 1108 1854 cere
1118 1817 1248 1852 malim
1262 1816 1313 1851 ita
1324 1816 1525 1851 scribenti:
1548 1814 1687 1863 „Quod

1023 1876 1054 1912 si
1073 1869 1197 1923 αὐτῆς
1210 1873 1365 1919 abesset,
1387 1873 1583 1908 neminem
1603 1879 1686 1908 tur-

1024 1932 1159 1968 batura
1181 1937 1260 1966 erat
1282 1927 1375 1964 haec
1397 1929 1562 1966 locutio:
1586 1930 1686 1966 coin-

1026 1988 1158 2026 calente
1181 1987 1237 2023 die
1257 1988 1441 2034 utriusque
1461 1986 1588 2023 cladis.
1610 1987 1685 2022 Fe-

1025 2045 1144 2081 renda
1164 2056 1254 2079 vero
1278 2043 1391 2078 etiam
1412 2042 1561 2079 videtur
1582 2043 1685 2079 vocis

1025 2098 1150 2151 αὐτῆς
1181 2098 1434 2136 abundantia:
1483 2107 1536 2136 est
1567 2101 1682 2146 enim,

1025 2160 1131 2210 quasi
1160 2156 1312 2193 dixisset
1343 2158 1379 2192 in
1416 2156 1561 2192 eundem
1594 2156 1684 2192 diem

1022 2220 1174 2264 utraque
1207 2213 1323 2249 clades
1363 2213 1566 2249 coincz·‹lit.“
1624 2213 1682 2248 Ac

1021 2273 1155 2321 Negris
1176 2282 1329 2320 quoqne
1349 2270 1429 2304 sine
1451 2270 1528 2305 ulla
1548 2282 1683 2305 neces-

1021 2330 1128 2365 sitate
1165 2327 1277 2364 scribi
1299 2332 1407 2376 putat
1433 2327 1682 2376 συμπίπτον-

1021 2401 1100 2432 τος.

1258 2462 1350 2513 cap.
1382 2461 1444 2498 CI.

1078 2546 1175 2604 παρ’
1215 2548 1312 2591 αὐτὸ
1354 2548 1397 2590 τὸ
1434 2546 1678 2603 Δημήτριον]

1022 2611 1133 2649 Confi
1154 2610 1233 2656 IX,
1264 2610 1331 2649 57.
1353 2612 1419 2649 62.

1077 2697 1216 2752 ὀρθῶς
1251 2710 1323 2748 σφι
1350 2692 1375 2748 ἦ
1412 2691 1527 2747 φήμη
1565 2693 1679 2734 συνέ-

1019 2760 1132 2810 βαινε
1162 2755 1352 2804 ἐλθοῦσα]
1398 2755 1423 2791 i.
1457 2767 1490 2789 e.
1517 2755 1604 2789 recte
1632 2752 1678 2788 iis

1018 2815 1152 2854 accidit
1177 2812 1284 2864 fama
1304 2812 1488 2849 adveniens
1519 2822 1549 2846 s.
1577 2814 1677 2844 recte
