1839 3292
286 179 371 221 376
833 178 1212 218 COMMENTATIO

979 647 1018 692 ᾗ.
1050 649 1088 686 1.

402 757 660 796 Exordiamur
688 757 779 795 locis
808 758 968 796 classicis
997 757 1140 797 Suidae
1172 765 1209 795 et
1229 759 1318 794 Auli
1339 758 1466 796 Gellii.
1524 759 1697 806 Quorum
1717 759 1781 796 ille

287 817 341 856 sic
362 814 477 854 habet
499 817 550 865 (ΙΙ
571 830 609 866 p.
626 817 679 855 76
708 816 857 853 Kuster.
877 829 894 852 s
916 817 966 853 T.
987 817 1005 852 I
1021 830 1056 867 p.
1082 818 1188 856 1697
1211 813 1372 867 Gaisf.):

399 869 644 924 Ἡρόδοτος,
680 868 822 942 Λύξου
852 870 920 911 καὶ
950 874 1130 923 Δρυοῦς,
1179 868 1528 921 Αλικαρνασσευς,
1577 872 1659 910 τῶν
1697 869 1784 911 ἐπι-

289 932 433 983 φανῶν
461 927 529 968 καὶ
560 924 733 977 ἅδελφὸν
764 925 938 979 ἐσχηκως
970 926 1194 979 Θεόδωρον,
1226 928 1386 980 μετέστη
1413 925 1454 967 δ’
1485 927 1527 966 ἐν
1558 923 1684 981 Σάμῳ
1716 924 1784 967 διοὶ

290 984 526 1038 Λύγδαμιν,
557 999 628 1024 τον
657 979 738 1023 οἷπὸ
766 980 1010 1042 Ἀρτεμισίοις
1039 986 1170 1034 τρίτον
1200 982 1402 1037 τύραννον
1431 980 1646 1037 γενόμενον
1683 982 1785 1024 Ἁλι-

288 1043 533 1094 παρνασσοῦ.
593 1041 830 1092 Πισίνὸηλις
858 1057 932 1111 γαρ]
957 1043 1007 1093 ἠν
1036 1038 1122 1088 ὐἱὸς
1149 1021 1419 1093 Ἀρτεμισίας·
1463 1043 1535 1080 τοῦ
1565 1039 1608 1080 δὲ
1641 1043 1786 1080 Πισιν-

288 1096 452 1166 δήῇιδος
492 1094 714 1150 Λύγδαμις
771 1093 837 1137 Ἐν
882 1100 956 1138 οὐν
1000 1114 1046 1152 τῃ
1087 1095 1212 1151 Σοῖμῳ
1251 1097 1320 1137 καὶ
1360 1094 1435 1148 τὴν
1475 1093 1579 1136 Ἰαδα
1617 1092 1785 1148 ησκήθη

289 1154 497 1198 διαλεκτον
533 1153 601 1194 καὶ
641 1153 816 1206 ἔγραψεν
857 1155 1033 1206 ἱστορίαν
1077 1153 1120 1194 ἐν
1165 1153 1336 1206 βιβλίοις
1374 1150 1414 1193 θ’
1447 1149 1673 1205 αρξάμενος
1703 1150 1826 1221 οὔτθ’

289 1210 433 1284 Κύρου
462 1212 537 1251 τοῦ
568 1209 728 1263 Πέρσου
759 1210 827 1251 καὶ
857 1208 1099 1251 Κανδαύλου
1130 1214 1203 1251 τοῦ
1220 1212 1370 1250 Λυδῶν
1390 1209 1601 1263 βασιλέως·
1629 1206 1787 1250 Ἐλθών

289 1268 333 1310 δὲ
365 1269 421 1317 εἰς
449 1264 758 1320 Αλικαρνασσὸν
791 1267 860 1308 καὶ
891 1265 961 1308 τόν
991 1264 1193 1320 τύραννον
1222 1264 1431 1316 ἐξελάσας,
1462 1263 1600 1318 ἐπειδη
1622 1264 1788 1320 ὕστερον

290 1323 397 1367 εἶδεν
441 1321 582 1366 ἑαυτὸν
625 1321 920 1394 φθονούμενον
958 1341 1039 1365 υπο
1079 1327 1159 1364 τῶν
1199 1327 1395 1382 πολιτῶν,
1434 1324 1490 1371 εἰς
1527 1339 1570 1363 το
1613 1321 1787 1376 Θούριον

289 1378 620 1449 ἆποικιζόμενον
632 1378 710 1421 ’ὑπὸ
737 1377 990 1433 Ἀθηναίων,
1023 1377 1237 1432 ἐθελοντης
1280 1375 1408 1432 ἦλθε
1448 1376 1568 1420 κοῖκεῖ
1608 1379 1788 1432 τελευτή-

289 1453 361 1487 σας
394 1438 461 1480 ἐπὶ
490 1441 561 1490 τῆς
594 1433 745 1490 α’γορᾶς
773 1438 983 1478 τέθαπται.
1059 1436 1148 1477 Tm&
1133 1454 1172 1484 cg·
1203 1436 1245 1477 δὲ
1276 1437 1318 1477 ἐν
1341 1436 1472 1492 Πέλλῃ
1506 1433 1628 1478 αὐτὸν
1656 1441 1789 1479 τελευ-

289 1494 406 1550 τῆσαί
436 1508 575 1545 φασιν.
631 1491 947 1548 Ετιγραφονται
977 1492 1018 1534 δὲ
1050 1510 1089 1534 οι
1118 1493 1229 1547 λόγοι
1265 1491 1390 1534 αὐτοῦ
1422 1496 1606 1534 Μοῦσαι.

401 1554 507 1599 Quae
529 1559 739 1604 sequuntur
759 1554 925 1605 reliqua,
949 1552 996 1588 ad
1018 1559 1187 1589 nostram
1208 1566 1290 1589 rem
1311 1553 1438 1589 minus
1458 1558 1641 1602 spectant.

395 1611 504 1650 Alter
522 1610 628 1646 locus
660 1610 772 1646 Gellii
791 1611 901 1647 estin
926 1611 1053 1646 Noctt.
1075 1611 1154 1646 Att.
1176 1609 1261 1655 XV,
1285 1612 1336 1649 23
1359 1611 1411 1646 sic
1432 1609 1655 1645 scribentis:

511 1667 779 1715 ‚‚Hellanicus,
817 1665 1046 1713 Herodotus,
1078 1664 1351 1718 Thucydides,
1383 1664 1560 1702 historiae
1579 1666 1788 1716 scriptores,

511 1724 552 1759 in
582 1722 717 1759 iisdem
737 1724 973 1774 temporibus
994 1723 1072 1759 fere
1097 1722 1211 1759 laude
1231 1723 1377 1773 ingenti
1398 1723 1608 1759 floruerunt
1643 1729 1679 1759 et
1712 1735 1791 1759 non

511 1780 625 1816 nimis
646 1781 760 1830 longe
783 1779 1005 1817 distantibus
1027 1780 1182 1816 fuerunt
1197 1781 1395 1816 aetatibus.
1453 1781 1552 1816 Nam
1572 1779 1791 1816 Hellanicus

511 1837 551 1873 in
582 1837 690 1873 initio
720 1838 808 1873 belli
835 1837 1153 1887 Peloponnesiaci
1184 1837 1299 1873 fuisse
1331 1837 1502 1889 quinque
1535 1842 1572 1872 et
1593 1837 1791 1886 sexaginta

514 1906 634 1930 annos
655 1900 766 1930 natus
786 1893 937 1931 videtur
952 1923 962 1941 ‚
994 1894 1197 1931 Herodotus
1228 1897 1297 1930 tres
1318 1898 1349 1931 et
1369 1895 1645 1943 quinquaginta,
1677 1891 1793 1929 Thu-

514 1948 670 2002 cydides
710 1949 975 2002 quadraginta.
1037 1951 1235 2002 Scriptum
1264 1949 1337 1988 hoc
1367 1951 1408 1986 in
1443 1951 1541 1987 libro
1579 1951 1638 1986 XI
1673 1951 1792 1987 Pam-

514 2006 654 2058 philae.
660 2008 683 2027 “
714 2005 759 2058 ³⁶)

298 2062 408 2102 Unde
425 2075 660 2116 consequens
682 2072 747 2110 est,
777 2064 923 2101 bellum
937 2064 1309 2114 Peloponnesiacum
1325 2077 1366 2101 01
1370 2071 1452 2101 tum
1473 2077 1563 2101 cum
1582 2063 1628 2100 sit
1641 2063 1792 2114 0131np

296 2122 483 2159 LXXXV
486 2123 532 2170 11,
558 2124 576 2160 1
606 2122 686 2158 sive
706 2121 784 2162 431
811 2134 844 2158 a.
867 2119 957 2158 Chr.
985 2134 1039 2168 n.,
1070 2119 1310 2157 Heiodotum
1340 2121 1452 2158 fuisse
1482 2127 1617 2157 natum
1638 2120 1792 2170 Olymp.

297 2178 477 2225 LXXIV,
503 2180 521 2217 1
543 2178 621 2215 sive
641 2177 722 2219 484
753 2191 787 2215 a.
820 2175 910 2214 Chr.
939 2191 978 2214 n.
999 2190 1067 2213 sex
1093 2178 1207 2225 igitur
1229 2179 1336 2214 annis
1357 2185 1440 2228 post
1465 2189 1636 2228 pugnam
1666 2177 1793 2213 Mara-

297 2234 472 2273 thoniam
494 2241 530 2271 et
546 2241 708 2286 quatuor
729 2235 836 2272 annis
853 2241 939 2270 ante
971 2234 1111 2270 Xerxis
1133 2233 1417 2284 expeditionem
1435 2235 1473 2270 in
1501 2234 1701 2270 Graeciam
1721 2246 1794 2284 pu-

299 2304 494 2343 gnamque
516 2291 793 2337 Salaminiam,
824 2293 875 2328 ita
899 2297 941 2327 ut
955 2320 964 2337 ,
998 2291 1062 2342 qui
1082 2304 1178 2341 puer
1199 2292 1297 2327 bella
1320 2293 1470 2328 Persica
1490 2289 1619 2327 videre
1639 2291 1704 2327 vix
1724 2303 1794 2341 po-

300 2349 384 2397 tuit,
406 2361 469 2385 eos
489 2354 639 2396 tamen,
672 2349 736 2400 qui
758 2347 815 2384 his
835 2348 943 2384 bellis
964 2347 1226 2395 interfuerant,
1258 2361 1488 2398 cognoscere
1510 2347 1695 2398 potuerit3
1726 2359 1794 2384 cu-

300 2406 358 2443 ius
390 2406 445 2442 rei
477 2403 662 2443 indicium
682 2405 863 2456 praebere
883 2403 1033 2442 videtur
1052 2417 1177 2441 sermo
1199 2417 1287 2442 cum
1318 2404 1563 2442 Thersandro
1586 2402 1793 2442 Orchome-

394 2608 432 2650 *)
478 2608 578 2648 Quae
604 2606 725 2639 mulier
748 2605 871 2647 (locta,
894 2604 1045 2639 Neronis
1069 2604 1244 2650 aequam,
1281 2604 1495 2638 historiarum
1519 2603 1625 2637 libros
1650 2602 1794 2637 xxxm

305 2653 481 2697 scripsisse
506 2658 540 2687 et
565 2653 703 2686 Ctesiae
729 2651 868 2685 Persica
892 2651 927 2685 in
953 2651 1121 2695 epitomen
1148 2651 1321 2694 redegisse
1346 2653 1465 2684 teu-tur.
1514 2651 1569 2684 Cf.
1605 2649 1728 2683 Suidas
1753 2649 1796 2684 T.

306 2698 355 2731 111
390 2711 421 2743 p.
449 2700 491 2733 14
514 2699 739 2732 Kust.Phot.
778 2697 1334 2731 Cod.CLxXV.S‹11611.His.t
1361 2698 1424 2730 litt.
1450 2698 1576 2730 Gnaeo.
1602 2695 1635 2728 11
1659 2707 1691 2739 p.
1717 2696 1794 2729 380.

307 2743 377 2777 Sed
415 2744 627 2803 Pamphila?¹
662 2748 700 2778 ut
724 2749 838 2778 monet
863 2744 1071 2802 Cramer-us,
1095 2743 1133 2806 ἰιιι
1153 2743 1317 2776 nonnullis
1345 2744 1581 2806 rgetNJragatulus
1604 2747 1680 2775 erat.
1704 2740 1796 2774 Κιῡ-

307 2801 380 2835 ger.
405 2790 481 2824 V1d.
507 2791 550 2825 ad
575 2791 712 2825 (Amtou
739 2791 771 2824 F
774 2795 840 2825 ast.
865 2790 996 2824 Hellen.
1022 2789 1039 2822 1
1065 2801 1100 2834 p.
1122 2789 1167 2823 23
1192 2790 1264 2823 coll.
1292 2801 1324 2835 p.
1352 2790 1408 2825 29.
