1839 3292
57 324 119 366 32

567 208 867 245 URANIA.
925 208 1061 246 VIII.
1382 214 1434 251 41

185 322 310 361 λοῖσι.
362 315 438 366 Ὡς
469 316 514 359 δὲ
545 317 590 359 ἐκ
619 320 695 372 τῆς
722 317 921 370 Δωρίδος
947 315 989 366 ἐς
1018 315 1096 372 τὴν
1135 318 1313 360 Φωκίδα
1350 317 1436 360 {621-
1493 318 1734 359 P100‘102i1‘1

1493 353 1557 386 plvr
1560 363 1626 387 “1¹¹⁰
1645 363 1701 381 onn
1701 363 1744 381 teu

155 387 348 440 Ξβαλον,
385 383 547 434 αὐτοὺς
583 383 661 439 μὲν
688 384 795 435 τούς
827 384 1005 433 Φωκέας
1043 381 1125 426 οὐκ
1156 383 1363 437 αἱρέουσι.
1395 386 1439 427 οἰ
1497 386 1620 420 ¹¹¹¹¹f¹ss¹¹¹
1626 391 1672 414 ¹¹¹·
1695 396 1744 414 ¹¹¹·-

1493 418 1546 445 bes
1565 429 1599 446 eo
1603 428 1666 447 rum
1683 424 1714 447 et

182 452 261 508 μὲν
288 452 370 507 γὰρ
407 456 494 494 τῶν
537 452 725 494 Φωκέων
754 451 796 502 ἐς
828 451 880 493 τοὶ
911 450 1024 504 ἄκρα
1053 454 1133 494 τοῦ
1175 455 1445 507 Παρνησσοῦ
1504 456 1584 496 634

1495 509 1562 548 agri
1581 509 1662 535 ferro
1680 511 1771 543 alque

184 517 422 575 ἀνέβησαν·
452 519 539 562 ἔστι
571 520 616 562 δὲ
644 519 716 562 καὶ
734 519 929 574 ἐπιτηδέη
960 517 1165 570 δέξασθαι
1186 518 1339 574 ὅμιλον
1359 523 1438 562 τοῦ
1495 550 1545 575 ,gn
1551 550 1628 568 ..ἃ
1632 547 1681 569 m„
1685 548 1743 569 tu„

183 590 454 642 Παρνησσοῦ
491 586 519 642 ἡ
557 585 734 643 κορυφή
773 586 884 631 κατὰ
919 584 1082 629 Νέωνα
1110 584 1238 630 πόλιν
1267 589 1438 644 κειμένη
1452 595 1495 628 20

293 807 384 859 Cap.
417 807 583 846 XXXII.

180 882 280 924 κατοῖ
299 885 444 926 Νέωνα
462 880 587 924 *ἐπ’
610 881 778 933 ἑωυτῆς]

125 943 225 978 Male
245 943 336 979 olim
364 938 431 982 ὑπ’
462 941 625 992 ἑωυτῆς.
680 942 780 976 Nam

125 998 311 1035 indicatur
349 1001 454 1036 locus
493 1010 631 1035 seor-svm
676 998 780 1034 sthus

126 1055 235 1092 Conf.
255 1057 284 1102 Ι,
299 1058 379 1096 202
398 1057 527 1107 ibique
548 1052 665 1105 nott).
701 1054 781 1089 Ita-

126 1122 200 1178 que
218 1113 343 1148 minus
363 1119 464 1149 recte
491 1108 739 1148 Laroherus’
723 1104 782 1148 εντ’

126 1163 268 1216 αὕτηςε
307 1176 343 1205 et
363 1182 422 1206 sur
444 1168 480 1205 la
506 1167 615 1218 quelle
647 1169 696 1203 est
718 1164 782 1202 ba-

125 1226 183 1261 tte.
198 1225 340 1261 Probat
358 1232 486 1260 tamen
507 1222 644 1260 Clarke
663 1222 784 1270 (Tra-

125 1281 203 1317 vels
223 1283 269 1327 Π,
293 1284 316 1320 3
339 1279 449 1332 chap.
469 1281 537 1317 Vll
557 1293 594 1330 p.
610 1281 779 1318 217not.

126 1336 164 1383 5,
194 1337 260 1373 ubi
276 1337 388 1372 etiam
398 1337 577 1387 probatur
596 1333 780 1370 emenda-

125 1393 178 1428 tio
188 1390 372 1442 κειμένην
385 1406 453 1443 pro
469 1390 639 1443 κειμένη.
696 1392 778 1426 Νο-

124 1449 180 1485 bis
208 1449 311 1484 nulla
340 1448 514 1485 mutandi
529 1460 641 1484 causa
660 1459 780 1497 appa-

123 1505 207 1541 ruit.
221 1505 365 1540 Urbem
382 1504 539 1552 Νέωνα,
562 1516 678 1556 quam
688 1502 778 1540 hinc

123 1561 213 1597 citat
233 1560 447 1611 Stephanus
480 1561 714 1612 Byzantinus
743 1573 780 1610 p.

123 1616 218 1665 588,
249 1619 395 1656 Νεῶνα
414 1619 541 1655 scribit
556 1619 778 1667 Harpocrat-

122 1685 153 1709 s.
181 1687 217 1712 V.
254 1676 399 1713 Νεῶσι.
456 1673 571 1725 Apud
613 1675 777 1710 Pausan-

121 1729 172 1776 X,
195 1732 248 1770 32
269 1731 306 1774 ξ.
329 1734 352 1771 6
375 1744 477 1767 nunc
500 1730 644 1767 editum
665 1729 776 1767 video

122 1798 144 1821 a
159 1785 317 1822 Siebelis
339 1786 395 1837 (p.
417 1790 506 1827 160.
526 1789 627 1833 287)
664 1786 777 1825 Νέω-

121 1856 185 1889 να,
214 1849 256 1878 ut
286 1844 335 1889 X,
357 1847 383 1884 2
405 1845 440 1888 ξ.
462 1847 500 1883 2.
523 1846 546 1883 3
569 1845 605 1888 §.
632 1846 657 1883 2
689 1843 776 1880 coll.

123 1898 248 1935 Strab.
278 1900 335 1935 IX
355 1914 391 1950 p.
416 1899 496 1940 439
525 1913 555 1936 S.
583 1898 676 1939 641.
703 1900 777 1935 Va-

121 1955 175 1990 let
206 1961 331 1991 autem
349 1952 448 1994 κατά
469 1953 612 1994 Νέωνα
625 1953 776 1992 adNeo-

124 2023 201 2047 nem
222 2011 383 2061 oppidum
405 2025 434 2048 s.
456 2024 473 2048 e
496 2013 634 2060 regione
661 2011 782 2061 oppidi

125 2064 269 2115 Nemnis,
291 2067 510 2120 siquide1n‚'‘'⁴
531 2066 604 2105 hoc
625 2067 778 2118 oppido,

125 2129 169 2159 ut
206 2137 226 2159 e
263 2137 345 2174 cap.
374 2127 425 2165 33
457 2131 574 2175 patet,
612 2125 780 2172 incenso,

125 2177 339 2217 Phocenses
370 2179 444 2217 hoc
471 2182 511 2217 in
532 2182 672 2218 vertice
690 2183 781 2217 Par-

123 2237 223 2272 nassi
242 2243 411 2287 separato
432 2238 504 2274 tuti
519 2243 625 2275 erant
646 2250 667 2273 a
686 2239 783 2273 Per-

123 2304 253 2328 sarum
272 2306 315 2330 ac
335 2292 608 2330 Thessalorum
622 2294 780 2344 impetu.

125 2349 256 2400 Itaque
277 2350 471 2400 probabile
492 2357 566 2398 est,
599 2349 647 2387 ad
662 2351 779 2387 verti-

128 2404 179 2440 cis
201 2404 368 2442 radicem
388 2407 560 2443 Neonem
588 2407 700 2443 fuisse
726 2408 779 2444 si-

129 2465 225 2509 tam,
270 2462 335 2498 ubi
353 2469 482 2528 postea
505 2464 576 2500 fuit
593 2462 778 2500 Tithorea

128 2516 229 2553 urbs.
285 2518 358 2563 Qui
393 2519 508 2569 igitur
537 2519 637 2570 apud
657 2522 777 2556 Hero-

130 2569 261 2607 dotum
271 2587 337 2623 pro
348 2576 478 2611 Neone
487 2576 634 2615 Cleonas
655 2576 779 2625 (Κλε-

132 2624 267 2672 ωνοῖς)
274 2630 406 2680 refingi
424 2633 544 2669 voluit
552 2631 774 2680 Larcherus‚

130 2684 282 2733 egregie
324 2686 387 2722 ille
419 2688 544 2738 lapsus
577 2696 649 2736 est,
679 2690 777 2725 bene

128 2746 309 2776 monente
336 2743 455 2780 Kruse
485 2745 611 2781 Hellas
630 2746 677 2792 II,
698 2748 724 2784 2
739 2759 779 2795 p.

129 2799 192 2837 81.
237 2796 347 2842 Quod
366 2811 455 2837 vero
473 2800 581 2837 illum
600 2802 781 2840 verticem

1497 576 1671 604 Parnassus.

840 770 1040 809 Tithoream
1061 771 1239 822 appellari
1248 772 1383 808 Noster
1400 772 1497 810 scri«

835 829 903 875 bit,
924 841 1042 879 quam
1061 829 1178 879 plut.
1205 829 1301 879 Syll.
1327 828 1374 868 15
1406 842 1494 879 pag.

836 884 913 924 461
927 892 1038 922 vocat
1049 881 1125 935 τήν
1143 882 1317 936 Τιθόραν
1329 897 1339 930 3
1349 886 1495 921 Pausa-

835 942 916 977 nias
945 942 970 979 l.
1001 942 1050 989 l.‚
1080 942 1146 977 ubi
1175 940 1400 978 Tithoream
1428 954 1495 977 ur—

835 998 924 1035 bem
935 1004 1210 1034 commemorat
1219 999 1409 1047 octoginta
1418 1005 1496 1034 sta-

837 1053 906 1090 diis
922 1061 1109 1090 remotam
1128 1053 1297 1105 Delphis,
1319 1054 1496 1091 Herodo-

836 1117 898 1146 teo
919 1109 993 1147 hoc
1012 1112 1096 1147 loco
1118 1112 1230 1147 allato
1251 1112 1418 1157 subiicit,
1434 1111 1495 1148 vi-

839 1165 919 1203 deri
957 1168 1089 1218 utique
1117 1174 1238 1204 totam
1289 1167 1495 1219 aliquando

837 1222 1262 1272 regionemTithoream
1271 1223 1381 1260 fuisse
1392 1237 1496 1260 nun-

838 1286 1036 1329 cupatam,
1076 1287 1206 1330 postea
1236 1293 1326 1316 vero
1351 1281 1496 1317 factum

836 1348 930 1382 esse,
949 1342 1010 1383 ut,
1035 1349 1155 1387 quum
1176 1350 1196 1372 e
1217 1334 1368 1373 diversis
1389 1338 1495 1387 pagis

833 1392 874 1427 in
893 1405 1012 1428 unam
1038 1405 1077 1428 se
1098 1393 1234 1428 urbem
1255 1391 1379 1429 denuo
1401 1406 1496 1429 con-

833 1448 1018 1495 tulissent,
1057 1449 1146 1484 urbs
1182 1447 1323 1484 haecce
1350 1462 1495 1486 nomen

835 1502 1043 1541 Tithoreae
1083 1505 1293 1552 obtineret,
1367 1519 1494 1557 neque

836 1562 998 1611 amplius
1029 1557 1160 1598 Neonis
1185 1562 1342 1597 nomine
1377 1575 1496 1599 voca-

835 1624 950 1655 retur.
1007 1619 1118 1654 Nunc
1138 1616 1344 1654 Tithoreae
1365 1619 1494 1655 locum

833 1675 1003 1711 scribunt
1035 1687 1222 1726 occupase
1252 1687 1395 1725 pagum
1423 1675 1494 1712 Be-

834 1729 960 1775 luzza,
992 1744 1108 1781 quem
1124 1732 1186 1767 alii
1207 1730 1347 1768 Belc'tza
1370 1745 1399 1770 s,
1432 1732 1496 1768 Ve-

834 1787 936 1834 laza,
982 1787 1131 1838 Velytza
1174 1787 1348 1827 efferunt.
1408 1787 1495 1828 Vid.

834 1843 992 1880 Siebelis
1009 1844 1057 1879 ad
1077 1845 1240 1885 Pausan,
1261 1845 1286 1881 l.
1309 1845 1332 1884 l.
1354 1843 1496 1894 p.'286

833 1901 955 1936 Kruse
984 1901 1112 1937 Hellas
1146 1902 1193 1947 ΙΙ,
1224 1904 1250 1941 2
1276 1915 1311 1951 p.
1342 1903 1405 1940 81.
1428 1902 1496 1940 82.

837 1957 926 1994 coll.
939 1970 977 2006 p.
995 1959 1032 2004 6,
1063 1958 1128 1993 ubi
1144 1958 1252 2007 plura
1269 1958 1314 1993 de
1330 1959 1495 1993 Parnas-

834 2025 890 2050 so.
918 2013 1080 2050 Exstant
1095 2015 1196 2050 enim
1212 2015 1265 2050 ibi
1285 2013 1410 2050 adhuc
1430 2027 1495 2049 re·-

837 2070 978 2120 liquiae
998 2071 1106 2107 turris
1123 2083 1165 2107 ac
1185 2071 1384 2118 vallorum,
1407 2071 1495 2121 qui-

838 2126 907 2162 bus
934 2126 1109 2163 imminet
1138 2134 1270 2164 vertex
1302 2139 1494 2178 praeceps,

838 2183 877 2218 iu
900 2195 1016 2234 quem
1039 2184 1283 2233 probabiliter
1313 2182 1493 2220 Phocen-

837 2252 893 2275 ses
917 2252 957 2275 se
976 2241 1198 2291 receperint,
1258 2241 1494 2290 Repraesen-

836 2301 964 2331 tantur
1002 2297 1042 2332 in
1078 2309 1191 2347 opere
1217 2295 1416 2346 splendido
1445 2297 1492 2333 E.

835 2350 1046 2389 Dodwelli:
1094 2354 1219 2390 Views
1240 2352 1316 2389 and
1341 2354 1493 2389 Descri-

833 2409 957 2458 ptious
982 2409 1026 2445 of
1057 2409 1264 2461 Cyclopian
1297 2422 1340 2445 or
1361 2409 1494 2446 Pelas-

833 2465 895 2514 gic
915 2466 1094 2502 Remains
1110 2468 1148 2502 in
1159 2468 1304 2502 Greece
1320 2464 1395 2502 and
1413 2467 1492 2501 Ita-

832 2521 873 2572 ly
893 2519 1073 2565 (London
1096 2520 1234 2572 1834),
1267 2522 1366 2558 Tab.
1385 2523 1493 2559 XLII

833 2584 871 2613 et
886 2578 1011 2614 XLIII
1039 2591 1078 2628 p.
1106 2580 1172 2617 22.
1229 2578 1364 2628 Attigit
1392 2591 1491 2630 quo-

833 2646 909 2684 que
925 2632 1061 2669 Clarke
1078 2634 1102 2669 l.
1113 2646 1225 2684 supra
1240 2634 1312 2684 l.'p.
1332 2637 1427 2674 216.
1449 2635 1492 2672 Si

831 2689 1051 2734 Plut.fides‚
1071 2689 1199 2741 Syllae
1221 2697 1394 2741 tempore
1421 2691 1493 2728 Τί-ἶ

835 2744 946 2782 thora
967 2758 1034 2782 arx
1052 2752 1201 2783 tantum
1220 2747 1333 2784 fuisse
1344 2745 1492 2784 videtur

837 2801 879 2838 in
898 2802 993 2840 colle
1012 2803 1364 2856 Parnassiundique
1375 2802 1493 2841 decli-
