1839 3292
317 189 403 231 384
873 187 1252 227 COMMENTATIO

320 302 387 340 tiat
406 301 596 340 Lucienus
618 302 642 340 l.
665 313 777 352 supra
797 301 837 349 L,
858 313 939 337 rem
959 314 1028 352 pro
1044 314 1150 338 more
1172 315 1373 340 exornasse
1395 308 1431 339 et
1453 302 1650 353 ampliasse
1667 308 1807 354 putan-

321 359 391 397 dus
415 361 481 407 sit3
513 372 560 395 ex
581 371 657 409 quo
680 365 810 394 tamen
834 359 993 393 minime
1014 356 1052 394 id
1071 360 1260 410 sequitur,
1290 372 1447 396 omnem
1470 360 1697 397 recitationis
1715 373 1807 397 nar-

320 417 506 454 rationem
532 415 713 451 continuo
735 426 802 464 pro
821 414 912 451 salsa
934 421 970 450 et
990 414 1124 451 ficticia
1141 428 1219 451 esse
1242 414 1472 453 habendam.
1502 412 1545 466 ἡ)

434 473 538 518 Quae
559 484 679 522 quum
699 472 750 506 ita
769 472 863 517 sint,
895 472 935 507 iis
958 469 1255 522 haudquaquam
1276 473 1444 509 assentiri
1464 485 1618 523 possum
1632 501 1642 519 ,
1675 471 1741 523 qui
1759 471 1809 508 il-

318 528 399 565 lam
417 528 673 565 narrationem
694 526 742 564 de
762 529 980 564 recitatione
1002 535 1038 564 et
1061 527 1108 564 de
1129 527 1360 578 Thucydide
1379 541 1497 579 puero
1521 535 1718 580 praesente
1742 540 1808 564 ae-

320 598 396 637 que
416 585 519 622 reiici
540 591 577 621 et
606 597 674 635 pro
696 584 782 620 fictir
802 582 933 620 haberi
953 586 1085 622 velint.
1140 586 1198 621 De
1220 583 1452 636 Thucydide
1481 587 1624 635 primus
1657 584 1809 621 dubita-

321 642 387 678 bat
419 642 637 678 Heilmann.
662 641 702 677 in
723 641 795 678 Vit.
822 640 1079 693 Thucydidis,
1120 654 1235 693 quam
1264 642 1564 692 interpretationi
1583 641 1809 679 vernaculae

321 698 518 750 praefixit3
547 699 715 749 itemque
743 699 876 748 Poppo
909 700 947 734 in
976 699 1153 748 Prolegg.
1176 698 1224 735 ad
1244 697 1426 750 Thucyd.
1441 699 1458 734 I
1483 712 1519 749 p.
1542 697 1623 739 335
1643 711 1674 735 s·
1694 711 1733 748 p.
1755 700 1809 738 30

322 754 383 792 ed.
406 756 561 793 Gervin.
617 756 717 791 Nam
748 755 902 804 ingenio
925 753 1186 806 Thucydidis,
1217 756 1282 807 qui
1302 755 1408 805 vulgi
1436 754 1567 792 iudicii
1595 760 1811 792 contemto-

323 824 407 849 rem
436 825 476 850 se
502 813 604 849 sistat
631 824 703 848 nec
730 812 849 847 ullam
877 810 1012 862 prodat
1032 811 1271 849 Herodoteae
1299 810 1476 849 historiae
1504 810 1810 858 admirationem,

322 867 418 906 haec
439 880 652 919 repugnare
674 874 886 907 autumant.
955 869 1056 914 Quos
1077 875 1205 906 tamen
1222 882 1311 906 cum
1335 869 1422 906 satis
1440 868 1617 906 refutavit
1645 869 1771 920 Heyse
1782 867 1811 905 l.

322 926 350 965 l.
365 939 404 976 p.
425 926 478 966 28
498 938 592 976 seq„
612 923 791 976 equidem
810 923 906 961 nihil
926 926 1086 976 amplius
1107 925 1246 963 addere
1266 924 1402 963 habeo.
1458 927 1537 962 Nec
1558 925 1706 973 melius,
1727 925 1813 976 opi·

324 995 409 1031 nor,
444 995 502 1018 res
533 982 710 1019 successit
729 980 972 1018 Dahlmanno
998 979 1056 1032 ³⁶²),
1087 983 1153 1034 qui
1179 984 1218 1018 in
1238 983 1333 1020 libro
1353 995 1467 1033 supra
1485 981 1640 1019 laudato
1660 983 1813 1032 copiosa

324 1037 576 1089 disputatione
594 1037 633 1075 id
649 1038 798 1075 efficere
818 1037 972 1086 studuit,
995 1046 1038 1075 ut
1058 1037 1158 1076 hanc
1177 1038 1420 1076 traditionem
1441 1038 1488 1075 de
1504 1037 1697 1076 Herodoto
1718 1050 1813 1088 opus

322 1108 436 1133 suum
456 1096 697 1146 praelegente
716 1108 872 1132 omnem
895 1108 916 1131 a
930 1096 1114 1143 Lucieno,
1135 1097 1313 1146 scriptore
1332 1094 1511 1132 mendaci
1534 1108 1605 1132 nec
1631 1096 1710 1143 ulla
1738 1093 1814 1131 fide

324 1151 464 1202 digno,
497 1153 700 1189 confictam
730 1165 808 1189 esse
838 1159 1032 1202 putemus.
1090 1154 1145 1189 Ac
1180 1153 1242 1189 vel
1277 1165 1322 1189 eo
1343 1165 1465 1204 usque
1497 1150 1737 1202 progreditur
1756 1152 1814 1188 vir

327 1208 576 1258 doctissimus,
615 1216 657 1246 ut
677 1211 839 1246 Graecos
860 1210 943 1245 talis
972 1209 1095 1260 operis
1118 1210 1379 1246 recitationem
1398 1207 1529 1245 audire
1559 1209 1724 1259 potuisse
1742 1221 1815 1244 ne-

324 1273 409 1316 get,
456 1268 549 1318 quin
587 1265 758 1303 taedium
785 1264 874 1302 inde
915 1267 1083 1316 ceperint
1113 1267 1260 1318 virique
1296 1266 1442 1304 iuvenis
1480 1264 1815 1317 reprehensionem

326 1324 490 1360 Graecas
511 1337 568 1360 res
589 1324 768 1360 elevantis
788 1335 901 1373 aegre
920 1321 1090 1360 tulerint!
1124 1336 1244 1375 quum
1260 1324 1457 1360 neminem
1470 1335 1561 1359 sane
1581 1322 1713 1372 fugiat,
1734 1323 1815 1358 He·

325 1379 451 1417 rodoti
471 1378 641 1417 historias
660 1393 741 1416 non
761 1379 810 1416 ad
833 1379 1058 1416 elevandam
1072 1379 1139 1416 sed
1159 1379 1207 1417 ad
1226 1379 1490 1417 illustrandam
1521 1380 1657 1416 Graeci
1686 1379 1815 1415 nomi-

326 1437 384 1474 nis
414 1437 576 1487 gloriam
602 1438 642 1473 in
675 1438 787 1474 rebus
815 1437 973 1473 Persicis
1000 1438 1171 1473 maxime
1201 1438 1447 1488 conspicuam
1475 1449 1553 1473 esse
1573 1436 1815 1486 conscriptas.

325 1495 404 1531 Nec
423 1493 591 1531 firmiora
607 1507 686 1531 esse
699 1507 796 1546 quae
816 1494 887 1530 alia
899 1494 1021 1531 attulit
1036 1493 1140 1530 idem
1155 1492 1421 1531 Dahhnannus
1435 1499 1672 1544 argumenta,
1688 1499 1817 1530 osten-

329 1549 383 1588 dit
413 1552 538 1602 Heyse
568 1552 718 1601 copiosa
749 1558 785 1588 et
811 1558 985 1587 accurata
1013 1550 1264 1601 disputatione
1284 1563 1373 1601 pag.
1397 1549 1576 1598 30-49‚
1616 1561 1734 1602 quam
1754 1547 1816 1586 hic

327 1614 498 1658 repetere
530 1621 609 1645 non
628 1614 750 1645 vacat.
811 1608 886 1643 Ubi
906 1609 1041 1644 merito
1063 1609 1120 1644 vir
1141 1606 1272 1644 doctus
1291 1608 1452 1645 Luciani
1470 1607 1632 1657 suscepit
1651 1607 1818 1657 patroci-

327 1665 438 1700 nium
458 1678 497 1715 p.
519 1667 585 1712 38,
619 1677 735 1716 quem
757 1663 924 1700 eundem
942 1665 1164 1715 scriptorem
1192 1663 1265 1701 hac
1285 1665 1324 1701 in
1346 1676 1458 1701 causa
1477 1662 1642 1700 studiose
1661 1669 1819 1700 tuentur

329 1721 442 1758 Iacob
471 1722 510 1757 in
534 1721 631 1758 libro
657 1720 705 1758 de
724 1721 868 1771 scriptis
890 1727 926 1757 et
945 1720 1073 1757 indole
1093 1722 1253 1757 Luciani
1282 1735 1320 1772 p.
1346 1719 1423 1761 134
1445 1733 1525 1772 seq.
1545 1720 1632 1756 coll.
1654 1720 1696 1758 C.
1718 1721 1819 1756 Her-

329 1790 462 1814 mann.
490 1777 538 1814 ad
558 1779 741 1817 Luciam:
773 1778 856 1823 Quo
876 1776 993 1814 modo
1009 1776 1138 1815 histor.
1158 1791 1229 1815 scr.
1250 1777 1378 1828 9257
1400 1783 1436 1813 et
1458 1777 1697 1827 potiSsimum
1716 1778 1819 1813 Krii-

329 1848 410 1885 ger,
431 1835 470 1870 in
490 1835 643 1874 Annall.
666 1835 922 1872 Berolinenss.
956 1836 1060 1875 1828
1088 1848 1146 1871 nr.
1168 1836 1221 1875 29
1255 1841 1291 1871 et
1316 1835 1354 1870 in
1387 1834 1484 1870 libro
1507 1832 1554 1870 de
1577 1831 1819 1885 Thucydidis

329 1892 406 1929 Vit.
437 1903 525 1942 pag.
549 1894 724 1931 12—21
740 1920 749 1937 ‚
786 1892 852 1942 qui
883 1891 997 1927 etiam
1017 1892 1162 1943 reliqua
1182 1889 1416 1927 Dahlmanni
1435 1890 1550 1941 fregit
1579 1896 1818 1941 argumenta.

332 1948 432 1994 Quin
446 1949 485 1984 in
499 1949 585 1999 ipsis
606 1947 790 1985 Herodoti
811 1948 934 1985 verbis
949 1949 1014 1995 ΙΙΙ,
1032 1949 1084 1988 80
1106 1955 1142 1985 et
1165 1948 1227 1995 VI,
1245 1946 1296 1988 43
1318 1949 1478 1997 Kru‘ger.
1507 1948 1535 1985 l.
1554 1947 1581 1984 l.
1611 1961 1647 1998 p.
1670 1949 1723 1987 23
1749 1959 1819 1985 ve-

329 2005 486 2055 stigium
514 2006 692 2055 cognosci
712 2018 820 2056 posse
841 2011 974 2055 putat,
1006 2018 1054 2041 ex
1081 2018 1157 2056 quo
1180 2003 1421 2042 Herodotum
1442 2010 1529 2041 ante
1555 2016 1651 2054 opus
1665 2003 1820 2040 finitum

330 2069 445 2114 atque
466 2063 647 2099 emissum
667 2063 833 2112 singulas
856 2061 1040 2113 quasdam
1060 2060 1303 2098 historiarum
1332 2068 1454 2112 partes
1484 2060 1638 2112 publice
1664 2061 1818 2111 praele-

331 2120 429 2170 gisse
449 2120 658 2170 suspiceris.
717 2117 827 2164 Quod
851 2119 906 2156 uti
925 2117 1006 2154 fieri
1035 2120 1200 2168 potuisse
1221 2119 1381 2154 minime
1400 2130 1512 2167 nego,
1544 2130 1593 2153 ex
1610 2115 1668 2154 his
1688 2123 1819 2154 tamen

333 2177 424 2214 locis
443 2177 509 2213 vix
530 2183 632 2213 certo
655 2177 781 2226 colligi
797 2189 904 2226 posse
924 2175 1002 2211 iam
1023 2174 1102 2211 dixi
1121 2176 1160 2211 in
1181 2181 1260 2211 not.
1289 2175 1340 2211 T.
1365 2175 1419 2210 111
1438 2188 1477 2224 p.
1498 2175 1594 2215 281.

443 2234 542 2270 Huic
570 2246 661 2270 vero
690 2233 899 2269 recitationi
927 2232 1126 2282 Olympiae
1156 2230 1305 2268 habitae
1326 2232 1484 2267 alteram
1502 2231 1707 2281 iungamus
1725 2237 1820 2267 teste

332 2288 537 2327 Plutarcho
564 2292 622 2327 De
641 2290 828 2340 malignit.
859 2287 1000 2328 Herod.
1024 2301 1107 2339 cap.
1128 2290 1180 2328 26
1200 2301 1238 2338 p.
1261 2289 1341 2328 862
1361 2289 1407 2327 Β.
1432 2283 1533 2338 ²⁸⁸³)
1564 2294 1678 2340 atque
1696 2288 1820 2324 Euse-

427 2493 456 2536 ')
482 2491 562 2525 Vid.
585 2492 703 2537 Heyse
727 2492 747 2528 l.
772 2491 795 2525 1.
820 2503 852 2537 p.
877 2492 931 2526 27.
956 2490 1093 2534 Krfiger
1117 2489 1138 2522 l.
1151 2489 1172 2522 1.
1198 2501 1231 2534 p.
1256 2490 1311 2526 30.

424 2560 482 2605 **)
508 2572 586 2605 pag.
615 2562 657 2595 12
681 2571 752 2605 seq.
776 2560 997 2600 Dahlmanno‚
1022 2558 1106 2592 alios
1129 2562 1167 2591 ut
1192 2563 1334 2599 taceam,
1363 2568 1471 2602 nuper
1494 2555 1640 2591 accessit
1653 2554 1821 2599 laeger.l.

334 2606 471 2698 lglpsaegq..
494 2608 567 2641 8-
582 2608 623 2641 19
651 2610 686 2641 et
719 2607 770 2641 vir
793 2606 913 2640 doctus
935 2605 969 2639 in
990 2603 1230 2650 Ephemeridd.
1265 2604 1415 2638 lenens&
1452 2604 1538 2638 1828
1574 2614 1627 2637 nr.
1653 2603 1716 2637 187
1739 2612 1819 2646 pag.

427 2721 508 2765 ***)
521 2721 646 2755 Locum
669 2721 777 2766 ipsum
800 2720 901 2766 paulo
925 2719 1150 2754 obscuriorem
1174 2718 1362 2758 adscribam
1385 2719 1572 2762 integrum:
1597 2713 1690 2750 ἀλλὰ
1706 2714 1820 2750 τοῦτό

336 2776 374 2808 γε
396 2765 449 2808 (in
472 2768 626 2812 proxime
648 2767 925 2802 antecedentibus
948 2765 1155 2799 Herodotum
1179 2765 1228 2798 ait
1250 2765 1521 2805 Atheniensibus,
1552 2774 1653 2808 quum
1677 2762 1821 2796 omnium

336 2812 546 2847 Graecorum
569 2825 624 2848 res
648 2814 800 2848 scribere
822 2813 996 2858 professus
1020 2812 1085 2853 sit,
1108 2811 1233 2856 insigni
1256 2810 1353 2845 modo
1377 2822 1461 2855 prae
1484 2808 1605 2844 ceteris
1634 2808 1820 2849 studuisse)
