1839 3292
587 223 620 260 1.
646 222 808 259 INDEX
835 221 1027 259 RERUM.

115 335 218 370 donio
241 335 335 373 duce,
356 332 505 367 Atticam
529 331 779 371 invadentibus,

115 381 325 415 Salaminem
354 383 524 421 repetunt,
559 379 617 419 lx,
642 378 675 410 6,
701 378 778 410 coli.

113 427 208 467 VIII,
234 425 310 458 136.
335 428 371 457 et
393 425 601 468 legationem
620 424 781 466 Spartam

113 472 261 511 mittunt,
286 471 348 509 IX,
369 469 404 503 7.
436 471 469 503 in
497 481 613 513 pugna
642 471 781 503 Platae-

112 518 183 551 ensi
204 517 428 559 praecellunt,
457 516 518 557 lx,
552 516 698 549 12-23.
723 514 780 547 46.

109 574 203 606 seqq.
235 562 282 595 60
306 574 399 605 seqq.
433 562 582 604 itemque
604 562 639 594 iu
662 571 780 604 pugna

109 610 154 643 ad
188 609 362 652 Mycalen,
388 608 450 650 lx,
476 608 543 640 102
565 619 635 650 seq.
670 607 778 640 Athe-

107 655 238 689 nienses
265 655 404 687 Sestum
428 654 592 694 obsident,
614 652 674 693 IX,
697 651 776 684 114.

107 721 154 727 —-
184 701 317 733 Eorum
350 711 427 733 cum
452 699 618 742 Carystiis
647 698 777 730 bellum

107 746 170 786 lx,
192 744 272 779 105.
296 757 374 779 cum
396 745 536 785 Edonis,
567 744 627 783 IX,
651 741 708 776 75.
731 763 776 768 —-

104 792 433 834 Peloponnesiacum
456 790 596 831 bellum,
607 789 684 828 VII,
696 787 774 822 137.

107 838 168 878 lx,
200 837 258 873 73.
299 836 556 870 Atheniensium
596 835 774 874 iactantia,

105 884 149 924 V,
172 883 217 916 82
240 886 306 915 not.
330 881 587 915 Atheniensium
611 880 776 921 vestitus,

105 929 149 970 V,
181 928 226 961 87
258 931 329 961 not.
376 928 634 960 Atheniensium
669 936 772 968 opera

103 973 235 1014 fictilia,
271 974 310 1015 V,
341 972 386 1006 88
415 978 484 1009 not.
515 972 772 1006 Atheniensium

102 1020 213 1052 luctus
250 1019 292 1052 de
326 1020 447 1053 Mileto
487 1024 600 1062 capta,
636 1018 694 1059 VI,
725 1018 770 1050 21

100 1069 171 1100 not.
193 1065 452 1098 Atheniensium
471 1076 576 1098 naves
600 1068 682 1107 quot
704 1064 769 1097 mi-

99 1111 177 1144 lites
208 1111 403 1151 habuerint,
429 1111 503 1152 VII,
529 1111 597 1144 181
611 1114 681 1144 not.
706 1121 771 1142 na-

99 1168 158 1190 ves
181 1156 316 1199 privato
346 1161 462 1190 sumtu
485 1163 643 1198 ornatae,
679 1156 768 1197 vm,

98 1202 143 1235 17
161 1207 232 1235 not.
255 1203 512 1236 Atheniensium
521 1215 624 1236 naves
636 1202 677 1234 ad
695 1202 771 1234 bel-

98 1248 171 1281 lum
197 1249 404 1289 Troianum,
428 1249 546 1291 1X‚27
568 1253 636 1282 not.
662 1248 769 1280 Athe-

97 1294 230 1327 nienses
254 1295 406 1337 plectunt
432 1306 512 1338 eos,
537 1295 597 1338 qui
620 1295 767 1336 patriam

98 1340 171 1418 sinte
192 1341 360 1419 permigsu
379 1341 584 1383 relinquunt.
604 1340 697 1384 illl,
720 1338 766 1372 41

97 1396 166 1418 no.
192 1404 236 1410 —
290 1398 300 1419 1
327 1413 335 1421 .
360 1398 496 1429 quoque
519 1387 644 1420 Attica.

51 1432 164 1465 Athos
187 1442 298 1475 mons,
326 1432 382 1473 VI,
407 1432 453 1465 44
475 1436 508 1466 et
529 1432 585 1466 95.
609 1433 682 1465 eius
706 1431 766 1463 de-

95 1477 248 1520 scriptio,
273 1478 348 1517 vu,
373 1479 417 1512 22
441 1482 509 1511 not.
535 1479 626 1512 circa
650 1478 765 1511 Athon

94 1523 230 1556 iactura
262 1524 380 1557 classis
411 1524 582 1566 Persicae,
617 1524 677 1566 VI,
705 1522 763 1556 41.

95 1574 130 1602 et
152 1568 207 1602 95.
233 1570 309 1610 ΥΠ,
333 1570 391 1603 21.
425 1571 599 1614 perfossus
629 1581 651 1604 a
679 1570 766 1602 Per-

92 1626 209 1692 :sla'r’um
262 1616 390 1659 copiis,
445 1616 521 1657 ΥΙΙ,
575 1615 620 1648 21
670 1626 763 1658 seqq.

46 1706 272 1783 Atssrf'bieaaa
294 1707 512 1750 praefectura
541 1706 578 1740 in
605 1707 693 1751 Aeg.
717 1707 764 1748 11,

124 1752 158 1784 ii
180 1756 249 1785 not.

45 1798 175 1840 Athrys
197 1798 233 1831 fl.
258 1797 446 1839 Thraciae,
470 1798 530 1838 IV,
553 1797 598 1831 49
620 1801 691 1833 not.

45 1844 207 1876 Atlantes
245 1844 458 1888 (Atat-antes)
492 1844 555 1886 IV,
587 1843 655 1878 181
690 1846 760 1878 not.

91 1889 159 1922 185
178 1893 249 1923 not.
275 1891 322 1933 *Ἴ

44 1947 259 1979 Atlanticum
287 1959 382 1981 mare
414 1944 457 1990 (ἦ
482 1943 661 1986 Ἀτλαντὶς
687 1946 759 1980 θα-

90 1989 236 2035 λάσση),
261 1993 288 2033 Ι,
311 1993 379 2027 202
403 1998 473 2026 not.

43 2049 146 2081 Atlas
179 2049 306 2083 fluvius
342 2062 382 2083 ex
418 2051 553 2082 Haemo
585 2052 702 2083 monte
723 2048 760 2082 in

87 2095 212 2128 istrum
236 2095 324 2137 fluit,
346 2096 405 2137 lv,
423 2095 469 2128 49
493 2099 564 2131 not.

42 2152 146 2231 Aizi
169 2163 289 2242 ¹:123&
313 2153 386 2188 eius
406 2152 598 2197 descriptio,
621 2150 759 2194 IV,1822

44 2256 180 2295 Atussa,
202 2256 382 2300 Cambysis
404 2268 503 2290 soror
535 2259 567 2290 et
590 2254 754 2298 smerdis,

87 2301 206 2333 eadem
241 2303 422 2346 Gainbysis
451 2314 548 2343 uxor,
579 2306 612 2335 et
642 2301 753 2345 magi,

87 2349 122 2379 et
142 2346 253 2389 Darii,
277 2348 337 2392 111,
359 2348 405 2383 68
428 2353 498 2385 not.
520 2348 566 2383 88
588 2353 659 2384 not.
697 2348 752 2382 ul-

1467 227 1552 267 463

881 341 957 365 cere
988 330 1025 364 in
1057 340 1211 364 mamma
1239 330 1412 372 laborans,
1435 343 1457 366 a
1478 334 1549 367 De-

880 379 1021 411 mocede
1051 381 1242 420 persanata,
1285 377 1431 410 Darium
1465 378 1549 411 inci-

885 428 937 458 tat
968 424 1010 457 ad
1044 424 1175 456 bellum
1200 423 1370 456 Graeciae
1400 423 1549 456 inferen-

882 472 977 511 «lum,
1003 469 1065 509 ΙΙΙ,
1089 468 1170 503 133.
1194 468 1273 501 131.
1297 468 1451 511 potentia
1475 469 1549 502 eius

881 517 971 559 apud
994 515 1153 555 Darium,
1178 514 1256 555 VII,
1281 514 1314 547 2.
1342 513 1365 547 3
1386 518 1457 548 not.

832 576 1087 616 Atramyttcum
1122 569 1438 616 (Ἄτραμύττειον),
1465 581 1546 614 opp.

876 619 913 653 in
939 618 1089 658 Troade,
1121 617 1199 660 VII,
1232 618 1278 651 42
1308 621 1393 659 not„
1423 617 1484 651 ubi
1505 617 1549 650 de

876 663 1045 707 scriptura
1067 673 1215 706 quoque.

831 721 1038 755 Atridarum
1061 719 1181 753 classis
1197 718 1234 752 in
1245 718 1457 762 expeditione
1466 719 1545 754 adv.

875 768 976 800 llium
1001 769 1168 809 suscepta,
1192 765 1269 806 VII,
1293 765 1349 798 20.

828 825 1020 868 Altaginus
1054 822 1273 856 Mardonium
1304 822 1465 855 convivio
1488 832 1544 856 ex-

874 870 958 913 cipit
997 869 1142 909 Thebis,
1175 869 1238 911 lx,
1275 866 1320 900 15
1353 872 1423 901 not.
1464 879 1545 901 eum

873 916 940 949 sibi
973 915 1051 948 dedi
1082 916 1204 947 volunt
1237 914 1363 948 Graeci
1397 913 1544 947 victores

873 962 1016 995 Thebas
1054 961 1258 1001 obsidentes,
1292 959 1353 1001 IX,
1376 959 1434 993 86.
1470 959 1544 1004 ipse

873 1007 1037 1051 profugit,
1062 1006 1125 1048 IX,
1149 1005 1205 1042 88.

826 1064 948 1099 Attice
993 1064 1092 1108 regio
1130 1075 1198 1096 non
1230 1061 1438 1105 equitabilis,
1477 1061 1542 1104 lx,

872 1112 926 1145 13.
974 1111 1067 1144 oleas
1088 1108 1225 1154 gignit,
1249 1109 1288 1148 V,
1315 1107 1371 1141 82.
1405 1125 1452 1132 —
1481 1108 1542 1140 At-

870 1158 941 1191 tica
973 1166 1137 1199 oppressa
1173 1166 1194 1188 a
1219 1154 1410 1195 Pisistrato,
1443 1153 1472 1194 1,
1496 1151 1542 1186 59

869 1214 942 1246 seq.
990 1213 1066 1235 eam
1115 1205 1237 1244 quater
1278 1198 1426 1241 ingressi
1472 1200 1541 1232 Do-

868 1259 935 1288 res,
959 1248 1002 1289 V,
1026 1247 1081 1281 76.
1107 1248 1182 1280 coll.
1205 1257 1284 1289 cap.
1308 1243 1353 1279 55
1379 1255 1471 1287 seqq.
1495 1265 1541 1271 —

865 1294 1002 1327 Atticae
1032 1304 1196 1338 magnam
1237 1295 1372 1335 partem
1405 1294 1542 1324 vastant

866 1341 1004 1379 Persae,
1036 1340 1094 1380 VJ,
1133 1339 1212 1373 102.
1245 1338 1338 1378 Vlll,
1368 1335 1540 1370 51—55.

866 1385 930 1426 IX,
955 1385 1009 1418 13.

819 1432 940 1465 Attica
971 1442 1077 1474 gens,
1106 1427 1308 1472 Pelasgica,
1339 1427 1368 1468 Ι,
1391 1426 1437 1461 56
1468 1432 1539 1461 not.

865 1477 901 1510 in
919 1478 1079 1510 Hellcnes
1098 1474 1275 1513 transiens,
1298 1474 1460 1517 linguam
1473 1474 1539 1506 Pe-

865 1523 1036 1567 lasgicam
1067 1521 1224 1564 perdidit,
1259 1520 1290 1560 I,
1313 1518 1358 1552 57
1381 1524 1452 1554 not.
1475 1520 1539 1552 At-

865 1569 1016 1602 ticarum
1061 1567 1248 1600 mulierum
1293 1565 1434 1607 caedes,
1479 1565 1537 1607 vl,

867 1614 947 1647 138.
972 1613 1076 1646 vestis
1099 1612 1256 1652 mutatio,
1280 1611 1324 1652 V,
1347 1610 1402 1644 87.
1447 1610 1539 1644 Atti-

867 1671 929 1693 cae
961 1660 1120 1693 mulieres
1152 1656 1295 1702 Lycidis
1327 1668 1470 1690 uxorem
1503 1660 1538 1690 et

865 1706 993 1739 liberos
1025 1705 1197 1748 lapidibus
1221 1705 1394 1745 obruunt,
1427 1702 1491 1746 lx,
1513 1701 1537 1736 5

863 1752 942 1785 Vid.
965 1762 1071 1794 supra
1092 1750 1325 1784 Athenienses.

818 1800 915 1841 Atys,
961 1798 1138 1841 Lydorum
1170 1807 1258 1836 rex,
1292 1794 1408 1828 Manis
1428 1794 1536 1835 filius,

860 1843 952 1887 Lydi
976 1849 1009 1877 et
1030 1842 1208 1886 Tyrrheni
1236 1845 1344 1885 pater,
1367 1841 1394 1881 1,
1419 1840 1442 1874 7
1463 1845 1534 1877 not.

862 1889 909 1922 91
932 1893 1002 1922 not.
1028 1889 1106 1930 Vll,
1129 1888 1174 1921 27
1201 1892 1271 1921 not.
1295 1886 1370 1929 VII,
1391 1886 1449 1919 74.
1487 1888 1533 1919 ct'.

859 1935 889 1976 I,
912 1934 991 1968 171.

813 1983 902 2024 Atys
926 1979 1046 2014 Croesi
1069 1979 1130 2013 fil..
1151 1978 1352 2011 adolescens
1373 1976 1532 2018 eximius,

859 2027 889 2068 I,
913 2026 969 2061 34.
992 2025 1048 2059 35.
1083 2024 1200 2059 statim
1233 2027 1310 2066 post
1340 2023 1532 2056 celebratas

858 2073 1017 2116 nuptias,
1040 2071 1149 2104 invito
1164 2074 1273 2113 patre,
1297 2080 1421 2112 aprum
1448 2070 1532 2112 My-

858 2118 931 2152 siae
953 2122 1113 2158 vematus,
1138 2117 1183 2149 ab
1208 2116 1356 2148 Adrasto
1392 2115 1531 2148 custode

857 2164 997 2208 cuspide
1018 2163 1238 2202 transfossus,
1260 2161 1288 2202 I,
1312 2158 1461 2194 35-43.

812 2211 1003 2250 Auchatae,
1014 2210 1227 2253 Scytharum
1236 2217 1357 2251 genus,
1369 2206 1450 2247 1V,6
1460 2209 1529 2240 not.

809 2258 946 2300 Augila
970 2256 1131 2289 inAfrica
1155 2255 1263 2297 locus,
1287 2253 1348 2286 ubi
1369 2253 1530 2295 frequen-

854 2307 904 2335 tes
927 2303 1066 2346 palmae
1086 2302 1238 2342 arbores,
1271 2298 1331 2343 IV,
1365 2298 1433 2333 172
1457 2303 1528 2333 not.

851 2347 919 2383 182
942 2353 1014 2384 not.

132 2527 162 2571 ⁸)
199 2528 305 2562 Huius
335 2530 460 2564 canalis
494 2531 639 2575 vestigia
661 2529 828 2575 Walpole
859 2527 1060 2573 (Me'moires
1092 2538 1127 2571 p.
1156 2526 1238 2570 224)
1271 2525 1389 2559 scribit
1415 2524 1525 2558 adhuc

41 2574 203 2615 cognosci
228 2585 332 2618 posse
356 2576 494 2620 eiusque
526 2576 755 2610 dimensiones
789 2583 945 2610 accurate
985 2574 1167 2607 convenire
1206 2584 1281 2605 cum
1312 2571 1523 2603 Herodoteis

38 2620 216 2653 mensuris.
263 2621 314 2654 De
330 2620 407 2665 ipso
430 2624 565 2656 Athone
591 2623 660 2658 vid.
676 2634 811 2668 quoque
826 2621 948 2655 Clarke
965 2621 1108 2655 Travels
1135 2621 1178 2661 11,
1202 2619 1225 2652 3
1254 2618 1353 2662 chap.
1379 2618 1422 2652 12
1442 2629 1521 2662 pag·

38 2663 106 2698 388
123 2677 218 2709 seqq.

130 2722 174 2764 ⁸⁸)
201 2722 298 2775 Conf.
323 2724 510 2760 Humboldt
528 2726 675 2760 Examen
698 2725 842 2771 critique
870 2725 915 2758 de
932 2722 1098 2757 l'histoire
1125 2721 1167 2755 de
1198 2720 1232 2753 la
1256 2721 1444 2766 geograph.
1473 2719 1518 2753 du

40 2777 138 2802 nouv.
161 2769 396 2814 Continent.p.
412 2770 468 2811 58,
492 2772 549 2816 qui
565 2773 654 2806 idem
670 2786 706 2817 p.
722 2774 766 2807 48
789 2773 833 2805 de
855 2783 947 2804 mare
968 2769 1165 2803 Atlantico.

128 2823 192 2869 ⁸*'')
218 2826 268 2860 cf.
287 2827 389 2861 etiam
406 2828 551 2863 Heffter.
573 2830 630 2864 in:
655 2829 894 2874 Schulzeitung
920 2828 1019 2863 1832.
1038 2827 1069 2860 11
1090 2837 1142 2859 nr.
1163 2823 1394 2861 74—761‘1101.
