1839 3292
538 219 573 255 U
601 219 634 255 R
663 218 698 254 A
723 218 758 255 N
785 218 804 253 I
831 218 881 256 A.
936 217 1066 255 VIII.
1347 221 1432 262 203

190 344 351 386 ,,χεται,
379 324 438 382 μή
467 342 564 370 κοτε
580 324 864 381 ὁμολογήσειν
884 325 1018 382 ἡμέας
1039 323 1197 381 Ξέρξῃ·
1227 322 1337 368 ἄλλα
1365 333 1434 370 θε-
1445 335 1489 370 35

180 398 276 457 Ιοἷσί
303 411 347 438 τε
373 393 629 450 συμμάχοισι
648 395 826 437 πίσυνοί
845 410 919 449 μιν
948 393 1140 447 ἐπέξιμεν
1155 389 1432 449 ἀμυνόμενοι,

190 465 289 517 ,,καὶ
319 468 431 506 τοῖσι
460 462 616 516 ἥρωσι·
647 465 730 505 τῶν
759 461 922 511 ἐκεῖνος
952 459 1162 514 οὐδεμίαν
1182 460 1283 503 ὄπιν
1312 462 1434 517 ἔχων,

159 531 414 586 4,,ἐνέπρησε
443 528 545 580 τούς
574 545 618 572 τε
659 531 807 578 οἴκους
835 528 907 570 καὶ
935 526 988 569 τὰ
1016 526 1246 582 ἀγάλματα.
1308 529 1362 572 σύ
1390 545 1436 573 τε

185 604 293 653 ,,τοῦ
323 600 479 642 λοιποῦ
516 596 673 651 λόγους
712 597 819 650 ἔχων
857 593 1057 637 τοιούσδε
1101 594 1161 649 μή
1207 595 1435 651 ἐπιφαίνεο

197 666 510 721 ,,Ἀθηναίοισι’
535 666 638 719 μηδὲ
663 664 826 706 δοκέων
838 661 1002 717 χρηστὰ
1020 660 1299 715 ὑπουργέειν,
1335 661 1434 706 ἀθέ-

193 746 347 790 ,,μιστα
376 732 515 786 ἕρδειν
544 732 759 783 παραίνεε.

819 729 872 773 ου’
893 728 976 785 γάρ
1008 740 1052 772 σε
1083 730 1335 785 βουλόμεθα
1365 729 1490 773 οὖ-4ο

187 803 290 853 .,δὲν
312 800 436 855 ἄχαρι
463 799 567 854 πρὸς
593 797 836 854 Ἀθηναίων
866 795 1069 847 παθέειν,
1108 795 1235 839 ἐόντα
1263 797 1433 851 πρόξει-

23 882 122 927 144
184 866 290 918 ,,νόν
317 883 361 909 τε
390 867 462 910 καὶ
493 868 662 922 φίλον.“
720 864 841 918 Πρὸς
871 865 948 919 μὲν
968 864 1260 918 Ἀλέξανδρον
1289 869 1425 908 ταῦτα
1482 870 1553 903 quid
1602 869 1762 905 Spartanis

182 932 493 988 ὑπεκρίναντο·
527 933 634 988 πρὸς
656 934 700 977 δὲ
731 933 833 984 τοὺς
864 931 949 975 ἀπὸ
969 931 1173 987 Σπάρτης
1206 930 1430 987 ἀγγέλους,

181 1000 300 1044 τάδε·
358 1001 447 1055 ,,Τὸ
478 1001 555 1056 μὲν
595 1004 731 1044 δεῖσαι
763 1001 1136 1054 Λακεδαιμονίους
1175 998 1233 1055 μή
1274 999 1428 1054 ὁμολο-
1444 1003 1488 1042 45

154 1069 408 1124 2,,γήσωμεν
426 1072 486 1125 τῷ
505 1068 731 1126 βαρβάρῳ,
762 1068 898 1122 κάρτα
919 1065 1201 1121 ἀνθρωπήιον
1222 1061 1289 1122 ἦν.
1323 1065 1430 1122 ἀτὰρ

186 1137 399 1191 »αἰσχρῶς
434 1153 480 1190 γε
520 1138 685 1188 οἴκατε,
732 1135 1048 1190 ἐξεπιστάμενοι
1076 1136 1164 1174 τῶν
1191 1131 1434 1189 Ἀθηναίων

184 1201 258 1254 .,τὸ
281 1201 508 1260 φρόνημα,
541 1202 814 1260 ἀρρωδῆσαι·
845 1203 910 1246 ὅτι
941 1200 1040 1245 οὔτε
1059 1199 1221 1256 χρυσός
1252 1200 1339 1243 ἐστι
1355 1204 1434 1257 γῆς

126 1396 215 1420 cum
226 1385 305 1421 aliis
324 1386 490 1435 pluribus
501 1386 622 1422 attulit
641 1385 778 1422 Stran-

125 1452 174 1489 ge
193 1441 230 1476 in
246 1440 352 1479 Iahn.
384 1449 419 1479 et
440 1441 603 1479 Seebod.
624 1442 776 1478 Annall.

125 1496 259 1546 Suppl.
278 1499 325 1546 ΙΙ,
347 1500 374 1538 2
397 1512 435 1549 p.
457 1500 549 1538 238.

182 1559 372 1613 ου’δεμίαν
400 1562 494 1604 ὄπιν
526 1563 649 1615 ἔχων]
680 1565 706 1601 i.
738 1578 772 1602 e.

123 1618 215 1655 nihil
234 1623 408 1668 reveritus,
430 1628 472 1657 ut
503 1622 571 1668 IX,
604 1624 668 1668 76,
709 1621 775 1657 ubi

122 1674 369 1714 Valckenaer.
391 1679 529 1714 excitat
550 1678 710 1715 Salmas.
728 1675 775 1713 ad

121 1731 238 1769 Inscr.
259 1732 535 1784 Herod.Att.p.
549 1737 615 1775 20.
639 1735 775 1770 Graev.

122 1786 171 1824 ad
192 1789 344 1827 Hesiod.
367 1791 462 1841 Opp.
487 1792 578 1831 187.
635 1792 776 1827 Home-

125 1844 247 1880 ricam
275 1860 352 1883 esse
385 1847 617 1883 locutionem
638 1846 776 1884 docent

123 1901 167 1938 11.
189 1902 289 1950 XVI,
310 1905 403 1943 388.
433 1902 563 1954 Odyss.
582 1905 689 1948 XIV,
711 1907 776 1945 82.

123 1957 215 2005 XX,
255 1960 348 2000 215.
388 1960 494 2007 XXI,
530 1963 596 2001 28.
623 1981 677 1987 —-
714 1959 777 1996 Ad

124 2026 229 2065 seqq.
252 2013 440 2064 ἐνέπρησε
461 2012 556 2062 τούς
578 2030 617 2054 τε
641 2015 777 2062 οἴκους

123 2069 190 2108 καὶ
214 2067 260 2108 τοὶ
282 2066 486 2124 ἀγάλματα
506 2073 606 2110 conf.
626 2072 777 2110 nott.ad

123 2126 168 2174 v,
188 2128 278 2167 102.

181 2199 374 2255 α’θέμιστα
395 2206 538 2258 ἕρδειν]
574 2206 659 2244 vid.
679 2215 776 2246 nott.

125 2259 174 2297 ad
192 2262 274 2309 VII,
296 2266 346 2303 33
362 2270 398 2300 et
419 2263 466 2300 ad
481 2277 640 2315 sequens
662 2262 777 2314 ἄχαρι

125 2323 220 2412 rign.
255 2318 302 2356 ad
337 2322 367 2369 Ι,
394 2318 461 2360 41.
493 2321 557 2371 Vl,
574 2323 637 2362 19.
678 2322 778 2370 VIII,

184 2446 300 2489 ε’όντα
327 2448 585 2504 πρόξεινόντε
614 2453 682 2494 καὶ
704 2455 776 2504 φί-

128 2507 216 2554 λον]
246 2508 330 2545 vid.
356 2517 449 2547 nott.
481 2510 528 2547 ad
559 2513 657 2558 VIII,
686 2515 774 2553 136.

127 2562 246 2599 Addit
259 2565 543 2617 VVesselingius,
564 2567 776 2605 secuudum

129 2619 331 2656 Aristidem
350 2623 385 2657 ΙΙ
403 2636 440 2672 p.
470 2627 564 2672 217,
608 2626 780 2661 Alexan-

131 2674 243 2711 drum
283 2677 330 2713 ob
365 2676 514 2729 hospitii
541 2689 779 2730 praetextum

127 2732 210 2769 sine
230 2732 333 2769 noxa
361 2747 438 2772 esse
469 2735 675 2786 dimissum,
713 2736 780 2775 sed

128 2795 221 2826 teste
241 2791 404 2842 Lycurg.
433 2792 473 2828 in
493 2794 626 2835 Leocr.
646 2808 685 2846 p.
702 2794 779 2836 156

834 1382 939 1434 (pag.
959 1386 1037 1424 186
1058 1382 1125 1432 R.)
1150 1395 1287 1432 parum
1315 1381 1487 1426 abfuisse,

834 1441 926 1492 quin
941 1438 1127 1490 lapidibus
1146 1440 1209 1474 ille
1221 1440 1488 1489 cooperiretur.

1014 1529 1107 1580 cap.
1136 1528 1302 1565 cxmv.

887 1610 967 1647 τῶν
996 1603 1230 1656 Ἀθηναίων
1263 1602 1305 1645 τὸ
1335 1602 1490 1656 φρόνη-

833 1666 902 1717 μα]
925 1666 981 1701 Ita
1003 1662 1222 1712 Schweigh.
1241 1670 1277 1699 et
1290 1661 1405 1699 Gaisf.
1426 1675 1489 1698 re-

832 1729 891 1758 cte
913 1720 1097 1757 dederunt
1109 1734 1128 1755 e
1140 1719 1329 1757 Sancrofti
1346 1717 1488 1763 codice,

832 1791 900 1829 pro
925 1778 1029 1827 vulg.
1071 1773 1114 1815 τό
1132 1771 1370 1826 Ἀθηναίων
1392 1771 1490 1826 φρό-

832 1850 952 1884 νημα,
973 1832 1075 1885 quod
1097 1834 1221 1882 ipsum
1242 1845 1329 1869 cum
1343 1830 1490 1868 Sohae-

831 1891 913 1927 fero
934 1891 1054 1927 tenuit
1073 1888 1240 1928 Bekker.
1297 1891 1395 1925 Nam
1415 1887 1491 1925 loci

832 1960 961 1984 sensus
999 1945 1060 1982 hic
1096 1946 1196 1982 fere:
1228 1944 1294 1982 sed
1332 1945 1491 1994 turpiter

834 2003 988 2055 quidem
1007 2001 1080 2039 hoe
1100 2003 1221 2039 vereri
1241 2001 1434 2048 videmini,
1447 2007 1490 2037 ut

834 2062 900 2112 qui
918 2061 1014 2096 bene
1035 2060 1164 2095 noritis
1179 2088 1189 2106 ,
1235 2058 1300 2110 qui
1330 2059 1377 2094 sit
1406 2057 1490 2093 ani-

831 2130 916 2154 mus
938 2115 1251 2162 Atheniensium,
1280 2112 1372 2165 quid
1411 2119 1489 2149 sta-

832 2180 940 2211 tuant
977 2186 1005 2209 s.
1036 2173 1197 2209 sentiant
1226 2169 1489 2207 Athenienses-

832 2228 1125 2267 Valckenaerius
1161 2240 1249 2263 eum
1268 2227 1307 2262 in
1327 2225 1489 2262 modum

831 2288 964 2324 Latine
986 2291 1235 2336 expresserat:
1269 2282 1490 2331 „cumAthe-

831 2345 1000 2381 niensium
1010 2343 1122 2378 animi
1133 2340 1409 2389 magnitudinem
1419 2338 1490 2375 Iza-

833 2401 944 2437 beatz's
965 2399 1200 2448 exploratam,
1239 2398 1389 2446 turpiter
1407 2406 1490 2431 sane

832 2458 941 2494 vereri
949 2456 1149 2500 vz'clenn'nz'‘⁴;
1172 2452 1383 2489 Diodorum
1397 2463 1492 2487 con-

834 2513 923 2549 ferri
944 2512 1029 2549 dein
1053 2512 1156 2546 iubet
1176 2510 1243 2555 XI,
1265 2510 1317 2548 28
1340 2514 1376 2543 et
1395 2507 1492 2544 Plu-

834 2567 954 2606 tarch.
976 2566 1127 2605 Aristid.
1153 2566 1253 2615 [cap.
1273 2565 1341 2612 10]
1358 2560 1489 2614 p.324

834 2627 880 2661 D.
911 2623 1062 2661 Aristid.
1082 2624 1129 2658 T.
1152 2623 1203 2657 111
1230 2635 1266 2671 p.
1288 2620 1382 2660 357.
1425 2620 1491 2655 Tu

836 2680 923 2718 add.
951 2679 1093 2716 Herod.
1122 2679 1190 2725 IX,
1220 2680 1245 2717 7
1268 2677 1302 2721 §.
1326 2679 1374 2716 7:
1407 2674 1489 2723 ἒξε-

836 2734 983 2789 μάθετε
1020 2731 1061 2776 τὸ
1087 2733 1278 2787 ἡμέτερον
1297 2729 1489 2786 φρόνημα

835 2806 989 2845 σαφως.

1483 904 1701 940 responderint.
