1839 3292
559 183 904 221 URANIA.

965 183 1098 220 VIII.
1407 187 1462 225 23

198 294 412 348 ναυμαχίῃ
449 290 683 346 Αἰγύπτιοι
720 290 800 346 μὲν
835 293 926 333 τῶν
965 289 1132 344 Ξέρξεω
1165 289 1517 344 στρατιωτέωνὲο

195 360 449 416 ἠρίστευσαν
464 374 473 383 ·
505 362 548 402 οἳ
569 358 675 401 ἄλλα
705 374 748 401 τε
768 357 932 413 μεγάλα
955 357 1058 412 ἔργα
1079 355 1352 409 ἀπεδέξαντο,
1386 358 1460 400 καὶ

168 430 304 478 Ξνέας
335 427 507 470 αὐτοῖσι
537 425 723 479 ἀνδράσι
753 424 869 469 εἷλον
893 424 1146 482 Ἑλληνίδας
1176 425 1314 469 πέντε.
1371 428 1459 468 τῶν

199 494 245 538 δὲ
276 493 496 550 Ἑλλήνων
537 493 647 538 κατα
684 493 847 549 ταύτην
883 493 962 548 τὴν
997 493 1162 550 ἡμέρην
1197 491 1458 549 ἠρίστευσαν

196 561 440 618 Ἀθηναῖοι,
492 563 565 606 καὶ
590 560 834 617 Ἀθηναίων
863 562 1064 616 Κλεινίης
1099 561 1122 604 ὁ
1148 559 1454 616 Ἀλκιβιάδεω·

197 627 245 680 ὃς
274 629 472 685 δαπάνην
491 631 663 685 οἰκηίην
681 627 973 684 παρεχόμενος
996 628 1273 684 ἐστρατεύετο
1289 626 1452 683 ἀνδρά-
1508 640 1586 680 627

199 708 241 740 σι
271 713 315 739 τε
345 699 603 753 διηκοσίοισι
631 697 704 740 καὶ
735 698 880 753 οἰκηίῃ
911 698 995 752 νηΐ.
1469 702 1513 737 26

141 815 250 851 batos
296 814 452 862 Sidonii,
491 826 583 861 non,
623 819 666 850 ut
694 812 796 864 apud

137 869 376 908 Herodotum
389 877 454 919 est,
467 871 651 920 Aegyptii.
671 869 795 907 Athe-

136 929 284 964 nienses
314 926 444 964 eadem
464 926 576 963 laude
596 933 797 965 ornaverat

135 982 321 1020 Pindarus
333 985 372 1020 in
393 985 561 1021 carmine
582 982 684 1033 apud
699 985 794 1020 Plu-

135 1039 255 1078 tarch.
275 1042 310 1076 Π
327 1054 365 1091 p.
380 1041 462 1081 552
476 1041 519 1079 Β.
539 1040 624 1078 0011.
638 1039 792 1079 Aristid.

135 1096 385 1135 Themistocl.
426 1098 476 1135 T.
506 1098 561 1133 111
585 1109 673 1147 pag.
700 1100 795 1137 310.

134 1155 273 1190 Attulit
292 1152 387 1190 haec
409 1152 593 1191 Valcken.
653 1152 715 1189 Ad
734 1153 795 1189 lo-

136 1211 330 1247 cutionem
351 1210 442 1260 ἕργα
477 1205 717 1256 α’πεδὲξαντο
744 1210 792 1246 cf.

135 1268 247 1303 allata
268 1266 315 1303 ad
337 1268 417 1313 Vn,
436 1268 512 1305 139
534 1273 571 1302 et
591 1265 639 1302 ad
660 1260 794 1304 αὐτοῖ-

136 1336 175 1362 σι
205 1318 374 1369 ἀνδράσι
400 1324 466 1369 111,
495 1322 549 1362 45
580 1323 672 1373 ibiq.
693 1329 789 1358 nou.

190 1378 257 1418 καὶ
286 1376 517 1428 Ἀθηναίων
549 1378 738 1428 Κλεινίης
767 1375 792 1418 ὅ

130 1431 400 1485 Ἀλκιβιάδεω]
415 1436 526 1470 Hunc
537 1433 692 1485 quidem
710 1435 791 1470 Cli-

129 1493 234 1528 niam
249 1489 475 1528 Plutarchus
495 1503 648 1542 quoque
677 1490 792 1528 tradit

131 1547 227 1599 (Vit.
267 1546 453 1585 Alcibiad.
485 1561 544 1597 cp.
574 1550 593 1584 I
618 1562 656 1599 p.
690 1548 788 1598 191)

129 1617 196 1641 sua
222 1605 311 1642 navi
338 1603 386 1641 ad
408 1605 655 1641 Artemisium
687 1617 790 1654 pug-

129 1674 237 1698 nasse
253 1691 263 1709 ,
297 1668 427 1711 postea
458 1674 548 1698 vero
569 1662 610 1697 in
629 1663 788 1697 Boeotia

129 1719 348 1755 occubuisse
387 1716 436 1754 ad
465 1718 698 1754 Coroneam:
740 1717 788 1754 de

130 1787 206 1826 qua
233 1788 363 1825 pugna
390 1781 501 1812 testes
531 1776 694 1814 excitavi
738 1773 788 1811 ad

128 1832 324 1868 Plutarchi
355 1832 381 1869 l.
408 1832 430 1867 l.
452 1844 540 1881 pag.
561 1832 628 1873 56.
684 1830 785 1869 Add.

128 1887 311 1938 VViggers
339 1890 489 1933 Quaest.
520 1890 616 1927 critt.
656 1894 693 1924 et
723 1886 786 1924 hi-

129 1950 238 1981 storr.
269 1946 310 1981 in
345 1945 495 1981 Cornel.
525 1946 620 1995 Nep.
659 1945 784 1981 Alcib.

129 2001 250 2051 (Lips.
268 2002 391 2050 1833)
402 2013 489 2051 pag.
513 2002 579 2042 59.
602 2004 668 2042 60.
698 2002 785 2038 Fuit

127 2055 237 2094 hicce
268 2057 406 2094 Clinias
445 2058 544 2094 illius
578 2057 784 2095 Alcibiadis

127 2113 238 2161 filius,
253 2115 317 2165 qui
336 2112 425 2150 inde
438 2126 458 2149 a
471 2115 629 2151 Platone
646 2115 685 2150 in
700 2116 784 2150 Eu-

127 2168 236 2221 thyd.
258 2184 297 2220 p.
319 2170 400 2211 275
422 2171 469 2208 A.
490 2184 526 2221 p.
550 2170 783 2211 312Heind.

125 2234 284 2264 vocatur
306 2225 326 2265 ὁ
347 2224 529 2272 παλαιός,
559 2234 602 2263 ut
621 2228 700 2264 scil.
723 2227 782 2264 di-

127 2284 380 2333 stingueretur
411 2284 457 2319 ab
489 2284 553 2320 illo
584 2284 780 2332 Alcibiade,

129 2340 195 2390 qui
222 2340 354 2390 prioris
374 2340 471 2376 illius
491 2340 694 2377 Alcibiadis
714 2355 782 2377 ne-

128 2408 196 2444 pos
232 2403 269 2432 et
300 2395 409 2432 huius
432 2397 575 2433 Cliniae
599 2397 696 2434 filius
716 2411 783 2448 per

129 2451 220 2487 belli
265 2453 578 2503 Peloponnesiaci
610 2461 783 2504 tempora

130 2509 366 2556 potissimum
402 2510 576 2546 inclaruit
614 2511 784 2547 celeber-

129 2563 246 2600 rimus
266 2564 554 2602 Atheniensium
575 2565 674 2614 dux,
703 2568 783 2618 qui,

129 2620 185 2655 uti
197 2632 276 2656 mos
292 2621 361 2658 fuit
375 2622 532 2659 Athenis
548 2623 643 2672 (vid.
657 2624 783 2660 Sturz.

129 2676 170 2711 in
192 2677 419 2715 Commentt.
446 2680 625 2717 Societat.
654 2679 783 2730 philo-

128 2732 206 2782 log.
229 2734 330 2783 Lips.
351 2734 380 2780 Ι,
403 2737 428 2773 2
447 2749 533 2785 pag.
556 2739 675 2784 226),
707 2749 781 2773 no-

129 2801 218 2825 men
240 2790 285 2826 ab
306 2803 376 2828 avo
398 2803 518 2843 eoque
538 2800 694 2844 paterno
714 2806 780 2831 ac-

853 819 1018 863 ceperat.
1094 814 1153 849 De
1178 814 1257 850 eius
1284 814 1399 864 stirpe
1435 813 1512 854 vid.

851 868 1049 906 Plutarch.
1083 870 1107 907 l.
1136 871 1162 906 l.
1192 871 1320 923 ibique
1341 871 1451 908 allata
1471 885 1510 921 p.

852 926 919 966 55.
977 927 1028 962 Et
1048 928 1242 976 congruit,
1288 928 1510 965 observante

849 983 1119 1032 Wesselingio,
1155 990 1374 1033 temporum
1400 985 1510 1023 ratio.

850 1041 949 1076 Nam
977 1037 1192 1076 Alcibiades
1212 1041 1297 1088 ille,
1328 1041 1395 1092 qui
1414 1042 1509 1077 Dio-

852 1094 945 1133 doro
984 1103 1077 1133 teste
1113 1097 1216 1145 XIV,
1247 1099 1298 1137 10
1325 1097 1417 1133 obiit
1437 1110 1509 1133 an—

850 1165 919 1189 nos
938 1152 1067 1201 {ferme
1106 1159 1218 1190 natus
1259 1152 1509 1204 quadraginta

849 1209 1002 1260 Olymp.
1028 1209 1168 1254 XCIV,
1193 1213 1228 1258 1,
1257 1210 1383 1246 lucem
1398 1209 1507 1247 vide-

849 1266 897 1301 rit
935 1279 1088 1302 necesse
1126 1272 1181 1302 est
1219 1266 1318 1303 circa
1352 1267 1506 1318 Olymp.

845 1323 1071 1369 LXXXIII,
1111 1328 1217 1372 patre
1260 1325 1506 1373 sexagenario

847 1379 1012 1426 maiore3
1043 1391 1171 1429 quem,
1191 1378 1345 1429 quando
1366 1379 1414 1415 ad
1428 1381 1505 1416 Ar-

846 1435 1038 1471 temisium
1051 1441 1265 1485 pugnatum
1278 1442 1331 1472 est
1352 1436 1505 1487 Olymp.

845 1492 1002 1539 LXXV,
1015 1503 1134 1527 annos
1144 1492 1299 1541 triginta
1315 1499 1379 1528 aut
1391 1493 1504 1542 paulo

845 1549 1043 1599 pauciores
1063 1546 1237 1585 habuisse
1256 1550 1287 1585 si
1307 1549 1503 1599 probabile

846 1612 912 1653 est,
935 1618 1170 1656 consequens
1199 1604 1290 1643 inde
1316 1605 1370 1653 fit,
1400 1604 1504 1642 hunc

843 1661 966 1698 filium
995 1668 1079 1712 post
1097 1662 1251 1711 triginta
1278 1668 1316 1698 et
1335 1662 1505 1714 quinque

845 1731 964 1755 annos
995 1719 1169 1768 genitum
1188 1719 1302 1755 fuisse
1329 1731 1351 1755 a
1367 1718 1502 1768 Clinia,

843 1776 911 1827 qui
931 1774 980 1812 ad
1001 1776 1216 1812 Coroneam
1244 1774 1349 1812 haud
1376 1776 1499 1812 multo

841 1839 927 1883 post
946 1833 1134 1879 occubuit,
1155 1833 1285 1869 relicto
1304 1832 1420 1869 filiolo
1430 1833 1501 1868 Al-

841 1888 988 1925 cibiade
1009 1889 1114 1937 orbo,
1124 1895 1165 1925 ut
1186 1890 1235 1925 ait
1254 1891 1432 1925 Isocrates
1443 1891 1501 1925 De

840 1946 926 1995 Big.
947 1958 1036 1996 pag.
1060 1947 1140 1986 352
1164 1946 1265 1996 [cap.
1284 1948 1334 1985 10
1355 1948 1392 1991 ξ.
1413 1947 1500 1993 26].

839 2002 990 2039 Accidit
1019 2003 1122 2038 enim
1150 2003 1220 2039 ista
1249 2014 1379 2052 pugna
1399 2015 1498 2038 anno

840 2058 922 2098 447
963 2071 996 2096 a.
1021 2057 1110 2096 Chr.
1141 2072 1180 2095 11.
1222 2059 1301 2095 sive
1346 2059 1499 2109 Olymp-

838 2116 1055 2161 LXXXIII,
1068 2118 1094 2154 2
1116 2112 1210 2162 (vid.
1222 2115 1388 2151 Clinton.
1400 2117 1498 2151 Fast.

841 2170 900 2208 ed.
922 2173 1082 2221 Kriiger.
1100 2185 1137 2221 p.
1154 2170 1238 2221 54),
1268 2173 1382 2221 igitur
1412 2178 1499 2207 ante

839 2229 981 2265 bellum
1004 2228 1375 2277 Peloponnesiacum
1403 2230 1498 2275 (sive

840 2298 927 2325 ann.
948 2283 1076 2324 4313.
1097 2282 1185 2320 Chr.
1198 2285 1256 2333 n.)
1280 2285 1384 2320 cuius
1397 2297 1497 2320 anno

839 2340 998 2378 demum
1027 2339 1254 2377 duodecimo
1283 2339 1497 2377 Alcibiades

840 2397 894 2437 ἔτι
915 2395 1004 2444 νέος
1025 2393 1081 2435 ὧν
1102 2396 1323 2447 producitur
1343 2411 1364 2433 a
1384 2395 1498 2434 Thu-

841 2453 975 2506 cydide
1007 2454 1053 2500 V,
1080 2451 1145 2501 43,
1183 2455 1335 2504 triginta
1377 2466 1496 2490 annos

839 2511 1082 2562 probabiliter
1101 2516 1231 2557 natus,
1271 2517 1313 2546 ut
1334 2508 1381 2546 ad
1401 2511 1497 2546 Plu-

839 2566 958 2604 tarch.
980 2564 1167 2603 Alcibiad.
1193 2569 1243 2605 13
1263 2579 1300 2616 p.
1325 2569 1402 2607 123
1424 2580 1496 2616 po—

838 2625 908 2662 sui.
967 2624 1070 2659 Haec
1101 2621 1149 2658 ad
1177 2621 1384 2659 Herodotei
1420 2624 1493 2660 loci

837 2679 1128 2729 intelligentiam
1149 2678 1350 2719 sufficiant.

894 2733 1079 2785 δαπάνην
1099 2734 1259 2787 οἰκηίην
1274 2731 1495 2789 παρεχόμε-

838 2793 926 2842 νος]
956 2791 1050 2829 Inde
1069 2804 1162 2830 mox
1182 2792 1317 2847 οἰκηΐῃ
1337 2793 1410 2845 ’νηῒ
1421 2794 1492 2830 mi-
