1839 3292
391 195 482 240 1:28

799 194 1261 232 HERODOTI

400 303 482 348 νὸν
519 302 611 359 γάρ,
639 319 708 348 τοι
744 302 1000 354 ἐποιεῦντο,
1038 305 1226 357 γυναῖκα
1264 300 1334 344 ἐπὶ
1373 300 1451 351 τάς
1474 297 1664 356 Ἀθήνας

372 375 396 412 4
408 372 728 426 στρατεύεσθαι.

787 369 896 424 αὕτη
927 369 1006 424 μὲν
1036 367 1112 423 δή,
1153 366 1214 418 ὥς
1239 366 1455 421 πρότερον
1483 369 1662 423 εἴρηται,

404 441 607 496 διέφυγε·
636 436 748 495 ἦσαν
778 438 824 481 δὲ
853 436 926 481 καὶ
955 436 998 479 οἱ
1029 434 1164 485 ἄλλοι,
1195 437 1282 476 τῶν
1321 436 1366 477 αἱ
1399 439 1501 490 νῆες
1528 450 1665 490 περιε-

348 706 436 730 usus
458 699 513 729 est
531 693 574 741 1,
608 690 701 733 194.
729 692 787 739 H,
821 694 914 733 122.
939 692 1005 732 70.

352 751 445 789 132.
471 749 559 796 VII,
590 752 682 789 113.
720 748 828 788 Conf.
852 760 1006 800 quoque

350 806 510 856 Gregor.
533 805 620 842 Cor.
663 806 721 841 De
743 804 830 846 dial.
862 807 940 845 ion.
971 805 1006 849 §.

347 863 403 904 57
442 875 531 913 pag.
565 861 658 902 466.
711 861 828 912 Apud
861 862 1008 899 serioris

350 921 480 955 aetatis
500 920 696 969 scriptores
707 926 827 955 exstat
840 919 1010 970 ζωγρίαν

349 976 508 1026 λαβεῖνε
532 975 579 1011 de
601 988 676 1026 quo
698 974 836 1012 dixiad
849 976 1012 1012 Ctesiam

348 1033 470 1070 Perss.
490 1033 586 1069 Exc.
607 1033 644 1077 ᾗ.
666 1034 691 1072 9
712 1045 800 1082 pag.
825 1034 918 1071 123.
950 1029 1013 1066 Ad

352 1089 587 1126 locutionem
635 1085 766 1128 δεινὸν
808 1090 1014 1128 ποιεῖσθαι

353 1146 455 1184 conf.
475 1147 553 1183 citt.
575 1143 624 1182 ad
643 1145 733 1193 VII,
761 1143 829 1185 35.

559 1234 648 1286 cap.
681 1234 816 1273 XCIV.

404 1309 663 1364 Ἀδείμαντον
694 1309 737 1352 δὲ
775 1312 847 1352 τόν
869 1312 1015 1364 Κορίν-

353 1374 450 1411 θιον
481 1367 698 1422 στρατηγόν
723 1367 880 1421 λέγουσι
899 1365 1017 1420 Ἀθη-

353 1431 464 1467 ναῖοι
484 1442 519 1466 κ.
542 1442 572 1465 τ.
595 1424 653 1478 λ.]
700 1427 783 1474 „De
814 1425 1016 1463 Corinthiis

355 1490 395 1520 et
408 1483 616 1519 Adimanto
637 1483 698 1518 hic
711 1489 860 1519 tantum
876 1490 1014 1530 narrat,

356 1539 450 1592 quid
469 1538 721 1576 Athenienses
744 1538 928 1587 dixerint,
959 1546 1017 1576 at-

357 1610 433 1649 que
468 1595 555 1650 huic
583 1597 728 1632 rumori
755 1597 1017 1632 testimonium

358 1654 517 1703 opponit
574 1654 772 1689 universae
814 1653 1017 1701 Graeciae3

356 1709 424 1747 sed
444 1708 517 1746 hoc
536 1710 599 1745 ille
627 1710 888 1746 testimonium
915 1711 1019 1748 velut

356 1767 397 1803 in
412 1773 626 1803 transcursu
637 1767 756 1802 tribus
771 1767 894 1803 verbis
911 1780 1019 1803 com-

357 1830 565 1871 memorat3
586 1823 728 1859 famam
738 1822 897 1860 Athenis
912 1837 1020 1874 spar-

359 1892 442 1917 sam
482 1880 675 1930 eleganter
713 1887 862 1916 enarrat
906 1888 1020 1932 atque

361 1937 561 1987 explicate.
621 1936 780 1987 Saepius
812 1937 927 1972 etiam
950 1938 1021 1973 ali-

359 1993 399 2029 bi
433 1993 521 2029 talia
555 1993 682 2029 scribit
721 1992 768 2029 de
805 1992 1019 2041 Corinthiis,

361 2062 460 2100 quae
468 2048 759 2086 Atheniensibus
772 2051 892 2086 multo
905 2063 1021 2101 quam

362 2107 434 2142 illis
455 2107 555 2142 lectu
579 2105 699 2143 videri
735 2106 935 2143 debuerint
964 2108 1020 2143 iu-

363 2161 561 2199 cundiora.
640 2164 723 2198 Huc
772 2162 869 2200 adde
889 2165 1021 2200 Dionis

364 2218 645 2269 Chrysostomi,
687 2220 753 2270 qui
782 2219 1022 2257 Herodotum

361 2275 640 2322 admirabatur,
673 2277 952 2324 testimonium,
983 2278 1021 2312 in

363 2332 534 2370 Corinth.
557 2345 594 2382 p.
618 2331 697 2371 456
720 2332 762 2370 C.
794 2332 1020 2369 Corinthum

361 2391 540 2426 Nostrum
574 2389 720 2424 venisse
759 2392 945 2426 narrantis
986 2396 1022 2426 et

361 2459 429 2496 pro
452 2445 563 2481 laude
591 2443 791 2482 Corinthiis
814 2447 894 2482 iure
927 2459 1021 2483 con-

364 2503 505 2538 tributa
526 2502 688 2538 voluisse
719 2500 870 2552 μισθόν
898 2499 1022 2553 ἄρνυ-

367 2563 482 2596 σθαι·
524 2557 701 2594 mercede
740 2566 877 2609 negata
915 2573 1021 2609 μετε-

367 2612 581 2661 σκεύασεν,
619 2616 766 2665 inquit,
804 2615 957 2664 ἐκεῖνα,
997 2612 1022 2653 ἃ

365 2666 511 2716 πάντες
557 2668 804 2722 ἐπιστάμεθα
846 2672 892 2710 τοὶ
930 2671 1022 2723 περὶ

363 2725 436 2777 τήν
470 2730 678 2776 Σαλαμῖνα
706 2726 773 2766 καὶ
803 2726 870 2767 τόν
900 2724 1023 2767 Ἀδεί-

364 2797 529 2835 μαντον.
587 2785 718 2821 Dionis
756 2785 886 2823 locum
916 2783 1022 2823 adhi-

269 508 345 555 04
401 505 649 562 γεγόνεσαν,
681 506 727 549 ἐν
747 509 809 562 τῷ
845 502 1051 563 Φαλήρῳ.
1088 501 1370 558 Ἀδείμαντον
1399 502 1446 546 δὲ
1472 503 1551 546 τὸν
1579 505 1664 547 Ko-
1676 510 1721 544 80

1061 690 1227 727 buerunt
1246 689 1411 727 Wessel.
1433 688 1548 725 etiam
1566 687 1607 724 in
1626 687 1724 727 Diss-

1063 745 1206 784 Herod.
1227 760 1264 797 p.
1286 749 1362 787 128
1380 753 1416 783 et
1438 744 1611 782 Reiskius
1626 745 1725 781 Ani-

1064 803 1192 841 madV.
1215 804 1252 839 11
1270 816 1309 853 p.
1331 803 1424 843 527.
1442 804 1547 839 Haec
1567 800 1726 839 tandem

1066 862 1268 910 exigantur
1288 858 1482 896 Plutarch.
1501 860 1538 895 ΙΙ
1582 872 1621 924 p.
1643 860 1726 899 862

1066 919 1135 954 B.:
1174 913 1235 955 ὅτι
1264 914 1396 966 μέντοι
1431 915 1526 956 δέκα
1555 911 1728 954 τάλαντα

1069 970 1222 1025 δωρεαν
1262 971 1400 1038 ἐλαβεν
1444 972 1484 1020 ἐξ
1517 967 1727 1022 Ἀθηνων,

1068 1011 1242 1069 Ἀνύτου
1254 1025 1298 1068 τὸ
1310 1023 1518 1096 ψήφισμα
1537 1027 1729 1094 γράψαν-

1069 1101 1158 1134 τος,
1191 1080 1294 1136 niuno
1310 1080 1534 1136 Ἀθηναῖος
1570 1079 1622 1125 ου’
1646 1098 1729 1123 των

1068 1139 1444 1192 παρημελημένων’
1427 1157 1469 1182 εν
1493 1142 1647 1207 ἱστορία
1659 1140 1730 1180 Δί-

1069 1198 1191 1244 ν’λλος
1220 1197 1392 1249 εἴρηκεν.
1449 1199 1554 1234 Haec
1580 1199 1612 1235 si
1639 1209 1732 1234 vera

1070 1262 1159 1292 sunt
1171 1285 1180 1303 ,
1202 1267 1329 1306 neque
1349 1255 1489 1305 gratiae
1504 1267 1577 1291 nec
1595 1254 1732 1291 simul-

1070 1313 1156 1348 tatis
1186 1309 1383 1349 historicus
1413 1319 1542 1349 noster
1575 1309 1734 1361 effugiet

1072 1369 1351 1419 suspiciOnem:
1391 1375 1482 1405 nota
1503 1375 1578 1416 est,
1615 1380 1734 1420 quam

1067 1428 1221 1475 primam
1242 1437 1312 1461 esse
1332 1425 1498 1462 historiae
1518 1425 1627 1473 legem
1643 1425 1734 1462 scri-

1074 1483 1127 1518 bit
1168 1482 1299 1517 Cicero
1342 1483 1400 1517 De
1435 1482 1537 1520 Orat.
1559 1483 1623 1526 11,
1667 1480 1734 1522 15.

1071 1536 1362 1575 Atheniensium
1373 1539 1517 1574 rumori
1528 1539 1605 1574 sive
1619 1538 1734 1588 ipsius

1073 1596 1197 1646 potius
1226 1594 1411 1632 Herodoti
1430 1595 1733 1641 malevolentiae,

1074 1653 1176 1688 Plut.
1197 1653 1233 1687 ΙΙ
1262 1665 1300 1701 p.
1322 1654 1403 1693 870
1421 1659 1457 1688 et
1475 1664 1555 1703 seq.
1577 1651 1737 1702 opponit

1075 1707 1316 1760 Thucydidis
1355 1709 1569 1756 silentium,
1611 1707 1736 1744 dona-

1075 1767 1177 1801 rium
1204 1763 1457 1816 Delphicum,
1491 1772 1625 1802 votum
1647 1777 1737 1800 mu·—

1074 1823 1213 1859 lterum
1230 1821 1524 1868 Corinthiarum,
1547 1822 1736 1872 epigram-

1076 1886 1179 1915 mata
1216 1879 1424 1916 Simonidis
1474 1879 1735 1929 aliorumquet,

1078 1948 1175 1987 quae
1207 1948 1365 1972 omnem
1393 1936 1525 1972 tollere
1558 1934 1738 1972 videntur

1078 1993 1372 2037 dubitationem,
1404 2005 1579 2044 quaeque
1610 1993 1737 2028 Hero-

1078 2049 1167 2086 doto
1220 2062 1300 2086 non
1339 2051 1469 2099 ignota
1508 2046 1737 2099 persuadere

1079 2105 1311 2153 debuerant,
1352 2118 1571 2153 rumorem,
1621 2116 1737 2155 quem

1078 2163 1123 2198 ab
1138 2161 1306 2199 hostibus
1319 2161 1602 2198 Corinthiorum
1613 2159 1738 2196 Athe-

1078 2220 1271 2255 niensibus
1293 2225 1501 2269 acceperat,
1532 2218 1738 2254 involven-

1078 2275 1172 2312 dum
1193 2277 1361 2321 silentio,
1393 2288 1471 2311 nou
1500 2281 1739 2324 posterorum

1080 2346 1158 2368 esse
1208 2333 1416 2368 memoriae
1465 2330 1737 2370 tradendmn.“

1087 2388 1387 2425 l'alcltenaer.
1422 2387 1612 2438 Equidem
1633 2386 1738 2424 haud

1079 2446 1270 2495 intelligo,
1311 2444 1403 2496 quid
1429 2446 1509 2480 iure
1529 2446 1621 2481 vitio
1641 2445 1738 2481 verti

1079 2503 1194 2552 possit
1224 2503 1320 2552 patri
1353 2501 1547 2548 historiae,
1581 2502 1646 2553 qui
1674 2499 1738 2537 hio

1082 2571 1236 2609 qnoque
1267 2572 1334 2608 pro
1365 2571 1473 2594 more
1501 2570 1569 2595 suo
1593 2557 1739 2595 diversa

1081 2617 1203 2650 attulit
1231 2616 1468 2661 testimonia,
1513 2613 1618 2651 unde
1646 2612 1739 2666 quid

1079 2673 1159 2708 veri
1188 2672 1374 2719 subesset,
1412 2670 1627 2708 iudicarent-
1661 2670 1736 2717 alii,

1081 2741 1244 2779 quorum
1266 2728 1404 2765 iudicio
1425 2728 1642 2764 liberotalia
1652 2738 1740 2762 ma·—

1078 2785 1149 2822 luit
1168 2787 1400 2835 permittere,
1421 2797 1539 2838 quam
1551 2785 1632 2836 ipse
1647 2783 1739 2820 certi
