1839 3292
493 243 946 282 CALLIOPE.

171 356 250 413 τήν
279 353 385 398 ὁδὸν
412 351 593 410 ἡγέοντο
634 351 677 403 ἐς
706 350 1003 407 Σφενδαλέας·
1043 349 1246 394 ἐνθεῦτεν
1276 352 1346 404 δὲ,
1375 351 1393 395 ἐ

141 421 416 477 3Τανάγρην.
473 421 520 464 ἐν
569 419 771 475 Τανάγρῃ
814 419 860 462 δὲ
897 418 1035 462 νύκτα
1070 418 1417 474 ἐναυλισάμενος,

167 489 240 533 καὶ
268 488 539 542 τραπόμενος
567 492 619 543 τῇ
648 487 854 543 ὑστεραίῃ
885 487 926 536 ἐς
959 489 1167 536 Σκῶλον,
1205 486 1251 529 ἐν
1279 491 1334 545 γῇ
1363 490 1444 544 τῇΙ

139 557 378 611 4Θηβαίων
406 551 475 610 ἦνρ
531 554 722 598 ἐνθαῦτα
758 555 803 597 δὲ
840 557 928 597 τῶν
963 554 1184 608 Θηβαίων,
1235 557 1310 597 καί
1337 570 1416 608 περ

169 622 457 679 μηδιζόντων,
491 623 623 676 ἔκειρε
651 622 754 672 τούς
782 620 972 676 χώρους,
1005 619 1059 663 οὔ
1087 637 1128 663 τι
1148 621 1256 664 nocto}
1291 623 1419 678 ἔχθος

448 689 457 705 2
502 688 512 701 f
557 691 566 707 7
614 688 624 701 9

170 690 314 734 αὐτῶν
323 724 333 742 ,
366 688 440 733 οἷλλ

1003 243 1022 279 I
1035 243 1088 282 X.
1335 245 1420 284 225

168 757 345 812 λόμενος
375 756 511 811 ἔρυμά
540 771 583 798 τε
609 761 671 813 τῷ
712 759 879 810 στρατῷ
909 754 1198 811 ποιήσασθαι,
1235 757 1330 808 καὶ,
1365 757 1421 812 ἦν

170 823 432 881 συμβαλόντι
462 825 506 866 οἷ
543 822 600 880 μή
633 823 809 878 ἐκβαίνῃ
850 821 1003 866 ὁκοῖόν
1031 838 1072 866 τι
1110 822 1272 877 ἐθέλοι,
1318 833 1479 882 κρη-Ξο

111 1032 288 1058 occasum
325 1031 453 1057 versus
491 1017 767 1055 terminabatur

111 1089 201 1126 agro
219 1075 416 1113 Thebaico
443 1076 520 1112 sive
542 1075 766 1121 Plataeensi,

109 1132 309 1169 meridiem
331 1145 459 1170 versus
478 1132 654 1181 Oropico.
709 1131 766 1167 Ac

109 1190 303 1240 probabile
324 1188 491 1236 videtur,
522 1200 619 1239 quae
642 1185 766 1224 adhuc

109 1259 228 1296 prope
253 1245 442 1282 Slcimz'tari
470 1257 499 1284 s.
533 1244 690 1281 Skimatz·
710 1256 768 1279 re-

109 1303 307 1352 periuntur
343 1302 495 1347 ruinae,
542 1313 610 1336 sex
650 1298 766 1336 hora—

110 1371 196 1394 rum
236 1359 355 1409 spatio
376 1370 396 1393 a
417 1355 560 1393 Thebis
586 1357 674 1406 ipsis
703 1369 766 1391 re-

109 1421 257 1462 motae,
285 1427 345 1450 eas
371 1413 418 1449 ad
439 1419 607 1450 veterem
631 1412 766 1448 Tana-

110 1483 219 1521 gram
254 1471 496 1521 pertinuisse3
527 1467 630 1504 unde
668 1481 765 1519 qua-

111 1526 283 1577 draginta
319 1525 437 1563 stadia
471 1525 589 1561 abfuit
624 1524 766 1561 Delium

108 1590 256 1634 portus,
288 1583 348 1618 cui
372 1595 474 1618 nunc
503 1594 645 1617 nomen
664 1580 766 1618 Dra-

108 1641 199 1687 misi,
215 1640 366 1689 triginta
387 1637 513 1675 stadiis
535 1636 645 1674 distat
666 1638 764 1674 Oro-

107 1709 188 1746 pus.
245 1694 330 1732 vid.
368 1696 488 1731 Kruse
515 1694 615 1730 Hell.
649 1695 704 1741 II,
739 1696 759 1734 1

107 1764 193 1802 pag·
214 1754 293 1792 619
312 1764 392 1802 seq.
416 1749 495 1790 624
517 1764 597 1803 seq.
619 1749 760 1789 Herod.

107 1809 181 1856 VI,
215 1810 291 1849 118
314 1808 405 1858 ibiq.
427 1813 521 1845 nott.
580 1807 655 1843 Alii
673 1820 763 1843 eum

106 1865 236 1901 locum
253 1892 262 1910 ,
291 1865 330 1900 iu
357 1876 433 1915 quo
455 1870 562 1901 vetus
583 1864 763 1913 Tanagra

109 1927 296 1957 exstructa
332 1920 463 1967 fuerit,
496 1919 698 1956 Graimada
734 1933 764 1958 S.

113 1976 273 2014 CTemata
296 1989 398 2013 nunc
422 1977 550 2013 VOCRI'I
584 1983 764 2012 flSSCI'UDl.

110 2032 220 2070 Conf.
245 2033 402 2069 Siebelis
434 2031 481 2068 ad
502 2033 663 2069 Pausan.
694 2034 763 2081 IX,

108 2091 162 2129 20
187 2091 222 2134 ξ.
248 2092 287 2129 2.
345 2089 405 2125 Ab
440 2087 511 2125 hac
542 2090 657 2139 igitur
686 2089 765 2125 Ta-

108 2158 227 2195 nagra
249 2144 469 2184 Mardonius
508 2144 555 2181 ad
585 2144 766 2182 occiden-

108 2208 188 2238 tem
208 2202 328 2238 solem
350 2215 550 2239 conversus
569 2202 765 2252 Asopum-

110 2270 185 2309 que
205 2259 329 2294 rivum
366 2258 496 2308 legens
511 2287 522 2306 ,
562 2257 610 2295 ad
650 2271 765 2309 quem

110 2315 213 2364 regio
233 2315 409 2366 utrinque
437 2316 550 2365 plana
585 2316 766 2366 equisque

111 2370 304 2420 pascendIS
339 2384 522 2422 perquam
544 2384 764 2408 accommo-

113 2424 196 2462 data
211 2433 302 2464 teste
321 2428 454 2464 Krusio
474 2429 499 2464 l.
516 2428 541 2464 l.
562 2441 646 2478 pag,
669 2431 762 2476 622,

115 2480 266 2519 devenit
287 2483 437 2530 Scohaem,
459 2485 523 2536 qui
547 2485 651 2521 locus
667 2485 764 2523 δυσ-

115 2538 270 2587 οίκητος
311 2538 378 2578 καὶ
420 2537 584 2591 τραχύς,
630 2548 672 2577 ut
713 2541 764 2576 ait

115 2594 251 2631 Strabo
270 2595 327 2630 IX
350 2609 388 2645 p.
407 2596 486 2636 408
507 2597 546 2634 C.
568 2610 596 2633 s.
618 2599 697 2637 626
717 2598 763 2633 B·

115 2649 164 2686 ad
185 2648 417 2687 Cithaeronis
437 2651 664 2690 declivitates
695 2654 765 2689 sita

113 2706 184 2742 suit
204 2719 321 2756 prope
340 2708 454 2755 viam,
474 2721 570 2759 quae
586 2708 766 2759 Tanagra

115 2762 275 2799 ducebat
306 2761 485 2814 Erythras
525 2772 636 2816 atque
673 2767 766 2801 Pla-

113 2826 226 2856 taeas.
283 2819 368 2857 vid.
409 2821 527 2857 Kruse
566 2822 592 2859 l.
619 2823 645 2858 l.
678 2834 767 2872 pag.

168 2877 390 2913 HEflonor.
419 2877 485 2914 lV.

819 1017 901 1058 598
933 1023 969 1054 et
990 1017 1120 1054 confer
1137 1019 1374 1069 potissimum
1395 1022 1479 1058 Xe-

820 1071 939 1123 noph.
970 1075 1019 1110 H.
1049 1075 1114 1111 Gr.
1147 1076 1200 1123 V,
1231 1074 1279 1125 4,
1315 1076 1368 1117 49
1390 1079 1475 1119 coll.

821 1131 1006 1181 Polyaen.
1029 1132 1085 1176 11,
1109 1134 1152 1179 1,
1183 1135 1244 1171 11.
1300 1135 1344 1169 In
1369 1147 1478 1186 map-

820 1199 870 1237 pa
918 1187 1041 1223 Krusii
1089 1188 1280 1225 invenitur
1333 1203 1477 1228 nomen

824 1243 891 1280 Sia
895 1242 907 1278 l
910 1245 970 1279 esi.

878 1294 986 1352 αὐτῷ
1031 1295 1104 1349 τήν
1150 1296 1249 1339 όόὸν
1288 1299 1474 1354 η’γέοντο]

820 1353 907 1391 vid.
941 1361 1035 1392 nott.
1071 1354 1120 1391 ad
1142 1354 1237 1404 VH,
1274 1358 1365 1398 215.
1409 1359 1478 1396 Cr.

821 1409 860 1449 h.
883 1411 909 1450 l.
938 1410 1067 1447 laudat
1085 1412 1283 1449 Heindorf.
1319 1413 1367 1450 ad
1387 1417 1478 1452 Pla-

820 1474 901 1504 ton.
928 1465 1099 1518 Euthyd.
1131 1469 1168 1513 ξ.
1188 1469 1241 1509 25
1276 1482 1363 1520 pag.
1397 1474 1478 1511 330

822 1537 911 1575 seq,
935 1525 999 1575 qui
1013 1531 1141 1560 tamen
1162 1525 1329 1562 Platonis
1347 1527 1477 1563 locum

821 1593 899 1616 non
921 1587 1022 1617 recte
1033 1582 1231 1631 acceperit.
1247 1605 1298 1611 —
1314 1583 1357 1618 In
1368 1596 1476 1635 seqq.

820 1638 934 1674 verba
957 1636 1078 1688 ἔκειρε
1096 1634 1190 1683 τούς
1211 1633 1364 1689 χώρους
1388 1641 1478 1676 citat

819 1692 978 1730 Eustath
1001 1693 1048 1730 ad
1069 1694 1110 1730 ΙΙ.
1132 1707 1218 1744 pag.
1241 1694 1340 1743 364,
1371 1697 1424 1737 25
1445 1710 1476 1733 s.

820 1748 923 1797 476,
954 1753 992 1790 3.
1013 1771 1067 1779 —
1087 1751 1181 1787 Mox
1202 1747 1250 1789 οὔ
1273 1766 1330 1799 τι,
1375 1751 1479 1804 quod

818 1805 1000 1843 Valcken.
1021 1806 1251 1844 mutandum
1272 1811 1418 1846 censuit
1436 1810 1477 1845 in

819 1857 909 1902 ου’κὶ
923 1893 931 1909 ,
955 1862 1133 1915 equidem
1154 1877 1242 1900 cum
1257 1863 1478 1916 Schweigh.

820 1920 980 1966 retinui,
1025 1921 1090 1971 qui
1128 1921 1224 1956 bene
1255 1922 1401 1958 confert
1429 1924 1477 1970 Π,

821 1973 888 2015 46.
916 1977 991 2023 III,
1023 1978 1090 2016 36.
1117 1977 1191 2023 IV,
1228 1976 1320 2018 148.
1367 1978 1477 2015 Valet

822 2039 950 2068 autem
972 2028 1021 2070 οὕ
1037 2046 1071 2070 τι
1087 2035 1223 2070 minime
1236 2061 1247 2080 ‚
1276 2034 1373 2071 haud
1393 2037 1476 2084 ‹gui-

822 2088 909 2125 dem.
968 2085 1066 2126 κατοὶ
1108 2087 1225 2139 ἔχθος
1253 2091 1397 2140 accipio
1436 2092 1476 2127 ob

819 2146 1036 2183 inimicitias.
1087 2145 1144 2182 Cf.
1166 2146 1273 2193 VIII,
1305 2149 1370 2186 30.
1412 2146 1477 2183 Ad

819 2202 1051 2238 locutionem
1079 2197 1146 2239 ὑπ’
1181 2196 1399 2254 ἀναγκαίης
1421 2224 1476 2230 --

821 2253 1009 2308 ἐχόμενος
1041 2258 1142 2295 conf.
1162 2258 1251 2306 Vn,
1286 2261 1367 2299 233
1391 2265 1426 2296 et
1444 2260 1475 2307 I,

878 2367 1123 2421 βουλόμενος
1164 2366 1289 2420 ἔρυμά
1335 2384 1376 2409 τε
1424 2371 1478 2423 τῷ

819 2429 970 2481 στρατῷ
1010 2422 1291 2476 ποιήσασθαι]
1351 2427 1475 2477 Vulgo

819 2485 873 2536 τῷ
922 2483 1168 2535 στρατοπέδῳ
1209 2481 1312 2533 quod
1329 2512 1338 2530 ‚
1381 2483 1411 2519 si
1453 2495 1475 2519 a

820 2538 1037 2589 Schweigh.
1061 2546 1096 2575 et
1116 2540 1230 2575 Gaisf.
1253 2538 1473 2587 discesseris,

821 2597 886 2647 qui
907 2609 927 2631 e
946 2596 1164 2631 Florentino
1186 2596 1340 2646 aliisque
1356 2593 1475 2632 dede-

820 2658 908 2688 runt
932 2654 989 2703 τῷ
1018 2653 1192 2703 στρατῷ,
1221 2658 1352 2688 tenent
1384 2653 1474 2688 reli-

822 2709 898 2759 qui.
932 2708 1034 2752 Quae
1056 2707 1117 2743 hic
1138 2706 1312 2744 dicuntur
1337 2707 1473 2759 ἔρυμα,

823 2777 866 2800 ea
885 2764 998 2814 paulo
1021 2770 1104 2814 post
1125 2762 1213 2800 dicit
1232 2768 1368 2815 τεῖχος,
1389 2778 1475 2801 mu-

821 2822 1037 2857 nimentum
1069 2833 1100 2858 s.
1135 2821 1331 2857 castellum
1362 2822 1474 2858 rebus

1150 2876 1200 2916 15

1397 367 1418 403 ς
1471 354 1636 390 partimque
1652 355 1747 384 muni-

1473 389 1580 414 mentis
1613 389 1714 422 cingit.

1475 419 1603 447 Tractus
1628 422 1733 449 horum

1474 457 1649 481 castrorum.
1701 455 1748 482 111-

1451 490 1558 527 5terea
1593 488 1749 521 Attagiuus

1477 519 1638 546 Thebanus
1670 522 1749 547 Mar-

1477 553 1596 580 donium
1614 561 1679 580 eum
1699 563 1748 580 no-

1475 586 1627 614 bilissimis
1644 587 1750 613 Persa-

1474 628 1541 647 rum
1575 620 1710 648 convivio

1474 654 1641 682 lautissimo
1674 653 1736 680 exci

486 705 546 732 υπ
597 689 831 742 αναγκαίης
860 687 1044 743 μεγάλης
1062 687 1285 743 ἐχόμενος·
1317 694 1418 745 βου-
1475 687 1529 723 pit.
