1839 3292
241 1392 339 1438 119
405 1401 499 1443 τοῦ.

75 1460 128 1489 sed
146 1466 249 1493 parum
273 1458 327 1485 ina

77 1493 226 1522 credibilis
256 1492 353 1520 uero-

77 1527 146 1556 doto
163 1526 237 1554 visa.

285 1872 292 1876 ’
356 1875 492 1914 Matth.

386 213 469 254 166

796 199 1250 242 HERODOTI

391 321 500 365 ὥστε
528 318 596 362 ἐπὶ
624 318 704 360 τοῦ
720 311 1078 393 καταστρώματος
1102 308 1314 351 ἐπεόντων
1335 308 1509 361 συχνῶν
1531 309 1647 360 Περ-

393 389 502 433 σέων
530 389 618 429 τῶν
648 383 730 426 συν
760 381 895 435 Ξέρξῃ
927 377 1241 433 κομιζομένων,
1270 375 1464 418 ἐνθαῦτα
1495 375 1537 426 ἐς
1568 376 1648 418 δεῖ·
1660 381 1704 415 10

391 474 452 513 μα
479 452 668 498 πεσόντα
687 451 763 493 τὸν
793 449 983 504 βασιλέα,
1013 447 1204 499 εἴρεσθαι
1234 441 1437 497 βώσαντα
1467 443 1545 487 τὸν
1574 459 1648 486 κυ-

362 522 625 580 3βερνήτεα,
671 520 711 562 εἴ
745 533 808 567 τις
838 516 924 559 ἐστι’
954 526 1033 568 σφι
1063 512 1262 565 σωτηρίῃ
1302 510 1374 552 καὶ
1403 509 1480 552 τὸν
1510 508 1647 554 εἶπαι·

391 589 634 642 ,,Δέσποτα,
666 583 747 628 οὐκ
777 585 892 628 ε’στιν
924 581 1115 636 οὐδεμία,
1145 578 1199 634 ἢν
1228 577 1284 633 μὴ
1315 578 1484 620 τούτων
1517 577 1651 622 α’παλ-

393 654 538 711 ὓλαγὴ
585 671 649 705 τις
687 652 862 708 γένηται
902 655 990 694 τῶν
1026 652 1203 693 πολλῶν
1243 646 1492 701 ἐπιβατέων.
1509 649 1539 669 “
1578 645 1653 688 καὶ

368 724 561 776 4Ξέρξεα
598 722 763 777 λέγεται
802 719 1052 762 ἀκούσαντα
1091 720 1227 759 ταῦτα
1256 712 1390 758 εἶπαι·

1449 712 1654 767 ,,”Ανδρες
1670 719 1708 754 15

397 792 616 846 ,,Πέρσαι,
653 794 738 833 νῦν
767 805 830 838 τις
857 785 1089 837 διαδεξάτω
1125 783 1271 839 ὑμέων
1302 781 1500 838 βασιλέος
1529 781 1656 836 κηδό-

371 869 581 915 5,,μενος·
622 858 667 900 ἐν
712 856 816 912 ὑμῖν
855 854 940 910 γάρ
979 851 1068 897 οἶκε
1098 849 1210 896 εἶναι
1239 851 1334 906 ἐμοὶ
1363 850 1389 907 ἡ
1421 851 1657 906 cmmoda-‘⁶

397 928 475 971 τόν
505 927 582 981 μὲν
612 929 748 968 ταῦτα
777 923 939 978 λέγειν·
971 921 1073 972 τούς
1104 920 1161 970 δὲ,
1191 919 1553 973 προσκυνέοντας,
1586 919 1659 962 έκ-

395 994 571 1049 πηδέειν
609 993 651 1044 ές
688 993 767 1048 τήν
796 990 1042 1034 θάλασσαν·

370 1067 595 1109 ὅσθεῖσαν,
627 1060 740 1103 οὕτω
772 1059 824 1114 δὴ
854 1056 1141 1111 ἀποσωθῆναι
1177 1056 1219 1106 ές
1259 1054 1339 1111 τὴν
1365 1054 1524 1110 Ἀσίην.

1091 989 1163 1030 καὶ
1192 987 1272 1044 τὴν
1309 991 1394 1042 νῆα
1435 988 1659 1040 ἐπικουφι-

1580 1053 1657 1105 Ὡς
1670 1060 1716 1095 20

399 1129 445 1172 δὲ
476 1127 654 1183 ἐκβῆναι
682 1125 856 1180 τάχιστα
880 1124 921 1174 ἐς
949 1128 1029 1179 γῆν
1057 1124 1134 1166 τὸν
1163 1122 1334 1176 Ξέρξεα,
1366 1127 1546 1178 ποιῆσαι
1575 1140 1660 1167 τοι-

401 1196 524 1239 όνδε·
562 1194 629 1237 ὅτι
658 1192 736 1248 μὲν
766 1192 895 1235 ἔσωσε
923 1190 1122 1249 βασιλέος
1152 1189 1230 1245 τήν
1262 1189 1424 1246 ψυχήν,
1464 1191 1663 1246 δωρήσα-

401 1268 504 1307 σθαι
532 1262 692 1318 χρυσέῃ
723 1259 914 1317 στεφάνῃ
943 1259 1019 1302 τὸν
1056 1257 1343 1313 κυβερνήτεα·
1387 1258 1454 1301 ὅτι
1485 1258 1529 1300 δὲ
1556 1262 1665 1312 Περ-

403 1330 515 1375 σέων
544 1327 737 1380 πολλούς
771 1327 977 1379 ἀπώλεσε,
1008 1325 1246 1380 ἀποταμεῖν
1274 1326 1354 1383 τήν
1372 1326 1568 1382 κεφαλήν
1589 1325 1666 1370 αὐ-

558 1391 696 1447 Οῧτος
729 1397 775 1439 δὲ
806 1396 933 1446 ἄλλος
961 1395 1126 1449 λέγεται
1165 1392 1293 1449 λόγος
1321 1395 1418 1447 περὶ
1451 1399 1532 1438 τοῦ
1562 1395 1667 1450 Ξέρ-

381 1469 492 1518 Ξξεω
530 1464 715 1519 νόστου,
758 1461 962 1521 οὖδαμῶς
1001 1464 1141 1519 ἔμοιγε
1177 1462 1348 1514 πιστὸς,
1381 1461 1481 1507 οὔτε
1511 1463 1662 1516 ἄλλως,
1676 1469 1721 1505 25

406 1591 461 1646 ἢν
509 1591 563 1646 μή
611 1590 763 1634 τούτων
800 1588 1005 1647 α’παλλαγή

353 1667 411 1699 τις
447 1667 485 1690 κ.
506 1666 537 1690 τ.
573 1651 626 1698 λ.]
677 1650 774 1687 Dedi
806 1648 858 1700 ἦν
897 1649 949 1702 μὴ
986 1664 1008 1686 a

353 1708 544 1747 Sancrosti
583 1705 714 1744 codice
775 1709 933 1745 allatum
973 1714 1008 1744 et

353 1766 556 1816 probatum
602 1764 781 1801 Werfero
828 1766 866 1801 iu
906 1767 1009 1801 Actt.

353 1819 461 1871 phili.
500 1822 671 1857 Monacc.
723 1822 741 1856 I
788 1835 873 1871 pag.
918 1824 1007 1861 100.

524 1879 590 1914 Gr.
613 1878 678 1913 Gr.
711 1878 748 1921 ς.
771 1878 873 1925 525,
907 1881 955 1925 7,
987 1878 1011 1913 b

355 1946 444 1985 pag.
477 1936 593 1974 1020.
641 1934 764 1982 Vulgo
807 1934 916 1972 εἰ-
940 1931 1007 1985 μή,

361 1989 464 2042 quod
485 2002 572 2026 cum
593 1988 798 2027 Schaefero
820 2003 919 2028 unus
952 2004 1015 2026 re-

360 2048 472 2084 tinuit
491 2044 702 2085 Bekkerus.

418 2101 563 2153 Ξέρξεα
597 2102 744 2154 λέγεται
779 2125 826 2130 -
867 2098 1015 2153 εἶπαι]

357 2160 492 2209 Attigit
523 2158 656 2196 Matth.
687 2161 753 2196 Gr.
785 2161 850 2196 Gr.
872 2160 909 2204 ξ.
934 2159 1014 2199 537

360 2229 446 2267 pag.
473 2216 589 2257 1056.
603 2237 655 2243 —-
676 2216 739 2252 Ad
755 2217 914 2253 verbum
935 2216 1017 2254 δια-

362 2268 509 2319 δεξάτω
530 2273 629 2309 conf.
651 2280 745 2312 nott.
768 2272 815 2309 ad
840 2272 901 2318 VI,
926 2274 1018 2312 136-

344 2329 468 2374 ‘Quae
498 2329 678 2365 contiuuo
699 2335 929 2380 sequuntur,
961 2335 1019 2364 at-

363 2386 448 2435 tigit
467 2386 537 2421 Dio
560 2383 820 2437 Chrysostom.
843 2385 906 2422 Or.
930 2384 1020 2421 XIV

363 2455 403 2493 p.
426 2443 504 2482 231
526 2442 572 2481 Β.

421 2495 766 2548 προσκυνέοντας]
816 2495 901 2534 vid.
944 2497 1022 2532 citt.

366 2552 415 2590 ad
434 2555 523 2601 VII,
554 2556 644 2595 136.
701 2556 795 2591 Mox
825 2567 845 2589 e
875 2551 1023 2589 duobus

368 2609 479 2647 codd.
500 2623 568 2661 pro
589 2609 760 2650 ἐκπεδᾶν
779 2611 951 2648 revocavi
963 2609 1025 2648 ἐκ·

367 2664 553 2715 πηδέειν,
612 2666 715 2718 quod
772 2666 860 2704 hinc
905 2668 1027 2717 attigit

368 2722 501 2760 Matth.
527 2725 592 2763 Gr.
614 2727 680 2767 Gr,
703 2727 740 2772 ξ.
777 2729 827 2766 10
848 2737 935 2775 pag.
957 2725 1023 2773 44,

368 2780 434 2831 qui
462 2778 564 2817 idem
594 2794 681 2832 pag.
707 2782 782 2824 195
811 2782 1025 2821 conferatur

1065 1590 1113 1629 ad
1142 1591 1305 1628 formam
1342 1589 1600 1643 κυβερνήτεα.
1666 1594 1726 1630 De

1064 1650 1221 1685 notione
1250 1649 1350 1685 vocis
1382 1646 1491 1699 ψυχη
1530 1648 1607 1686 vid.
1628 1657 1726 1688 nott.

1066 1705 1113 1742 ad
1134 1706 1226 1751 xn,
1248 1707 1312 1745 39.
1371 1707 1446 1742 Pro
1467 1705 1609 1760 χρυσέῃ
1639 1719 1727 1746 στε-

1067 1777 1179 1826 φανῃ
1213 1760 1287 1798 duo
1319 1761 1430 1802 codd.
1460 1776 1575 1812 χουσε
1569 1762 1610 1817 ’ῳ
1641 1775 1728 1801 στε-

1067 1814 1214 1868 φάνῳ,
1265 1818 1369 1870 quod
1407 1822 1543 1856 memo
1585 1806 1729 1870 respuit

1068 1874 1317 1912 Valckenaer.
1333 1889 1493 1927 ‚quum
1514 1876 1729 1913 Herodotus

1070 1933 1229 1968 Homeri
1250 1945 1356 1968 more
1377 1933 1443 1979 (de
1463 1946 1538 1985 quo
1559 1933 1731 1970 v1d.Eu-

1072 1987 1182 2026 stath.
1205 1987 1252 2025 ad
1271 1990 1315 2025 ΙΙ.
1337 1991 1461 2025 xvnl
1477 2020 1486 2038 ‚
1521 1989 1616 2031 597.
1654 1990 1730 2026 Ca-

1074 2046 1230 2083 saubon.
1264 2045 1312 2082 ad
1332 2045 1473 2082 Athen.
1495 2047 1538 2093 V,
1571 2048 1595 2087 8
1629 2060 1658 2085 S.
1681 2045 1734 2086 34

1077 2101 1124 2138 ad
1146 2114 1232 2152 pag.
1247 2103 1402 2150 20213.)
1424 2103 1624 2139 femininas
1640 2103 1736 2140 sub-

1072 2158 1162 2195 inde
1194 2159 1411 2208 praetulerit
1449 2160 1600 2197 formas.
1669 2160 1734 2196 Tu

1075 2214 1176 2252 conf.
1219 2216 1333 2250 etiam
1373 2215 1421 2252 ad
1454 2217 1492 2262 1,
1543 2218 1567 2256 9
1608 2216 1734 2254 allata.

1077 2272 1201 2322 Supra
1222 2271 1298 2318 VI,
1330 2274 1380 2312 69
1412 2271 1452 2311 οἱ
1473 2270 1677 2321 στέφανοι.

1145 2323 1361 2375 ἀποταμεῖν
1411 2344 1484 2379 την
1553 2325 1735 2378 κεφαλην

1082 2380 1221 2434 αὐτοῦ]
1252 2384 1337 2421 xid.
1359 2392 1454 2422 nott.
1479 2383 1527 2422 ad
1547 2386 1638 2435 V,11
1668 2384 1735 2427 35.

1278 2475 1370 2526 Cap.
1401 2476 1539 2516 CXIX.

1139 2551 1229 2594 οὔτε
1247 2551 1400 2602 ἄλλως,
1434 2552 1523 2594 οὔτε
1552 2570 1588 2594 κ.
1617 2569 1649 2594 τ.
1682 2553 1736 2603 λ.]

1081 2612 1108 2648 i.
1130 2625 1163 2648 e.
1186 2624 1292 2661 neque
1321 2611 1368 2648 (ul
1396 2616 1532 2649 caetera
1554 2611 1647 2661 quod
1677 2614 1739 2647 at-

1081 2670 1187 2711 tinet,
1217 2681 1322 2717 neque
1365 2669 1456 2718 quod
1489 2669 1539 2706 acl
1562 2668 1739 2705 Persicam

1082 2725 1180 2762 illam
1196 2725 1342 2761 cladem.
1376 2727 1469 2761 Mox
1490 2738 1558 2776 pro
1579 2719 1737 2775 ἐρῤήθη

1080 2795 1170 2820 cum
1190 2782 1305 2819 Gaisf.
1327 2795 1377 2834 ex
1397 2794 1473 2819 uno
1503 2779 1589 2820 cod.
1613 2780 1738 2832 recepi

1722 1389 1805 1429 676
1837 1391 1839 1394 '
