1839 3292
423 224 490 258 DE
522 221 645 259 VITA
673 220 746 256 ET
776 218 1011 257 SCRIPTIS
1039 219 1318 260 HERODOTI.
1528 223 1614 263 423

129 335 232 371 canit
254 331 537 386 quodammodo
566 333 760 369 bellicum.
764 330 789 352 ‘⁴
846 329 947 369 Add.
974 329 1140 367 eundem
1157 331 1215 366 De
1245 335 1338 368 orat.
1358 331 1406 378 Π,
1430 333 1479 371 13
1500 334 1537 378 §
1558 334 1613 375 55

130 398 168 428 et
190 392 238 438 ΙΙ,
264 390 313 430 15
343 390 378 434 ξ.
399 388 451 429 64
472 390 558 426 coll.
578 389 744 426 Visconti
763 385 1015 438 Iconograpb.
1037 388 1210 443 Grecque
1231 387 1282 427 Τ.
1311 387 1330 422 Ι
1359 399 1399 436 p.
1429 389 1509 427 313
1530 402 1612 454 seq.

127 447 227 483 Hinc
263 446 478 482 Aristoteles
508 447 547 482 in
578 444 689 484 Rhet.
715 446 779 492 111,
800 446 851 484 9:
900 442 930 495 ἦ
955 440 1028 494 μὲν
1057 444 1131 482 οὐν
1154 440 1338 493 εἰρομένη
1365 440 1467 489 λέξις
1485 441 1514 492 ἦ
1538 440 1612 495 ἅρ-

128 497 221 553 χαΐα
240 500 364 540 ἐστιν·
395 498 618 552 Ἠροδότου
640 501 814 551 Θουρίου
832 496 942 550 ἥδε
925 497 1099 550 ιστορίας
1120 495 1330 546 οἷπόδεξιςς
1361 499 1426 535 ubi
1454 499 1547 550 quid
1565 502 1613 538 sit

127 556 311 609 εἰρομένη
345 557 446 605 λέξις
472 565 644 595 accurate
665 557 836 608 disquirit
861 556 1068 592 Turnebus
1089 555 1136 592 ad
1165 557 1286 593 Cicer.
1316 557 1374 591 De
1391 556 1513 605 Legg.
1533 557 1563 603 I,
1588 559 1608 596 1

126 629 166 666 p.
182 613 264 654 532
286 613 344 651 ed.
365 616 534 651 Moseret
556 615 688 651 Creuz.
709 616 860 649 tractam
882 613 1092 648 orationem
1111 611 1286 660 reddens,
1311 610 1371 648 die
1391 611 1612 662 unperIOdi-

125 669 216 708 sebe
236 670 353 718 Rede,
387 678 429 707 ut
451 671 655 707 Cieuzerus
674 671 940 718 interpretatur
955 668 1044 715 (Die
1060 666 1148 706 hist.
1171 670 1294 704 Kunst
1315 667 1382 704 der
1397 667 1550 706 Griech.
1571 682 1611 719 p.

129 728 226 776 189)
257 740 354 778 quae
374 726 505 763 eadem
522 739 544 762 a
562 726 754 762 Demetrio
775 724 850 774 (De
869 725 1020 762 Elocut.
1048 725 1085 770 §-
1109 725 1264 775 11.12)
1284 731 1442 762 vocatur
1462 722 1487 776 ἦ
1522 726 1612 779 διῃ-

127 797 276 835 ρημενη
293 782 405 829 λέξις.
463 783 670 820 Subiiciam
688 780 746 818 his
765 782 939 832 Dionysii
959 782 1088 818 locum
1109 778 1243 817 bacin
1274 793 1316 817 re
1344 782 1533 831 insignem
1567 784 1610 818 in

125 838 244 876 Iudic.
265 838 312 875 de
327 838 503 890 Thucyd.
524 840 560 884 §-
580 841 633 879 23
653 853 691 889 p.
717 837 805 885 147,
827 840 878 877 12
903 838 974 886 (Τ.
993 839 1109 903 le.
1121 837 1202 878 865
1205 849 1308 902 seq.
1327 837 1470 887 Reisk.)
1494 839 1610 885 οὗτος

125 893 169 934 δὲ
191 896 259 943 (sc.
280 894 516 943 Herodotus)
548 892 646 934 κατὰ
679 910 753 944 την
779 892 946 946 ἐκλογήν
984 910 1065 933 των
1088 888 1298 944 ὅνοματων
1319 892 1385 933 καὶ
1414 909 1514 934 κατα
1533 909 1608 945 την

125 946 320 990 συνθεσιν
343 950 411 990 καὶ
436 967 534 990 κατα
561 949 635 1002 τήν
664 953 744 989 τῶν
770 962 1047 1001 σχηιιατισμων
1081 950 1302 998 ποικιλίαν,
1334 966 1495 1005 μακρ
1482 967 1512 990 ω
1548 947 1608 1002 δή

123 1022 232 1046 τινι
265 1022 350 1046 του
370 1023 388 1053 ς
419 1005 572 1047 ἄλλου
590 1023 609 1055 ς
639 1002 902 1071 υπερεβάλ
919 1022 996 1046 ετο
1028 1005 1097 1046 καὶ
1131 1003 1400 1057 παρεσκεύασε
1429 1009 1481 1062 τῇ
1509 1022 1608 1058 κρα-

121 1063 230 1117 τίστῃ
260 1060 419 1114 ποιήσει
459 1062 532 1115 τήν
563 1061 684 1130 πεζήν
716 1058 866 1129 φράσιν
892 1061 1035 1114 ομοίαν
1067 1062 1254 1114 γενέσθαι
1281 1065 1453 1111 πειθοῦς
1479 1078 1521 1102 τε
1539 1062 1608 1102 καὶ

121 1121 291 1170 χαρίτων
319 1119 385 1158 καὶ
408 1123 479 1170 τῆς
510 1120 566 1167 εἰς
602 1118 725 1171 ἄκρον
747 1115 926 1170 ἡκούσης
957 1118 1109 1170 ηδονῆς
1141 1118 1276 1158 ε’·νεκα
1306 1115 1450 1185 α’ρετας
1479 1134 1520 1159 τε
1536 1134 1608 1167 τας

122 1174 306 1227 μεγίστας
324 1175 391 1215 καὶ
411 1172 713 1243 λαιιπροτάτας’
702 1175 738 1223 ε”ς
744 1192 772 1214 ω
795 1191 874 1214 των
899 1174 1125 1227 ἐναγωνίων
1145 1171 1302 1215 ου’δὲν’
1285 1191 1327 1216 εν
1344 1172 1505 1223 ταύταις
1520 1175 1608 1216 ἐνέξ

121 1234 253 1270 λιπεν·
294 1232 369 1271 εἴτε
400 1228 473 1271 οὐκ
509 1234 551 1271 εὐ
594 1247 785 1282 πεφυκως
806 1248 906 1283 προς
935 1229 1056 1278 αὐτας
1081 1231 1156 1271 εἴτε
1182 1247 1281 1271 κατα
1310 1229 1495 1284 λογισμόν
1517 1247 1607 1271 τινα

122 1286 313 1334 ἑκουσίως
340 1286 561 1340 υπεριδών,
593 1304 647 1335 ως
676 1304 748 1339 ουχ
769 1286 1060 1359 ,τὲρμοττουσων-
1070 1288 1282 1340 ἱστορίαις·
1320 1285 1414 1328 ου’δὲ
1431 1304 1509 1356 γαρ
1534 1289 1608 1338 δη-

122 1345 332 1410 μηγορίαις
357 1348 518 1392 πολλαῖς
548 1344 571 1384 ὁ
595 1340 698 1396 ανὴρ
729 1340 815 1384 οὐδ’
838 1344 1069 1396 ἐναγωνίοις
1093 1343 1277 1411 κέχρηται
1303 1344 1431 1416 λόγοις
1460 1340 1544 1385 οὐδ’
1563 1343 1607 1385 ἐν

120 1403 176 1453 τῷ
200 1403 415 1440 παθαίνειν
439 1401 506 1440 καὶ
528 1402 765 1440 δεινοποιεῖν
784 1416 832 1440 τα
849 1416 1059 1454 πραγματα
1077 1415 1152 1452 την
1179 1397 1306 1451 ἄλκην
1339 1400 1436 1452 ἔχει·
1478 1396 1608 1440 τούτω

123 1455 166 1495 δὲ
186 1454 236 1507 δη
259 1460 314 1511 τῷ
340 1453 455 1508 ανδρὶ
481 1458 730 1506 Θουκυδίδης
764 1456 962 1508 ἐπιβαλων
990 1473 1026 1496 κ.
1050 1472 1083 1496 τ.
1103 1460 1137 1497 λ.
1194 1457 1297 1496 Add.
1330 1459 1448 1494 alium
1475 1458 1606 1495 locum

121 1526 201 1549 non
220 1515 345 1551 minus
365 1515 553 1564 insignem
572 1516 611 1550 in
628 1515 748 1564 Epist.
764 1513 813 1551 ad
833 1515 902 1552 Cn.
919 1515 1094 1564 Pompei.
1114 1514 1166 1551 T.
1179 1514 1231 1551 VI
1250 1527 1289 1564 p.
1304 1513 1386 1554 775
1406 1527 1508 1565 seq.,
1539 1514 1606 1551 ubi

120 1570 298 1619 singulas,
320 1571 454 1622 quibus
487 1569 759 1622 Thucydidem
786 1577 937 1621 superat
964 1569 1179 1608 Herodotus
1206 1571 1374 1618 virtutes,
1402 1571 1606 1621 Dionysius

121 1633 294 1663 accurate
332 1629 584 1680 persequitur.
639 1628 698 1664 Ac
727 1626 892 1679 denique
928 1627 1044 1665 etiam
1090 1626 1254 1666 conferri
1289 1633 1414 1678 potest
1445 1625 1605 1664 Photius

121 1681 214 1720 Cod.
233 1684 317 1720 LX.

230 1741 342 1777 Hisce
362 1740 539 1777 orationis
558 1738 796 1777 Hei-odoteae
815 1740 1016 1778 virtutibus
1052 1737 1151 1776 adde
1171 1751 1278 1787 eam,
1326 1751 1444 1790 quam
1471 1738 1604 1789 appel-

119 1795 200 1832 lant
227 1793 299 1846 τήν
328 1792 536 1847 α’λήθειαν,
566 1793 612 1846 ἰξ)
661 1796 709 1833 ad
739 1791 867 1846 ἦθος,
898 1798 954 1834 uti
974 1795 1088 1833 tradit
1121 1798 1406 1845 Hermogenes,
1433 1796 1603 1831 maxime

119 1853 373 1902 pertinentem
394 1860 430 1890 et
450 1867 538 1890 cum
559 1866 603 1890 ea
628 1854 726 1889 bene
753 1854 1019 1901 coniunctam,
1056 1852 1132 1904 quit
1169 1853 1354 1889 nimirum
1391 1851 1430 1888 id
1445 1881 1455 1900 ,
1499 1850 1604 1904 quod

121 1909 258 1959 cuique
278 1910 472 1960 proprium
491 1909 625 1946 natur&
647 1916 722 1957 est,
751 1911 826 1946 tale
847 1911 961 1946 etiam
982 1916 1176 1945 enarretur
1196 1916 1232 1945 et
1247 1910 1359 1960 quale
1378 1921 1510 1945 revera
1542 1908 1601 1956 sit,

122 1963 391 2003 exhibeaturin
407 1967 586 2013 oratione,
616 1978 713 2018 quae
732 1967 919 2017 uniusque
938 1978 1139 2017 personam
1160 1963 1374 2015 diligentius
1393 1978 1482 2001 cum
1491 1971 1603 2000 tuea-

120 2027 202 2069 tur,
238 2035 283 2058 eo
303 2023 384 2072 ipso
404 2022 469 2059 fiat
488 2021 612 2059 vivida
634 2021 805 2073 adeoque
824 2024 990 2061 mimica.
1049 2022 1246 2074 Pertinept
1272 2020 1348 2058 huc
1380 2021 1603 2071 proverbia-

119 2077 173 2113 les
193 2079 401 2115 locutiones
423 2080 587 2115 crebrius
606 2079 835 2127 intersertae,
867 2078 965 2115 dicta
985 2079 1211 2115 sententiosa
1232 2079 1378 2127 saepius
1399 2078 1528 2124 obvia,
1559 2082 1602 2113 ut

121 2147 287 2185 quorum
312 2148 493 2185 magnam
525 2148 615 2171 sane
644 2136 793 2186 copiam
820 2149 869 2172 ex
899 2134 1082 2172 Herodoti
1114 2135 1229 2170 Musis
1258 2135 1435 2183 colligere
1470 2132 1602 2183 possis.

119 2193 177 2227 Ac
198 2189 361 2243 denique
382 2191 633 2241 praedicanda
653 2199 708 2228 est
729 2193 897 2228 maxima
919 2192 1140 2229 elocutionis
1160 2190 1366 2241 simplicitas
1394 2190 1449 2239 **)
1482 2202 1602 2240 eaque

119 2248 246 2284 nativa
266 2248 473 2299 quaedam,
505 2261 602 2300 quae
621 2247 717 2284 nihil
734 2249 851 2286 fucati
881 2256 945 2286 aut
965 2249 1121 2301 quaesiti
1146 2246 1278 2295 habet,
1316 2259 1450 2296 expers
1478 2246 1605 2282 omnis

123 2304 209 2340 artis
242 2311 304 2340 aut
334 2312 541 2342 structurae
565 2305 812 2350 artificiosae,
839 2305 906 2343 sed
934 2312 1067 2356 sponte
1087 2304 1274 2354 scriptoris
1295 2316 1344 2339 ex
1368 2303 1495 2338 animo
1516 2314 1602 2352 pro-

121 2358 242 2396 ssuens
263 2374 412 2408 omnes,
434 2363 499 2412 qui
518 2361 566 2398 ad
585 2361 822 2399 Herodotum
842 2362 1049 2413 legendum
1069 2360 1276 2407 accedunt,
1304 2360 1444 2395 mirum
1464 2360 1503 2394 in
1515 2371 1602 2394 mo-

124 2413 217 2450 dum
238 2418 336 2467 capit
361 2424 472 2469 atque
489 2418 700 2465 demulcet,
729 2422 947 2469 praesertim
964 2432 1053 2456 cnm
1073 2419 1111 2454 in
1131 2419 1301 2453 maxima
1317 2416 1493 2452 orationis
1513 2427 1600 2451 sua-

123 2472 236 2508 vitate
255 2474 464 2511 maximam
484 2488 636 2528 quoque
655 2474 792 2513 habeat
801 2478 1097 2528 perspicuitatem,
1123 2487 1220 2527 quae
1240 2471 1344 2510 haud
1364 2485 1447 2509 raro
1464 2472 1602 2510 verbo-

214 2660 253 2704 *)
279 2659 378 2694 Conf.
404 2660 564 2697 Creuzer.
588 2663 718 2697 Histor.
742 2663 903 2697 Kunstd.
930 2664 993 2697 Gr.
1019 2673 1052 2707 p.
1082 2662 1145 2696 195
1170 2669 1241 2706 seq.

214 2731 261 2768 *Ἴ
286 2729 383 2762 Hanc
405 2730 618 2765 Herodoteae
649 2731 810 2765 orationis
833 2744 906 2775 αφε
893 2730 1008 2765 ε’λειαν
1032 2731 1107 2763 iure
1122 2729 1238 2763 laudat
1271 2728 1434 2763 Valcken
1467 2727 1509 2760 ad
1539 2727 1600 2765 JV,

123 2775 653 2865 Ξ8·4ἑξ71;1’8·111)·321.503
676 2778 730 2814 ed.
752 2783 859 2812 nostr.
906 2778 954 2813 Ee
977 2778 1065 2811 cons.
1096 2787 1231 2822 quoque
1264 2780 1350 2809 nott.
1382 2774 1425 2809 ad
1448 2774 1509 2814 IV,
1536 2772 1601 2807 113
