1839 3292
373 207 457 248 196

780 203 1242 242 HERODOTI

345 319 488 371 2,,νῦν
525 330 569 358 τε
607 308 712 364 ὦδε,
753 310 1002 366 Μαρδόνιε,
1049 312 1180 354 ποίεε.
1240 314 1369 354 τοῦτο
1416 310 1514 366 μὲν,
1551 309 1687 366 τὴν45

374 387 485 439 ,,γῆν
516 393 594 436 σφι
625 380 806 429 ἀπόδος·
838 381 970 420 τοῦτο
1003 377 1061 427 δὲ,
1093 378 1228 433 ἄλλην
1245 378 1354 431 πρὸς
1380 377 1514 434 ταύτῃ
1546 375 1631 420 ἑλέ-

377 456 526 501 ,,σθων
558 446 706 497 αὐτοὶ,
737 445 793 500 ἤν
826 462 923 488 τινα
955 444 1010 488 ἂν
1040 445 1241 494 ἐθέλωσι,
1282 443 1422 495 ἐόντες
1452 444 1633 488 αὐτόνο-

379 528 503 573 ,,μοι·
538 514 611 567 ἵρεί
639 530 680 556 τε
710 512 854 556 πάντα
884 525 983 568 σφι,
1013 511 1069 568 ἢν
1099 511 1150 569 δὴ
1182 509 1429 568 βούλωνταί
1461 528 1508 566 γε
1537 510 1635 566 ἐμοὶ

348 582 681 639 8,,ὁμολογέειν,
713 578 998 634 ἀνόρθωσον,
1030 580 1113 623 ὅσα
1144 579 1225 636 ἐγώ
1245 578 1469 634 ἐνέπρησα.

1532 577 1636 621 Τού-
1647 583 1691 619 50

375 667 489 704 ,,των
519 649 563 692 δὲ
588 647 850 703 ἀπιγμένων,
873 646 1121 703 ἀναγκαίως
1151 647 1233 702 ἔχει
1249 664 1324 702 μοι
1344 647 1507 690 ποιέειν
1534 649 1636 689 ταῦ-

378 735 478 772 ,,τα,
509 715 564 772 ἢν
595 715 653 771 μὴ
691 716 766 758 τόν
796 712 1004 769 ὑμέτερον
1040 714 1191 758 ἀντίον
1219 715 1422 770 γένηται..
1480 712 1636 768 ,.Λέγω

379 786 455 839 „632
485 783 590 840 ὑμῖν
617 782 731 826 τάδε.

792 787 877 825 νῦν
905 785 946 826 τί
982 784 1211 839 μαίνεσθε,
1248 782 1442 836 πόλεμον
1471 779 1641 837 βασιλέϊ

378 849 759 906 ,,οἰνταειρόμενοι;
798 850 899 893 οὔτε
936 850 1021 906 γὰρ
1065 849 1120 893 ὂὶν
1155 849 1499 905 ὑπερβάλοισθε,
1540 847 1641 892 οὔτε

352 920 492 975 4,,οἷοί
521 935 564 963 τε
594 918 684 962 ἐστὲ
715 917 907 973 οἷντέχειν
922 916 1001 962 τόν
1029 916 1170 961 πάντα
1190 917 1366 972 χρόνον.
1405 918 1533 960 εἴδετε
1561 914 1640 970 μὲν
1652 920 1695 956 55

382 989 492 1044 „de
523 991 598 1042 τῆς
628 986 796 1038 Ξέρξεω
827 986 1137 1041 στρατηλασίης
1175 985 1223 1027 τό
1255 989 1442 1040 πλῆθος,
1481 983 1555 1027 καὶ
1583 982 1637 1026 τοὶ

379 1056 531 1110 ,,ἒ’ργα·
573 1052 856 1096 πυνθάνεσθε
886 1052 934 1096 δὲ
961 1052 1036 1095 καὶ
1070 1051 1150 1107 τὴν
1184 1055 1267 1094 νῦν
1297 1050 1403 1105 παρ’
1442 1051 1512 1106 ἐμὲ
1541 1051 1640 1095 ἐοῦ-

380 1135 493 1177 ,,σαν
523 1120 729 1176 δύναμιν·
761 1119 866 1163 ὥστε
883 1120 957 1163 καὶ
985 1120 1040 1175 ἢν
1060 1117 1195 1175 ἡμέας
1217 1117 1535 1175 ὑπερβάλησθε,
1567 1118 1642 1161 καὶ

381 1190 633 1246 ,,νικη’σητε,
672 1190 767 1239 (τοῦ
793 1203 874 1243 περ
903 1187 1009 1244 ὑμῖν
1038 1185 1221 1243 οὐδεμία
1250 1186 1394 1239 ἐλπὶς,
1440 1187 1558 1242 ε’ίπερ
1588 1179 1639 1229 εὖ
1650 1192 1694 1225 60

323 1387 411 1441 ἔμέ;
442 1386 545 1440 quod
565 1391 768 1424 tenuerunt
786 1384 981 1426 Schaefer.

323 1454 360 1483 et
379 1444 514 1482 Matth.

379 1499 454 1551 τὴν
485 1502 563 1551 γῆν
597 1510 670 1547 σφι
705 1494 886 1548 οἷπόδος]
919 1496 982 1535 Ad

323 1556 416 1594 haec
429 1555 608 1594 Vaicken.
622 1556 718 1591 bene
730 1555 875 1591 confert
886 1555 982 1590 Plu-

322 1612 442 1650 tarch.
463 1611 618 1649 Aristid.
642 1614 691 1651 10
721 1626 758 1662 p.
781 1610 863 1651 324
884 1611 912 1647 C
944 1617 981 1648 et

322 1669 478 1707 Diodor.
499 1670 566 1715 XI,
590 1670 656 1715 28,
688 1669 753 1718 qui
782 1680 871 1703 cum
901 1669 983 1703 He-

323 1726 458 1764 rodoto
501 1724 698 1762 consentit.
767 1723 984 1760 Athenien-

323 1784 436 1829 sium,
484 1783 547 1818 ille
568 1779 690 1824 addit,
731 1782 984 1817 constantiam

324 1840 460 1876 merito
482 1836 639 1874 laudant
669 1843 834 1873 oratores
864 1843 900 1872 et
920 1849 984 1873 so-

323 1894 482 1947 phistae,
505 1894 770 1944 repellentium
796 1888 985 1943 Ἐχθρῶν

325 1950 463 2001 ἄδωρα
484 1951 613 1999 δῶρα;
643 1963 733 2000 prae
753 1950 886 1985 ceteris
905 1951 986 1985 De—

324 2007 516 2045 mosthen.
534 2004 700 2056 Philipp.
721 2007 737 2041 I
765 2007 800 2051 ξ.
826 2007 872 2044 11
897 2018 985 2054 pag.

326 2066 380 2104 68
404 2062 548 2109 Reisk„
562 2062 627 2098 ubi
648 2061 782 2098 eadem
798 2060 844 2097 de
863 2062 986 2097 Alex-

326 2119 445 2157 andro
475 2118 646 2156 Athenas
684 2120 797 2155 misso
823 2130 985 2154 narran-

324 2183 398 2213 tur.
456 2176 520 2212 Tu
542 2174 620 2213 vid.
640 2175 694 2211 ibi
714 2175 901 2213 Voemelii
915 2187 985 2210 au-

325 2232 564 2269 notationem
603 2244 692 2281 pag.
725 2234 788 2271 17.
831 2253 881 2258 —
939 2231 985 2266 Iu

326 2302 433 2340 seqq.
463 2285 507 2327 τό
536 2285 739 2338 ὑμέτερον,
762 2287 985 2323 observante

325 2343 460 2382 Matth.
483 2345 550 2381 Gr.
572 2344 639 2380 Gr.
665 2345 702 2388 ξ.
725 2343 805 2383 285
836 2356 871 2392 p.
904 2341 985 2382 575

328 2408 364 2438 et
386 2403 423 2447 ξ.
445 2398 539 2447 466,
561 2402 585 2440 3
605 2413 642 2450 p-
663 2398 763 2445 865,
786 2397 888 2434 idem
907 2398 986 2433 fere

327 2458 428 2494 valet
447 2463 560 2508 atque
580 2453 707 2506 ὑμεῖς.
746 2453 986 2491 Valckenae-

327 2515 402 2550 rius
436 2513 632 2549 Platonica
653 2511 881 2548 excitaverat
909 2512 926 2546 1
946 2523 984 2561 p.

332 2571 409 2609 128
442 2571 488 2605 B.
519 2583 557 2619 p.
594 2570 683 2607 176.
712 2567 747 2603 11
767 2581 803 2618 p.
827 2566 907 2608 643
934 2568 984 2603 A.

329 2625 404 2660 Pro
417 2620 556 2664 α’ντίον
567 2622 768 2660 Bekkerus
784 2622 902 2660 habet
922 2622 987 2662 αἶ-

329 2680 427 2719 τίον.
460 2703 509 2708 —
567 2679 629 2716 Ad
649 2680 809 2718 verbum
830 2675 987 2718 ἀνταει-

330 2733 489 2788 ρόμενοι
505 2735 579 2773 vid.
601 2743 694 2774 nott.
715 2735 764 2773 ad
782 2737 846 2784 VI,
865 2734 932 2775 44.

384 2788 700 2845 ὑπερβάλοισθε]
728 2793 800 2831 Hic
834 2804 987 2845 quoque

1039 1386 1201 1423 verbum
1240 1378 1562 1434 ὑπερβάλλεσθαι
1590 1395 1695 1433 supe-

1038 1443 1155 1488 randi,
1168 1441 1326 1477 vincendi
1336 1442 1561 1490 significatu,
1575 1446 1616 1476 ut
1630 1439 1694 1486 VI,

1042 1502 1105 1539 13.
1134 1498 1214 1545 Vll,
1248 1499 1337 1537 163.
1376 1499 1468 1538 168.
1498 1498 1597 1544 VIII,
1627 1494 1695 1535 24.

1037 1556 1107 1603 IX,
1130 1556 1195 1594 28.
1217 1575 1268 1580 --
1298 1554 1343 1588 In
1363 1566 1470 1605 seqq.
1495 1553 1542 1590 ad
1575 1552 1695 1591 εἴδετε

1037 1611 1136 1648 conf.
1157 1607 1291 1646 Matth.
1314 1610 1379 1646 Gr.
1400 1612 1465 1646 Gr.
1493 1611 1530 1655 ξ.
1554 1611 1633 1649 231
1656 1621 1695 1658 p.

1038 1667 1132 1713 449,
1154 1667 1218 1717 qui
1239 1664 1342 1702 idem
1364 1667 1398 1711 ξ.
1416 1666 1520 1713 588,
1543 1679 1575 1702 c.
1599 1680 1634 1702 α.
1656 1677 1696 1713 p.

1042 1726 1148 1763 1173
1171 1722 1386 1759 conferatur
1402 1722 1448 1759 ad
1460 1722 1696 1758 locutionem

1040 1775 1129 1828 παρ’
1160 1776 1226 1829 ἐμὲ
1261 1777 1425 1826 ἐοῦσαν,
1459 1779 1526 1815 ubi
1555 1779 1594 1813 in
1616 1777 1696 1813 aliis

1041 1831 1387 1885 οοάἀπαρεοῦσοὶν
1397 1850 1465 1885 μοι
1479 1835 1541 1872 vel
1554 1828 1643 1883 παρ’
1656 1831 1698 1872 ἒ-

1042 1890 1111 1942 μοὶ
1139 1891 1306 1930 ἐοῦσαντ
1358 1898 1563 1943 utrumque
1583 1890 1698 1938 male3

1041 1949 1118 1985 sive
1140 1962 1160 1984 e
1181 1954 1393 1984 correctura
1411 1949 1489 1985 sive
1511 1961 1560 1984 ex
1577 1948 1699 1983 iuter-

1040 2011 1279 2055 pretamento
1297 2004 1394 2041 iilud
1415 2004 1577 2041 fluxerit.
1614 2003 1700 2040 Un-

1043 2060 1091 2097 de
1118 2059 1414 2098 Valckenaerius
1460 2072 1614 2112 quoque
1650 2057 1699 2095 de

1042 2115 1116 2153 hoc
1154 2118 1438 2167 praepositionis
1458 2130 1528 2153 usu
1561 2115 1699 2152 excitat

1039 2173 1211 2209 Lexicon
1251 2173 1401 2210 coislin.
1430 2187 1467 2223 p.
1489 2172 1583 2212 483.
1621 2171 1699 2209 So-

1039 2228 1166 2279 phocl.
1193 2229 1316 2266 Elect.
1351 2228 1439 2269 184.
1479 2230 1629 2265 Isaeum
1658 2241 1698 2278 p.

1041 2288 1107 2329 70,
1129 2285 1182 2325 25
1215 2286 1262 2333 [s.
1284 2298 1322 2335 p.
1350 2287 1430 2326 206
1459 2283 1587 2325 Reisk.
1607 2297 1698 2335 pag.

1044 2343 1096 2381 99
1119 2339 1303 2388 Bekker„
1333 2343 1399 2392 qui
1429 2343 1565 2378 merito
1588 2342 1700 2378 resti-

1042 2397 1112 2433 tuit
1133 2393 1224 2448 παρ’
1253 2396 1419 2444 ἐκεῖνον,
1434 2396 1589 2434 Reiskio
1609 2410 1701 2434 mu-

1041 2460 1162 2489 tatum
1178 2454 1216 2489 iu
1233 2449 1325 2503 παρ’
1346 2453 1501 2508 ἐκείνῳ]
1516 2452 1699 2505 Thucyd.

1040 2510 1106 2557 ΙΙΙ,
1124 2513 1147 2550 3
1169 2510 1259 2561 ibiq.
1280 2509 1460 2548 Abresch.
1476 2532 1534 2539 —
1553 2512 1700 2550 πολλα-

1041 2566 1188 2616 πλησίη
1228 2579 1360 2603 omnes
1408 2565 1470 2603 hic
1516 2567 1699 2617 praebent

1043 2621 1166 2670 codd.,
1195 2635 1271 2659 uno
1292 2623 1483 2661 Sancrofti
1513 2624 1609 2660 libro
1629 2636 1700 2659 ex-

1044 2685 1175 2729 cepto,
1208 2680 1272 2730 qui
1293 2678 1407 2717 habet
1428 2678 1699 2730 παραπλησίη.

1044 2735 1109 2771 Tu
1141 2736 1242 2774 conf.
1264 2737 1345 2786 Vll,
1370 2735 1447 2778 143
1479 2743 1515 2774 et
1538 2742 1634 2773 nott.
1649 2734 1698 2773 ad

1043 2792 1107 2838 ΠΙ,
1131 2792 1224 2834 135.
