1839 3292
20 649 114 694 111

539 209 1001 247 CALLIOPE.
1058 209 1136 246 IX.

1355 211 1435 251 361

188 323 302 374 εταί)
332 319 492 375 ταύτην
522 320 574 374 δὴ
604 318 681 375 τήν
711 317 874 374 ἡμέρην
893 316 1121 373 φυλάξασα
1144 314 1436 372 ἡ”Αμηστρις,

182 387 323 443 χρῄζει
347 390 423 429 τοῦ
453 386 616 439 Ξέρξεω
648 388 836 442 δοθῆναί
867 389 911 429 οἱ
939 385 1018 441 τήν
1038 385 1271 428 Μασίστεω
1292 389 1438 440 γυναῖ-

155 461 175 494 3
188 471 254 497 κα.

315 453 338 496 ὁ
380 454 424 497 δὲ
454 453 599 497 δεινόν
623 471 667 497 τε
697 455 769 497 καὶ
798 452 1009 507 ἀνάρσιον
1040 452 1253 501 ἐποιέετο,
1302 455 1436 495 τοῦτο

181 520 272 576 μὲν,
294 519 513 576 ἀδελφεοῦ
540 526 727 577 γυναῖκα
757 522 1048 573 παραδοῦναι,
1077 524 1206 564 τοῦτο
1228 519 1285 571 δὲ,
1316 521 1494 563 dvm-60

182 589 279 644 τίην
316 588 477 632 ἐοῦσαν
517 592 598 631 τοῦ
635 586 884 643 πρήγματος
923 587 1104 630 τούτου·

696 654 825 705 Τέλος
849 654 1018 710 μέντοι,
1051 656 1193 710 κείνης
1222 670 1266 697 τε
1307 659 1437 697 λιπα-

182 659 262 698 τοῦ
293 657 452 699 εἵνεκεν
480 654 631 698 ἐδέετο.

1165 591 1325 642 συνῆκε
1355 586 1437 642 γὰρ

183 721 386 779 ρεούσης,
418 723 491 766 καὶ
521 721 604 765 ὑπὸ
630 725 711 764 τοῦ
739 721 881 776 νόμου
909 722 1204 777 ἐξεργόμενος,
1236 721 1303 765 ὅτι
1333 720 1437 765 ἀτυ-

179 794 306 845 χῆσαι
334 791 411 834 τὸν
441 789 654 847 χρῄζοντα
674 787 729 832 οὕ
759 800 838 844 σφι
868 791 1058 834 δυνατόν
1089 791 1178 834 ἐστι
1209 791 1437 845 βασιληίου

182 859 359 900 δείπνου
401 858 711 914 προκειμένου,
752 856 891 911 κάρτα
929 858 981 913 δή
1013 856 1152 900 ἀέκων
1189 855 1437 901 κατανεύει·

153 924 256 966 Ξκαὶ
294 926 544 978 παραδούς,
589 925 724 968 ποιέει
752 920 846 968 ὦδε.
875 923 956 981 τήν
985 924 1063 979 μὲν
1085 925 1248 967 κελεύει
1277 923 1493 967 ποιέειν65

178 991 231 1033 τοὶ
247 991 460 1047 βούλεται·
487 993 510 1036 ὁ
542 993 587 1036 δὲ
617 992 996 1048 μεταπεμψάμενος
1026 990 1105 1034 τόν
1137 990 1350 1046 ἀδελφεὸν
1375 991 1438 1034 λέ-

177 1075 244 1114 γει
274 1061 396 1103 τάδε·
447 1062 698 1113 ,,Μασίστα,
739 1060 791 1103 σύ
824 1059 883 1111 εἷς
913 1060 1108 1112 Δαρείου
1137 1074 1181 1101 τε
1213 1064 1334 1113 παῖς,
1363 1058 1437 1102 καὶ

177 1127 305 1182 ,,ἐμός
335 1128 563 1183 ἀδελφεός·
594 1128 702 1182 πρὸς
733 1128 768 1171 δ’
799 1129 859 1172 ἔτι
892 1125 1102 1178 τούτοισι,
1134 1126 1205 1169 καὶ
1235 1125 1294 1177 εἷς
1324 1125 1437 1182 ἀνὴρ

147 1195 393 1251 3,,ἀγαθός.
438 1198 614 1252 γυναικὶ
645 1196 696 1251 δὴ
732 1196 868 1254 ταύτῃ
899 1200 950 1251 τῇ
979 1198 1063 1237 νῦν
1085 1194 1345 1247 συνοικέεις,
1376 1192 1434 1249 μὴ

174 1265 398 1314 »συνοίκεε
411 1280 419 1288 ·

479 1263 587 1307 ἀλλά
616 1280 683 1306 τοι
715 1262 803 1307 ἀντ’
835 1262 963 1319 αὐτῆς
996 1262 1077 1318 ἐγώ
1112 1264 1266 1318 δίδωμι
1295 1267 1492 1317 &maa-70

181 1331 311 1384 ,,τε’ρα
339 1331 419 1387 τήν
448 1331 566 1387 ἐμήν.
610 1331 743 1387 ταύτῃ
766 1332 984 1373 συνοίκεε·
1015 1329 1093 1384 τὴν
1123 1329 1168 1371 δὲ
1198 1333 1282 1372 νῦν
1316 1329 1435 1384 ἔχεις,

148 1397 263 1451 4,,οὐ
295 1399 376 1454 γὰρ
408 1400 544 1443 δοκέει
575 1399 691 1453 ἐμοὶ,
722 1397 780 1454 μὴ
810 1399 874 1453 ἔχε
901 1401 1132 1452 γυναῖκα.“
1185 1394 1241 1438 ‘O
1273 1397 1318 1439 δὲ
1339 1401 1438 1438 Μα-

177 1467 322 1521 σίστης
351 1465 677 1521 ἄποθωυμοὲσας
705 1466 758 1508 τοὶ
797 1462 1026 1520 λεγόμενα,
1064 1462 1175 1518 λέγει
1203 1462 1327 1506 τάδε·
1357 1458 1436 1516 „³52

174 1533 411 1588 ,,δε’σποτα,
438 1535 535 1578 τίνα
563 1550 638 1590 μοι
666 1533 800 1590 λόγον
819 1533 953 1589 λέγεις
983 1531 1213 1587 ἄχρηστον,
1244 1528 1432 1574 κελεύων
1444 1535 1490 1571 75

119 1717 166 1753 de
185 1717 266 1768 ipso
287 1719 403 1755 verbo
426 1716 530 1755 dabit
550 1732 571 1755 a
595 1717 662 1756 Cr.
684 1717 775 1755 cita-

117 1780 178 1810 tus
216 1774 431 1812 Blomfield.
472 1775 520 1812 ad
553 1773 774 1812 Callimach-

118 1832 275 1867 Lavacr.
296 1830 441 1867 Pallad.
461 1845 513 1871 vs,
536 1835 603 1872 32.
642 1833 775 1882 Neque

119 1899 208 1923 vero
223 1885 285 1922 hic
293 1895 385 1937 puto
398 1889 558 1938 intelligi
573 1901 681 1938 posse
687 1888 776 1938 fra-

118 1945 284 1991 grantius
300 1944 421 1991 oleum,
444 1957 519 1994 quo
541 1945 691 1994 regium
711 1957 777 1980 ca-

118 2006 188 2049 put
209 2000 320 2036 fuerit
340 2000 551 2037 delibutum
576 2007 613 2037 et
638 1999 776 2036 deiude

120 2054 332 2093 defrictum.
388 2058 494 2094 Facit
515 2055 590 2093 huc
623 2070 776 2108 quoque

119 2112 257 2149 Strabo
297 2113 369 2149 XV
402 2127 442 2163 p.
485 2115 566 2154 718
595 2126 623 2150 S.
669 2112 775 2153 1046

118 2169 166 2207 A.
194 2189 249 2196 ——
277 2170 322 2204 In
338 2182 443 2221 seqq.
465 2168 553 2205 dedi
575 2166 707 2222 χρῄζει
738 2176 774 2205 et

119 2221 311 2279 χρῄζοντα
344 2239 411 2276 pro
433 2226 578 2277 χρηίζει
606 2233 641 2261 et
661 2226 774 2276 χρηΐ-

123 2283 254 2329 ζοντα,
300 2281 403 2333 quod
445 2295 532 2319 cum
565 2281 771 2319 Schaefero

121 2344 223 2374 tenet
252 2337 417 2376 Bekker.
471 2339 580 2376 conf.
609 2340 688 2387 VII,
720 2341 773 2379 38

124 2393 249 2445 ibique
275 2401 371 2432 nott.

337 2484 426 2535 Cap.
461 2485 558 2522 CXI.

179 2560 313 2611 κείνης
336 2577 375 2600 τε
393 2559 675 2615 λιπαρεούσης]
694 2562 775 2602 κεί-

126 2632 196 2666 νης
241 2631 261 2653 e
306 2619 524 2656 Florentino
563 2626 773 2670 receptum.

125 2674 325 2723 Vulgatam
346 2673 496 2725 ἐκείνης
516 2689 604 2712 cum
622 2675 775 2713 Schaef.

124 2731 275 2766 retinuit
312 2730 446 2768 Matth.
504 2733 647 2769 Verba:
695 2729 775 2771 ὑπὸ

124 2788 195 2825 τοῦ
211 2782 339 2838 νόμον
356 2785 607 2840 ἐξεργόμενος
625 2789 773 2827 valent:

831 1717 907 1766 lege
928 1715 1139 1768 prohibitus,
1171 1726 1246 1767 quo
1266 1712 1393 1750 miuus
1407 1712 1489 1750 scil.

832 1775 939 1811 aliter
957 1774 1098 1810 faceret
1108 1773 1328 1823 petentique
1340 1771 1492 1806 abnue-

831 1836 889 1867 ret
927 1829 1068 1878 (conf.
1099 1836 1196 1866 nott.
1224 1827 1272 1864 ad
1301 1827 1384 1873 VII,
1403 1826 1490 1875 96),

834 1887 1018 1937 quiafieri
1055 1887 1202 1935 nequit,
1253 1886 1353 1932 regia
1389 1895 1493 1919 coena

828 1944 1033 1994 proposita,
1073 1946 1113 1978 ut
1143 1943 1278 1991 petenti
1302 1939 1493 1989 quidquam

833 1999 1021 2047 denegetur
1044 2011 1072 2035 s.
1089 2001 1208 2047 petens
1232 2000 1311 2033 voto
1335 1995 1492 2032 excidat.

834 2077 886 2083 -—
917 2055 1037 2091 Paulo
1074 2054 1172 2090 infra
1193 2067 1213 2088 e
1242 2054 1408 2088 Florent.
1429 2064 1492 2086 re-

832 2119 986 2162 ceptum
1004 2109 1164 2162 γυυαικὶ
1188 2106 1236 2159 δή
1250 2138 1259 2156 ,
1288 2109 1354 2144 ubi
1374 2108 1490 2157 vulgo

830 2167 990 2220 γυναικὶ
1019 2165 1073 2214 δὲ,
1103 2165 1206 2218 quod
1237 2172 1320 2216 post
1345 2162 1493 2201 Sohae-

829 2226 956 2260 serum
999 2225 1236 2260 retinuerunt
1278 2219 1414 2257 Matth.
1455 2226 1492 2256 et

829 2279 999 2318 Bekker.

886 2333 1005 2388 λόγον
1022 2334 1144 2387 λέγεις
1164 2332 1378 2385 ἄχρηστον]
1398 2332 1491 2380 „Vi-

833 2393 942 2430 detur
967 2395 1117 2444 gravius
1146 2390 1328 2443 quiddam
1357 2401 1491 2425 sonare

833 2463 950 2502 quam
970 2450 1130 2486 inutilem
1141 2460 1338 2493 sermonem,
1350 2458 1491 2494 nempe

833 2507 985 2554 malum,
1016 2508 1270 2556 importunum,
1308 2501 1490 2551 infelicem,

833 2563 1043 2600 damnosum.
1056 2563 1079 2582 “
1134 2561 1165 2598 S
1175 2574 1191 2597 c
1201 2561 1221 2596 Ιι
1232 2572 1261 2595 w
1274 2572 1289 2595 e
1299 2561 1346 2607 ig
1356 2559 1392 2596 le.
1450 2559 1490 2593 iu

831 2621 926 2656 Lex.
956 2617 1096 2655 Herod.
1118 2639 1172 2644 ——
1229 2617 1273 2651 In
1293 2628 1399 2666 seqq.
1421 2627 1492 2650 vo-

833 2689 917 2712 cem
948 2679 1050 2723 τρεῖς
1090 2680 1174 2724 post
1206 2671 1282 2710 εἰσὶ
1322 2672 1492 2722 plerique

834 2730 947 2768 codd.
969 2733 1158 2781 ignorant,
1181 2727 1281 2764 unde
1303 2729 1409 2764 uncis
1430 2729 1492 2763 in-

833 2787 985 2826 cludere
1025 2787 1156 2836 malui,
1197 2798 1314 2838 quam
1342 2797 1495 2836 prorsus
