1839 3292
257 204 342 244 396
805 201 1186 240 COMMENTATIO

259 319 326 358 87.
355 317 418 364 IV,
450 316 515 357 99.
554 318 681 367 Heyse
710 315 736 354 l.
767 315 793 353 l.
823 327 864 364 p.
897 312 987 354 134.
1046 312 1124 351 Sed
1164 313 1314 351 Pontum
1353 314 1560 364 Euxinum,
1612 313 1747 366 Bospo-

257 386 347 420 rum,
377 373 631 424 Propontidem,
663 371 925 421 Hellespontum
953 370 1051 406 bene
1080 371 1187 406 novit
1214 371 1315 421 ipse,
1344 385 1540 409 mensuras
1569 379 1747 410 accurate

256 429 441 468 indicans.
497 429 583 466 Vid.
621 428 692 475 IV,
723 429 772 467 81
804 432 902 463 nott.
931 426 1003 473 IV,
1035 426 1099 467 85.
1128 427 1214 476 VII,
1246 426 1313 466 34.
1375 428 1564 466 Thraciam
1593 441 1748 481 quoque

257 489 328 539 ipsi
360 486 554 536 cognitam
581 485 694 522 fuisse
723 489 937 520 monstrant
963 481 1004 518 hi
1022 483 1115 519 loci:
1147 484 1194 531 11,
1230 486 1324 523 103.
1353 484 1416 529 lv,
1446 488 1514 526 33.
1544 484 1611 526 74.
1668 487 1748 521 Ne-

258 556 334 597 que
363 556 454 582 vero
475 541 522 578 ad
552 542 749 578 interiores
778 546 919 577 tractus
948 546 1162 590 penetrasse
1197 538 1346 576 videtur
1379 540 1448 585 (cf.
1478 541 1524 588 V,
1554 545 1581 582 2
1618 542 1748 593 ibique

256 607 352 638 nott.
393 599 447 646 V,
482 600 521 638 3.
554 599 653 647 10),
701 595 768 634 sed
796 598 835 633 iu
874 595 1112 633 meridionali
1141 603 1262 632 tractu
1297 610 1338 633 se
1375 597 1603 634 continuisse
1633 600 1749 636 maris

257 669 364 694 oram
391 653 642 707 J'potissimum
682 654 813 703 legens
840 652 1009 704 indeque
1039 654 1152 689 etiam
1182 654 1321 690 Xerxis
1350 654 1421 689 iter
1448 666 1565 705 quam
1593 667 1750 692 accura-

255 715 397 751 tissime
425 713 548 763 potuit
578 711 811 749 describens:
843 722 966 761 eoque
983 711 1186 760 pertinent,
1221 722 1321 760 quae
1349 711 1429 757 Vn,
1461 710 1527 752 58.
1556 710 1622 751 59.
1655 714 1750 752 108.

258 773 350 812 109.
385 772 476 809 111.
510 771 589 809 112
615 769 814 818 leguntur,
845 779 942 819 quae
973 766 1019 803 de
1050 765 1180 804 Thaso
1209 768 1258 812 11,
1289 765 1354 807 44.
1395 767 1458 814 VI,
1489 765 1542 807 47
1583 766 1630 804 de
1675 768 1750 805 Sa-

255 825 454 864 mothrace
483 827 537 873 II,
569 825 645 872 51,
680 823 727 861 de
757 822 990 860 Chersoneso
1021 824 1091 871 VI,
1123 826 1190 863 36.
1219 824 1311 872 VII,
1343 826 1411 864 33.
1441 823 1508 865 58.
1538 824 1620 874 IX,
1654 826 1748 866 116.

260 886 352 933 120,
383 890 496 935 atque
526 880 574 918 de
606 882 853 932 Hellesponto
875 881 938 929 IV,
969 880 1021 920 95
1051 879 1264 920 traduntur.

370 986 434 1024 Sic
466 998 621 1038 quoque
648 982 885 1021 DIacedoniae
913 995 1020 1019 oram
1048 983 1280 1019 maritimam
1306 982 1442 1033 legens
1471 980 1636 1030 audivit,
1664 982 1750 1033 opi-

255 1056 347 1090 nor,
380 1056 477 1095 quae
507 1041 554 1079 de
582 1042 823 1078 interioribus
857 1039 1104 1076 Macedoniae
1135 1041 1351 1090 regionibus
1380 1053 1417 1076 v.
1437 1053 1470 1076 c.
1491 1038 1538 1076 de
1569 1039 1749 1076 Crestone

255 1102 287 1137 Ι.
319 1100 386 1140 57.
417 1100 515 1147 VIII,
552 1100 627 1138 138
658 1099 805 1144 retulit,
836 1103 949 1133 testes
980 1098 1097 1133 citans
1126 1096 1355 1133 Macedones
1396 1097 1443 1144 V,
1473 1097 1540 1135 22.
1569 1096 1649 1143 VII,
1681 1099 1750 1136 73.

256 1157 366 1204 VIII,
408 1158 500 1196 138.
556 1156 606 1191 Et
649 1167 885 1206 quamquam
924 1167 1048 1204 nuper
1076 1154 1226 1200 exstitit,
1258 1149 1299 1202 ik)
1340 1153 1405 1204 qni
1441 1150 1681 1188 Herodotum
1708 1153 1750 1188 in

255 1214 394 1250 Xerxis
432 1214 566 1249 itinere
606 1225 674 1262 per
709 1209 979 1248 Macedoniam
1016 1209 1221 1246 indicando
1258 1210 1310 1246 ita
1341 1210 1490 1259 lapsum
1521 1207 1677 1256 diceret,
1707 1215 1750 1245 ut

255 1272 378 1321 ipsam
406 1268 672 1306 Macedoniam
701 1268 834 1305 adiisse
852 1268 1013 1304 minime
1030 1268 1077 1303 sit
1097 1266 1287 1317 putandus
1308 1265 1484 1303 historiae
1504 1272 1622 1316 pater,
1639 1266 1751 1317 equi—

257 1327 349 1364 dem
377 1340 456 1363 non
486 1327 596 1362 facile
628 1326 801 1362 animum
829 1323 1010 1361 inducere
1040 1336 1215 1374 possum,
1246 1330 1299 1370 ut,
1331 1335 1428 1373 quae
1458 1329 1537 1359 tam
1575 1329 1749 1358 accurate

255 1386 390 1421 Noster
420 1384 545 1420 retulit
585 1381 632 1419 de
671 1383 736 1419 illa
764 1389 861 1419 terra
891 1381 991 1427 VIII,
1026 1383 1116 1420 113.
1152 1379 1242 1419 114.
1279 1380 1369 1420 115.
1407 1381 1497 1418 122.
1533 1380 1624 1419 123.
1657 1377 1750 1418 124.

260 1444 339 1481 127
370 1441 455 1477 coll·
485 1441 530 1487 V,
565 1438 742 1479 15—17
782 1446 818 1476 et
854 1438 917 1486 IV,
953 1440 1005 1477 33
1036 1436 1116 1484 fin„
1147 1435 1194 1473 de
1223 1434 1378 1473 Athone
1406 1441 1537 1472 monte
1569 1435 1652 1481 Vll,
1681 1436 1751 1476 22,

256 1500 310 1537 23
342 1496 389 1533 de
419 1498 578 1533 Pallene
603 1497 703 1542 VIII,
738 1497 831 1543 129,
872 1507 951 1531 non
981 1494 1053 1530 nisi
1083 1495 1243 1530 aliorum
1275 1507 1294 1529 e
1326 1493 1564 1530 sermonibus
1598 1491 1751 1528 fluxisse.

256 1560 402 1603 putem.
458 1555 558 1598 Quin
588 1551 692 1589 haud
721 1553 797 1589 scio
829 1564 878 1588 an
907 1549 982 1587 huc
1012 1551 1073 1587 vel
1102 1549 1198 1587 illud
1227 1550 1357 1587 referri
1374 1550 1500 1600 possit,
1532 1547 1635 1600 quod
1658 1548 1752 1583 Pel-

255 1611 316 1646 lae
344 1611 383 1646 iu
403 1611 484 1660 ipsa
512 1608 738 1647 Macedonia
759 1608 953 1658 sepultum
982 1619 1061 1643 esse
1090 1606 1329 1644 Herodotum
1359 1605 1514 1657 quidam
1536 1603 1751 1655 perhibent.

256 1666 345 1704 Vid.
373 1680 486 1717 supra
516 1669 554 1712 ξ.
590 1669 629 1706 6.
686 1664 848 1712 Eodem,
883 1665 1030 1714 opinor,
1062 1664 1195 1700 itinere
1230 1663 1434 1701 Thessaliae
1466 1675 1573 1698 oram
1602 1663 1751 1711 ingres-

255 1737 317 1762 sus
347 1725 499 1774 Tempe
520 1722 612 1760 adiit
637 1723 737 1770 (VII,
759 1724 835 1762 128
864 1719 957 1757 ibid.
987 1727 1082 1759 nott.
1104 1722 1185 1769 Vll,
1220 1720 1314 1767 173)
1343 1718 1510 1770 indeque
1539 1731 1609 1768 per
1623 1717 1752 1754 Thes-

256 1781 389 1818 saliam
421 1781 522 1829 (VII,
556 1782 650 1820 129.
685 1776 783 1828 183)
818 1777 1129 1827 Thermopylarum
1159 1778 1284 1813 fauces
1314 1778 1490 1823 intravit,
1530 1774 1577 1811 de
1607 1788 1682 1826 qua
1711 1787 1752 1810 re

257 1837 338 1874 dixi
366 1838 405 1873 in
435 1844 515 1874 not.
545 1836 593 1873 ad
622 1837 703 1881 VII,
733 1834 829 1874 225.
887 1833 949 1870 Ad
978 1833 1163 1870 Doclonam
1194 1834 1389 1870 accessisse
1418 1832 1594 1869 coniicias
1626 1845 1674 1868 ex
1701 1831 1751 1878 11,

257 1895 311 1936 52
341 1894 426 1941 coll,
458 1894 523 1934 53.
557 1892 609 1933 55
640 1893 734 1938 init„
764 1892 933 1942 itemque
964 1889 1011 1926 ad
1040 1889 1233 1941 Delphos,
1264 1891 1318 1926 uti
1347 1896 1448 1926 recte
1479 1890 1600 1938 posuit
1619 1890 1745 1938 Heyse

255 1952 282 1988 l.
311 1952 337 1987 1.
368 1963 454 2001 pag.
489 1949 580 1996 124,
638 1950 734 1986 Abas
763 1960 916 1999 quoque
947 1946 1187 1984 Herodotum
1215 1948 1362 1984 venisse
1391 1946 1595 1983 coniiciens
1621 1945 1751 1993 (VIII,

256 2010 324 2048 27.
355 2006 439 2056 35),
471 2006 759 2055 Parnassnmqne
787 2003 996 2041 escendisse
1026 2005 1148 2052 (Vm,
1180 2007 1243 2044 32.
1274 2006 1345 2049 39)
1389 2009 1426 2039 et
1456 2002 1621 2039 Doridem
1650 2002 1752 2038 iuvi-

257 2066 345 2102 sisse
356 2064 534 2110 VllI,31.
580 2061 698 2099 Addit
726 2060 832 2098 idem
862 2063 987 2112 Heyse
1016 2074 1054 2111 p.
1081 2061 1156 2101 124
1175 2059 1294 2098 videri
1313 2058 1551 2096 Herodotum
1580 2058 1752 2095 Aetoliam

258 2134 412 2174 quoque
443 2119 576 2157 adiisse
597 2127 634 2157 et
649 2120 904 2165 Acarnaniam,
935 2118 1021 2154 coll.
1051 2119 1175 2164 II,10.
1208 2117 1390 2154 Boeotiam
1409 2123 1548 2153 terram
1578 2121 1751 2151 accurate

257 2191 348 2216 eum
378 2178 638 2228 perlustrasse,
670 2188 794 2212 nonus
822 2176 918 2211 liber
947 2175 1032 2210 satis
1061 2173 1229 2220 indicat,
1268 2174 1366 2210 bene
1395 2178 1576 2208 monente
1613 2170 1752 2207 eodem

256 2237 396 2286 Heyse,
424 2234 489 2285 qui
526 2234 698 2284 inprimis
729 2231 871 2268 attendi
899 2231 979 2268 vult
1009 2229 1057 2266 ad
1086 2231 1154 2275 IX,
1192 2229 1256 2269 15.
1292 2232 1353 2269 16.
1381 2228 1448 2268 25.
1480 2228 1546 2268 51.
1585 2227 1653 2267 52.
1696 2225 1750 2267 85

257 2306 338 2343 seq.
386 2290 524 2328 Thebas
544 2291 690 2327 venisse
703 2287 954 2334 Herodotum,
987 2287 1140 2336 colligas
1171 2298 1218 2320 ex
1247 2285 1291 2332 V,
1324 2287 1375 2326 59
1399 2285 1485 2321 0011.
1515 2286 1545 2333 I,
1577 2283 1644 2323 52.
1675 2285 1751 2331 92;

257 2349 400 2387 Delium
429 2347 510 2395 (vl,
544 2346 656 2395 118),
689 2345 814 2382 Ploum
845 2345 939 2392 (Vll,
977 2344 1086 2391 135),
1121 2342 1369 2378 Orchomenum
1401 2339 1486 2392 (lx,
1518 2340 1588 2390 16)
1619 2339 1752 2376 adiisse

257 2407 367 2443 illum
396 2403 591 2454 probabile
626 2401 775 2440 videtur
806 2402 944 2451 Heysio
975 2400 1000 2436 l.
1031 2401 1057 2436 1.
1117 2400 1220 2444 Quae
1249 2400 1429 2448 contigua
1459 2404 1512 2434 est
1541 2398 1663 2434 Attica
1688 2409 1751 2432 re-

258 2464 342 2513 gio,
377 2462 456 2497 eius
486 2460 672 2496 ambitum
702 2459 845 2508 optime
875 2457 1004 2503 novit,
1032 2454 1109 2493 vid.
1140 2456 1202 2503 lv,
1233 2457 1298 2494 99.
1356 2456 1599 2501 Athenienses,
1648 2451 1752 2503 apud

260 2533 354 2571 quos
384 2515 620 2568 aliquamdiu
648 2521 928 2552 commoratum
958 2526 1035 2550 esse
1064 2525 1177 2562 supra
1208 2513 1425 2562 posuimus,
1464 2511 1610 2560 saepius
1639 2516 1750 2546 testes

259 2575 414 2612 adhibet
442 2575 488 2621 V,
509 2576 573 2614 (53.
604 2572 672 2614 85.
702 2575 767 2613 87.
798 2571 861 2619 VI,
887 2570 954 2610 75.
980 2572 1067 2610 137.
1103 2571 1193 2608 138.
1224 2569 1304 2617 ΥΠ,
1340 2570 1428 2608 189.
1456 2568 1558 2616 vm,
1586 2565 1653 2606 41.
1682 2564 1750 2604 84.

259 2632 327 2672 94.
356 2632 425 2679 IX,
453 2633 521 2680 73,
550 2630 730 2684 urbisque
760 2626 1001 2666 Athenariun
1029 2626 1289 2676 coguitionem
1316 2623 1443 2678 prodit
1472 2631 1614 2662 certam
1641 2623 1689 2672 11,
1709 2622 1749 2660 7.

350 2821 386 2865 ²³)
410 2820 477 2854 vm.
502 2821 547 2855 T.
571 2819 623 2853 111
645 2830 680 2864 p.
705 2817 784 2855 825.
