1839 3292
366 236 433 274 DE
467 233 590 272 VITA
619 232 692 270 ET
721 231 956 270 SCRIPTIS
986 231 1263 270 HERODOTI.
1469 234 1554 276 381

74 345 225 397 θεατὴν
274 344 354 387 ἀλλ’
393 342 619 398 ἆγωνιστην
652 341 877 395 Ὀλυμπίων
913 348 1097 399 παοεῖχεν
1134 340 1296 393 ἑαυτὸν,
1324 341 1444 411 ᾄδων
1479 343 1552 394 τάς

75 403 249 455 ἱστορίας
276 404 342 443 καὶ
371 406 501 454 κηλῶν
530 418 625 449 τους
652 399 869 455 παοόντας,
908 400 996 455 α’χρι
1031 403 1104 440 τοῦ
1132 401 1198 440 καὶ
1233 397 1410 447 Μούσας
1452 403 1550 459 κλη-

73 464 201 512 θῆναι
229 475 299 507 τας
329 460 493 509 βίβλους
523 455 668 507 αὐτου,
719 459 833 499 ἐννέα
872 457 938 498 καὶ
977 454 1102 506 αὗτᾰς
1142 454 1274 504 οὔσας.
1335 454 1441 507 ’Ήδη
1473 460 1548 496 οὐν

75 513 242 562 α’παντες
285 511 408 555 αυτόν
455 513 603 570 ἤδει-σαν
646 513 748 554 πολυ
758 518 930 580 μᾶλλον
955 511 984 566 ἢ
1012 530 1106 560 τους
1133 509 1444 579 Ὀλυμπιονίκας
1473 508 1549 552 αὕ-

73 570 187 619 τούς·
218 570 282 611 καὶ
314 568 387 612 οὐκ
419 571 521 611 ἔστιν
552 568 658 619 ὅστις
687 566 863 620 ἀνήκοος
901 572 955 621 ην
982 573 1055 609 τοῦ
1088 565 1309 620 Ηροδότου
1340 564 1547 621 ὀνόματος,

75 628 116 668 οἱ
142 625 213 679 μὲν
242 624 357 667 αὐτοὶ
387 624 626 675 α’κούσαντες
657 627 699 668 ἐν
728 623 939 681 Ὀλυμπίᾳ,
983 626 1025 665 οἱ
1052 623 1094 665 δὲ
1123 628 1201 664 τῶν
1231 625 1273 665 ἐκ
1306 628 1377 676 τῆς
1416 641 1548 675 πανη-

71 681 220 736 γύοεως
247 682 429 736 ηκόντων
457 679 778 738 πυνθανόμενοι·
832 683 898 722 καὶ
930 682 1043 722 εἶ’που
1072 696 1114 733 γε
1144 682 1289 732 φανείη
1320 680 1465 732 μόνον,
1506 681 1548 721 ἕ-

72 741 253 780 δείκνυτο
284 737 335 780 ἂν
363 743 419 779 τῶ
453 735 648 792 δακτύλῳ·
698 740 814 785 οὗτος
844 739 992 785 ἐκεῖνος
1015 734 1235 790 ΙΙοόδοτός
1262 738 1387 786 ἐστιν,
1428 754 1449 777 ο
1478 754 1548 785 τας

72 793 197 848 ιιτῖχας
231 782 428 847 H596tn629
453 793 575 835 Ἰαστὶ
603 793 907 862 συγγεγοαφιὸς,
957 793 977 834 ὃ
1015 810 1086 841 τας
1125 795 1238 841 νίκας
1267 792 1384 845 ημῶν
1414 790 1549 845 υμνή-

73 866 155 900 σις.
212 849 358 892 τοιαῦτ’
400 852 460 891 ἐκε
452 856 548 898 -ῖνος
588 847 783 891 ἅπέλαυσε
821 855 899 890 τῶν
937 851 1142 900 ίστοοιων,
1198 850 1241 890 ἐν
1281 853 1359 920 μιᾷ
1390 846 1547 917 συνόδῳ

70 904 284 959 πάνδημόν
313 923 401 948 τινα
429 923 572 976 κοινην
601 911 751 960 ψῆφον
787 911 859 959 τῆς
900 904 1087 954 Ἑλλάδος
1127 904 1260 958 λαβων
1297 905 1364 945 καὶ
1395 902 1548 957 (ἷνακη-

72 965 231 1016 ρυχθεὶς
260 960 332 1015 οὐχ
369 961 440 1011 υφ’
479 962 580 1012 ἑνός,
619 981 673 1015 μα
701 965 801 1013 Δία,
845 961 1038 1018 κήουκος,
1077 959 1159 1002 ἄλλ’
1184 963 1226 1004 ἐν
1257 961 1392 1017 απιισῃ
1424 960 1545 1012 πόλει,

72 1018 171 1061 ὅθεν
201 1020 361 1068 ἕκαστος
378 1023 432 1072 ἠν
461 1024 540 1060 τῶν
569 1024 884 1073 πανηγυοιστῶν.

178 1076 349 1126 Addunt,
378 1077 466 1114 huic
486 1079 695 1115 recitationi
715 1076 983 1129 Thucydidem
1004 1090 1166 1128 puerum
1187 1076 1347 1113 adfuisse
1360 1074 1547 1113 eundem-

69 1147 144 1185 que
163 1134 214 1170 ita
233 1142 469 1171 commotum
500 1135 631 1181 fuisse,
663 1141 703 1171 ut
722 1135 907 1185 lacrymas
928 1134 1101 1170 effuderit
1123 1141 1159 1170 et
1181 1132 1359 1170 historiae
1379 1134 1546 1169 conscri—

68 1189 220 1227 bundae
244 1192 442 1227 consilium
466 1190 554 1227 inde
575 1192 728 1241 cepelit.
785 1194 928 1228 Auctor
949 1198 1002 1227 est
1024 1191 1062 1228 S-
1058 1189 1160 1227 lidas
1185 1203 1213 1227 s.
1234 1204 1272 1227 v.
1297 1187 1546 1239 Θουκυδίδης

69 1247 119 1283 Τ.
142 1248 233 1298 IIp-
258 1248 403 1287 199A.
425 1254 499 1284 ets.
521 1261 556 1285 v.
580 1243 700 1300 ὀργᾱν
729 1248 779 1285 Τ.
800 1249 883 1298 Hp.
906 1250 998 1288 707.
1027 1248 1267 1284 Marcellinus
1282 1245 1546 1283 mVit‘lThu-

69 1302 194 1354 0)(1111.
228 1304 265 1349 §-
282 1302 357 1343 54.
408 1303 554 1355 λέγεται
583 1304 623 1342 ὁέ
652 1319 688 1342 τι
717 1303 783 1342 καὶ
812 1306 1013 1350 τοιοῦτον,
1054 1299 1107 1351 ω’ς·
1135 1317 1229 1342 ποτε
1270 1304 1343 1342 τοῦ
1370 1296 1546 1352 H9060'-

68 1374 137 1398 του
167 1356 235 1406 frig
266 1359 367 1407 ἰδίας
398 1359 570 1407 ἷστοοίας
595 1359 916 1410 ἐπιδεικνυιιένου
946 1374 1085 1410 παοων
1124 1362 1175 1413 τῆ
1215 1354 1403 1411 ἀκροάσει
1441 1359 1546 1397 Θου-

68 1415 233 1467 κυδίδης
282 1414 349 1455 καὶ
399 1412 576 1463 α’κούσας
606 1415 844 1467 ἐδάκουσεν·
906 1414 1036 1455 ἔτειτα
1077 1415 1176 1464 φασὶ
1215 1412 1287 1483 τὸν
1326 1413 1545 1493 3'106601021

69 1474 184 1512 τοῦτο
231 1468 483 1523 θεασάμενον
522 1473 648 1511 εἰπεῖν
688 1468 814 1511 αὐτοῦ
842 1469 943 1523 ποός
970 1486 1039 1511 τον
1068 1470 1216 1523 πατέοα
1245 1485 1313 1511 τον
1365 1473 1545 1521 Ολορον·

70 1522 138 1566 03
140 1525 296 1580 Ὀλορε,
336 1524 395 1581 ὄρ]
398 1531 433 1582 ςΞ
470 1545 494 1580 η
535 1525 656 1578 φύσις
689 1531 762 1567 τοῦ
790 1528 885 1568 υἱοῦ
927 1540 998 1567 σου
1032 1525 1134 1578 ποὸς
1174 1524 1407 1578 μαθήιιατα.
1465 1529 1545 1564 Nec

70 1585 175 1621 aliter
199 1585 277 1621 fere
310 1562 468 1622 Photius
499 1587 537 1621 in
565 1585 658 1622 Cod.
679 1587 750 1621 LX
770 1585 836 1622 fin.
858 1584 914 1635 (p.
940 1587 987 1625 19
1004 1583 1151 1631 Bekk.)
1173 1585 1258 1621 coll.
1281 1585 1414 1621 Tzetz.
1436 1584 1461 1619 l.
1482 1597 1546 1620 su-

66 1654 135 1691 pra
162 1641 188 1681 l.
243 1642 377 1693 Neque
407 1649 534 1678 tamen
556 1643 601 1678 ab
626 1640 684 1678 his
703 1643 944 1692 scriptoribus
974 1640 1159 1677 indicatur
1187 1648 1336 1691 tempus
1357 1641 1547 1677 recitatio-

67 1698 146 1744 nis3
186 1710 302 1749 quam
333 1705 415 1749 post
444 1700 578 1735 itinera
602 1700 814 1734 maximam
844 1705 943 1735 certe
974 1705 1120 1747 partem
1141 1698 1312 1734 confecta
1332 1698 1547 1749 iustamque

68 1754 188 1803 operis
207 1756 404 1791 materiem
423 1755 512 1792 inde
528 1756 724 1792 collectam
743 1756 872 1791 locum
890 1752 1061 1790 habuisse
1077 1756 1266 1805 ponimus,
1290 1760 1376 1790 ante
1393 1754 1547 1805 Olymp.

66 1811 278 1858 LXXXIV,
302 1813 320 1850 1
345 1825 375 1848 s.
394 1810 477 1852 444
499 1824 532 1848 a.
555 1809 644 1848 Chr.
663 1825 717 1860 11.,
738 1825 813 1863 quo
832 1812 973 1848 scilicet
994 1824 1094 1847 anno
1116 1810 1281 1847 Thurios
1301 1811 1450 1848 cessisse
1470 1811 1545 1847 fer-

67 1872 128 1903 tur
147 1866 384 1916 Herodotu53
421 1869 493 1904 nisi
525 1881 613 1904 eum
639 1867 793 1905 Thuriis
820 1874 950 1918 postea
981 1868 1119 1904 iterum
1140 1869 1338 1904 occasione
1361 1868 1485 1904 oblata
1504 1867 1544 1903 iu

68 1924 265 1960 Graeciam
285 1925 478 1961 revertisse
499 1925 628 1976 ibique
638 1926 810 1962 recitasse
829 1930 987 1961 statuas:
1020 1937 1094 1975 qua
1116 1923 1162 1960 de
1182 1937 1221 1959 re
1240 1924 1338 1960 infra
1354 1923 1545 1971 dicemus3

68 1992 303 2031 quamquam
321 1980 414 2017 illud
433 1980 535 2017 haud
556 1994 765 2031 congruere
783 1979 932 2019 videtur
945 2010 954 2028 ‚
987 1979 1090 2032 quod
1118 1981 1344 2017 recitationis
1371 1987 1545 2030 tempore

67 2034 314 2087 Thucydides
343 2051 438 2088 puer
465 2038 578 2074 fuisse
608 2045 801 2086 narratur3
837 2044 879 2074 ut
905 2050 994 2073 sane
1022 2037 1154 2073 malim
1181 2049 1269 2074 cum
1301 2038 1441 2087 Heysio
1471 2037 1495 2073 l.
1517 2038 1544 2074 l.

67 2093 293 2130 recitationis
312 2100 462 2144 tempus
481 2095 619 2131 referre
636 2093 683 2131 ad
705 2095 858 2145 Olymp.
878 2095 1047 2130 LXXXI
1068 2107 1096 2131 s.
1115 2092 1196 2134 456
1214 2106 1248 2130 3.
1264 2091 1352 2132 Chr.
1374 2106 1438 2140 n.;
1468 2105 1545 2144 quo

68 2147 222 2199 quidem
241 2163 341 2187 311110
362 2149 610 2202 Thucydides
630 2163 776 2187 annum
796 2150 932 2200 agebat
961 2149 1155 2187 decimum
1185 2151 1380 2202 quintum,
1421 2151 1547 2185 Hero-

69 2203 177 2242 dotus
206 2205 566 2244 duodetricesimum
587 2214 672 2255 aut,
703 2209 733 2244 si
751 2209 965 2257 Kriigerum
985 2207 1172 2258 sequaris⁷
1209 2208 1250 2243 in
1279 2207 1374 2243 libro
1404 2205 1451 2242 de
1471 2206 1547 2242 viia

68 2258 304 2312 Thucydidis
340 2277 379 2315 p.
410 2267 474 2312 32,
505 2263 753 2315 Thucydides
772 2277 916 2301 annum
947 2262 1140 2300 decimum
1169 2270 1233 2300 aut
1251 2261 1544 2300 duodecimum:

70 2329 145 2367 quo
174 2320 294 2368 posito
323 2333 455 2357 omnes
488 2320 725 2358 difficultates
757 2334 777 2357 e
798 2327 1017 2371 temporum
1044 2321 1191 2357 ratione
1218 2326 1316 2357 ortas
1335 2320 1417 2357 tolli
1437 2332 1546 2370 posse

68 2372 171 2409 idem
199 2375 387 2425 Kriigerus
417 2378 625 2415 arbitratur.
683 2379 732 2415 Et
765 2376 843 2415 vid.
872 2390 1026 2429 quoque
1059 2377 1229 2415 Voemel.
1250 2378 1290 2412 in
1310 2389 1547 2427 programm.

69 2430 152 2474 Quo
178 2442 279 2467 anno
311 2431 449 2469 Thurii
475 2435 548 2471 sint
568 2433 709 2471 conditi
730 2447 768 2484 p.
788 2436 828 2475 9.
885 2434 1123 2472 Obiiciuntur
1142 2432 1198 2470 his
1230 2433 1345 2482 bina3
1387 2434 1548 2469 alterum

10 2512 13 2524 <
68 2485 183 2521 Plinii
208 2487 465 2526 testimonium
482 2520 491 2537 ‚
523 2492 573 2527 H.
598 2493 645 2530 N,
677 2492 762 2539 XII,
779 2488 804 2529 4
824 2503 854 2528 s.
876 2492 914 2539 8,
946 2491 1011 2542 qui
1039 2491 1141 2527 urbis
1169 2492 1314 2527 Romae
1342 2502 1442 2525 311110
1470 2495 1548 2525 tre-

69 2543 276 2580 centesimo
297 2542 443 2582 decimo
463 2546 701 2584 Herodotum
730 2545 928 2584 historiam
954 2560 1063 2584 suam
1082 2545 1237 2583 Thuriis
1257 2548 1296 2582 in
1318 2546 1424 2581 Italia
1452 2558 1548 2582 con-

13 2600 15 2616 ⁴
69 2596 206 2635 didisse
229 2600 382 2648 scribit,
422 2615 521 2639 anno
543 2604 657 2653 igitur
675 2602 756 2644 444
776 2616 809 2641 3.
830 2601 919 2642 Chr.
949 2616 989 2639 11.
1008 2604 1085 2640 sive
1103 2603 1255 2653 Olymp.
1276 2602 1489 2649 LXXXIV,
1523 2604 1546 2643 1

14 2686 17 2704 3
70 2666 144 2705 quo
165 2656 245 2705 ipso
263 2668 361 2693 anno
382 2658 490 2694 illum
509 2658 675 2697 Thurios
701 2661 883 2710 migrasse
911 2672 1024 2710 supra
1044 2658 1232 2707 vidimus3
1263 2659 1424 2694 alterum
1450 2657 1546 2695 illud

15 2712 17 2714 ’
69 2717 143 2758 est,
183 2711 315 2763 quod
304 2726 344 2749 111
364 2713 547 2752 Herodoti
566 2729 679 2766 opere
698 2716 823 2754 adhuc
843 2716 1040 2767 superstite
1071 2716 1180 2766 plura
1199 2715 1446 2752 inveniuntur
1465 2721 1545 2752 tra-

70 2764 167 2815 dita,
198 2781 295 2820 quae
314 2776 398 2819 post
417 2771 523 2807 illam
536 2773 806 2821 recitationem,
827 2774 858 2810 si
877 2771 1035 2826 quidem
1055 2784 1098 2807 ea
1118 2785 1183 2808 rev
1186 2785 1237 2807 er·
1238 2786 1250 2807 t
1277 2772 1354 2820 illo,
1376 2785 1451 2824 quo
1471 2785 1544 2823 po-

70 2823 224 2872 suimus,
254 2838 356 2862 anno
378 2825 505 2865 habita
526 2835 600 2876 est,
621 2828 852 2867 acciderunt.
910 2829 975 2867 Sic
994 2840 1125 2881 pugna
1143 2826 1435 2867 Atheniensium
1454 2841 1543 2866 cum
