1839 3292
234 863 302 909 59

36 996 203 1032 Septembri
212 997 302 1030 ³379]

35 1029 238 1058 Barbarorum
251 1038 314 1057 om-

36 1065 83 1092 nis
110 1065 258 1091 exercitus
277 1062 315 1091 ad

37 1098 173 1124 Graecos
207 1097 279 1124 ado-

362 143 447 184 296

761 142 1227 180 HERODOTI

363 264 505 316 ,,τοῖσί
533 279 575 305 τι
602 265 675 306 καὶ
694 263 950 319 συνῃδέατε·
1005 261 1273 316 Ἀρταβάζου
1302 262 1348 305 δὲ
1377 260 1540 317 θώυμα
1559 262 1633 306 καὶ

362 334 556 386 ,μᾶλλον
585 330 841 384 ἐποιεύμην,
873 330 921 373 τὸ
951 329 1024 372 καὶ
1053 329 1389 386 καταρρωδῆσαι
1417 332 1633 374 Λακεδαι-

363 400 596 454 ,,μονιόυς,
627 395 1025 452 καταρρωδήσαντά
1055 412 1099 439 τε
1130 395 1427 448 ἀποδέξασθαι
1453 398 1690 454 γνώμην25

363 463 667 519 ,,δειλοτάτην,
699 463 757 515 ὥς
785 465 910 520 χρεὸν
940 467 1004 520 εἰἠ
1035 463 1350 517 ἀναζεύξαντας
1378 463 1427 507 τὸ
1458 466 1635 519 στρατό-

363 535 528 587 ,,πεδον
567 532 678 575 ἰέναι
723 533 765 584 ἐς
803 533 852 577 τό
892 533 1097 588 Θηβαίων
1139 530 1247 575 ἄστυ
1293 535 1637 589 πολιορκησομέ-

336 607 525 653 5,,νους·
569 599 649 655 τὴν
679 599 738 642 ἔτι
768 601 878 655 πρὸς
915 600 1018 655 ἐμεῦ
1046 599 1246 656 βασιλεὺς
1273 599 1489 643 πεύσεται.

1548 601 1636 645 Καὶ

364 667 562 722 ,,του’των
590 667 668 723 μὲν
697 667 877 725 ἑτέρωθι
907 669 1025 711 ἔσται
1050 668 1196 723 λόγος·
1241 670 1326 710 νῦν
1356 668 1402 711 δὲ
1431 668 1634 714 ἐκείνοισι
1647 676 1694 712 30

365 739 529 790 ,,ταῦτα
561 740 732 779 ποιεῦσι
764 737 846 780 οὐκ
874 735 1126 789 ἐπιτρεπτέα
1156 735 1264 787 ἐστὶ,
1295 734 1404 779 ἄλλα
1436 737 1637 782 διωκτέοι
1692 743 1775 784 720

365 805 504 858 ,,εἰσ“ι,
545 802 587 853 ἐς
627 801 653 846 ὃ
686 805 1066 860 καταλαμφθέντες
1105 802 1296 848 δώσουσι
1332 802 1438 859 ἡμῖν
1465 808 1554 848 τῶν
1583 804 1637 862 δὴ

365 872 604 928 »ἐποίησαν
644 871 819 924 Πέρσας
855 872 1033 916 πάντων
1079 873 1240 923 δίκας.“

35 928 261 998 ἶιῖἳίιὲἰέηωξιιῗὲ
271 927 314 989 ‘22¹2
382 936 399 955 ἵ

73 979 79 989 ‹
144 972 177 990 (S
257 972 275 990 n

36 1131 157 1158 rieudos
185 1132 316 1166 Asopum

35 1164 155 1194 transit.

314 1199 423 1240 ἐοῦσι
445 1197 625 1246 refertur,
659 1195 829 1233 oratione
850 1193 974 1231 subito

312 1257 353 1292 iu
382 1255 641 1305 genitivorum
677 1253 854 1289 absolutt.
873 1257 976 1287 stru-

314 1320 461 1350 cturam
483 1319 649 1348 mutata:
696 1308 744 1346 de
774 1321 850 1360 qno
873 1307 975 1345 conf.

314 1371 344 1417 1,
367 1372 391 1409 3
412 1369 542 1420 ibique
562 1375 658 1408 nott.
678 1368 858 1403 Formam
880 1377 976 1403 συν-

314 1424 455 1481 ῃδέατε
485 1427 527 1461 in
555 1438 661 1477 seqq.
700 1423 823 1472 attigit
842 1419 976 1459 Matth.

318 1485 383 1520 Gr.
406 1483 471 1521 Gr.
493 1483 531 1527 ξ.
557 1484 634 1522 188
653 1511 662 1529 ,
684 1493 718 1516 a.
734 1487 813 1517 not.
848 1482 866 1518 1
889 1491 978 1529 pag.

317 1541 412 1580 332.
441 1536 554 1575 Both.
607 1537 655 1575 ad
690 1538 850 1576 Terent.
889 1548 978 1585 pag.

317 1595 400 1635 467
421 1596 627 1632 maluerat:
661 1591 874 1643 συνηθεέτε
896 1593 922 1628 i.
940 1605 978 1628 e.

319 1654 554 1689 consuescitis.
640 1652 776 1687 Melius
846 1650 981 1698 opinor

319 1707 703 1759 Schweighaeuser-us
742 1708 782 1742 in
827 1706 982 1755 vulgata

319 1767 561 1817 acquiescens
577 1764 700 1801 reddit
714 1776 723 1800 ε
751 1762 980 1800 laudantibus

320 1823 380 1859 hos
408 1823 580 1870 homines,
621 1833 764 1872 quorum
794 1833 848 1856 res
870 1833 982 1869 quae-

321 1879 402 1915 dam
444 1880 523 1917 bene
559 1883 679 1928 gestae
733 1877 831 1914 nobis
877 1878 981 1914 inno-

321 1939 477 1976 iecerunt.

376 2011 419 2055 τό
439 2012 506 2054 καὶ
539 2013 846 2064 καταῤῥωδῆσαι
878 2027 914 2050 κ.
947 2025 982 2049 τ.

322 2070 377 2122 L]
392 2074 449 2109 De
470 2073 543 2109 loci
555 2078 740 2108 structura
755 2069 831 2108 vid.
846 2066 982 2105 Matth.

323 2130 390 2165 Gr.
435 2130 502 2168 Gr.
547 2130 584 2174 ξ.
616 2126 693 2169 541
737 2140 824 2178 pag.
863 2127 983 2166 1063.

320 2187 399 2222 Nec
420 2187 526 2222 aliter
557 2185 635 2221 sere
655 2182 750 2221 haec
780 2183 895 2220 verba
915 2195 985 2218 ex-

320 2241 510 2292 pedienda
544 2241 721 2278 videntur
748 2240 894 2277 censori
922 2240 985 2274 Ie-

320 2300 430 2336 nensi
469 2299 597 2347 (1823
632 2299 797 2348 Ergina.
833 2297 893 2332 131.
929 2294 982 2334 45

322 2369 411 2406 pag.
448 2355 570 2404 347),
608 2355 674 2390 ubi
704 2351 748 2393 τὸ
779 2351 984 2403 καταᾷᾆω-

325 2414 446 2463 δῆσαι
474 2419 658 2463 tanquam
697 2411 886 2447 obiectum
922 2422 986 2444 re-

329 2471 489 2517 motius,
531 2467 634 2521 quod
666 2469 790 2515 aiunt,
830 2465 984 2515 cogitari

328 2527 430 2572 vult,
461 2526 543 2572 cui,
579 2525 610 2562 si
640 2524 731 2577 quid
752 2522 985 2568 addendum,

328 2589 455 2617 niente
477 2581 564 2618 addi
586 2595 693 2632 posse
722 2577 846 2620 αὐτόν
867 2585 984 2630 putat,

330 2640 381 2674 iia
401 2645 440 2673 ut
464 2639 642 2676 orationis
678 2638 857 2675 naturalis
891 2635 985 2672 haec

332 2696 378 2731 sit
410 2701 617 2731 structura:
663 2690 910 2747 ’Λρταβοὶζου
943 2690 986 2731 δὲ

330 2754 376 2790 θ.
404 2749 471 2790 καὶ
492 2753 641 2802 μᾶλλον
660 2747 901 2803 ἐποιεύμην,
941 2746 984 2789 τὸ

1311 875 1460 914 Ταῦτα
1499 873 1635 928 εἴπας,

371 957 446 997 ηγε
487 938 594 989 τούς
628 938 801 992 Πέρσας
831 942 1005 998 δρόμῳ,
1046 940 1280 996 διαβάντας
1317 939 1397 983 τὸν
1432 939 1638 993 Ἀσωπὸν,

374 1008 485 1053 κατα
517 1014 666 1070 στίβον
684 1009 1018 1066 τῶνἙλλήνων,
1047 1007 1104 1060 ὥς
1135 1007 1186 1065 δή
1211 1007 1636 1065 ἀποδιδρησκόντων·

1031 1190 1100 1232 καὶ
1130 1187 1251 1232 αὐτὸν
1268 1191 1574 1244 καταρρωδῆσαι
1603 1196 1694 1232 Λα-

1031 1250 1323 1300 κεδαιμονίους.
1387 1251 1487 1286 Nam
1542 1245 1694 1301 θῶυμα

1032 1310 1240 1346 ποιεῖσθαι
1268 1305 1374 1343 idem
1403 1307 1482 1343 fere
1516 1306 1615 1343 valet
1635 1313 1695 1344 at-

1034 1377 1108 1415 que
1129 1359 1352 1413 θαυμάζειν
1376 1362 1616 1415 eandemque
1635 1363 1695 1400 fe-

1034 1434 1073 1457 re
1100 1419 1190 1456 inde
1211 1422 1327 1457 etiam
1360 1420 1515 1457 assumit
1533 1427 1697 1457 structu-

1034 1490 1123 1531 ram
1138 1490 1226 1513 cum
1257 1478 1424 1528 genitivo
1454 1490 1638 1528 personae
1659 1483 1698 1514 et

1035 1535 1249 1571 accusativo
1301 1535 1356 1570 rei
1385 1562 1396 1581 ,
1461 1540 1697 1571 monstrante

1037 1603 1193 1628 censore
1212 1591 1239 1628 l.
1259 1591 1285 1628 l.
1325 1590 1386 1627 Ad
1406 1591 1567 1628 verbum
1603 1586 1699 1629 οἴνα-

1039 1643 1241 1695 ζεύξαντες
1275 1647 1376 1684 conf.
1407 1654 1505 1685 nott.
1546 1645 1594 1684 ad
1626 1647 1696 1695 IX,

1038 1704 1089 1744 41
1115 1712 1150 1741 et
1169 1703 1218 1741 ad
1241 1706 1402 1742 verbum
1431 1706 1699 1756 πολιορκησο-

1039 1759 1183 1812 μένους
1215 1761 1252 1810 (ἰ.
1273 1775 1307 1798 e.
1340 1761 1546 1798 obsidionem
1570 1773 1699 1812 passu-

1038 1816 1115 1868 ros)
1139 1824 1235 1854 nott.
1258 1817 1307 1855 ad
1327 1819 1382 1868 V,
1405 1816 1472 1858 84.

1094 1871 1169 1925 τήν
1193 1873 1246 1913 ἔτι
1269 1871 1367 1925 πρὸς
1394 1873 1491 1925 ἐμεῦ
1513 1869 1700 1925 βασιλεῦς

1037 1926 1242 1980 πεύσεται]
1272 1933 1352 1968 scil.
1376 1927 1551 1984 γνώμην.
1581 1930 1701 1973 Quam

1038 1988 1216 2025 Artabazi
1252 1988 1338 2036 (viri
1370 1988 1513 2040 alioqui
1540 1987 1702 2024 fortissi-

1039 2046 1118 2094 mi)
1165 2048 1371 2083 sententiam
1421 2044 1701 2095 (turpissimam

1041 2108 1155 2153 atque
1175 2101 1497 2152 indignissimam)
1527 2113 1589 2137 rex
1610 2113 1633 2136 α
1649 2112 1701 2137 me

1042 2158 1211 2207 (reverso
1242 2160 1282 2195 in
1311 2157 1525 2207 Persidem)
1555 2158 1702 2207 accipiet

1041 2229 1071 2252 s.
1093 2215 1222 2253 audiet.
1247 2239 1296 2243 —
1331 2216 1454 2252 Verba
1474 2211 1703 2263 ἐπιτρεπτέα

1043 2271 1123 2310 ἐστὶ
1159 2273 1335 2308 excitavit
1368 2270 1504 2308 Matth.
1539 2271 1603 2306 Gr.
1636 2271 1701 2307 Gr.

1044 2330 1081 2373 ξ.
1103 2327 1184 2368 555
1206 2342 1292 2378 pag.
1312 2330 1430 2369 1090.
1468 2328 1609 2365 Sensus
1624 2334 1700 2364 est:

1043 2398 1133 2422 nunc
1157 2397 1236 2421 vero
1262 2385 1414 2422 illisnun
1431 2383 1703 2435 permittendum

1044 2446 1114 2488 est,
1144 2447 1183 2478 ut
1212 2443 1294 2479 haec
1323 2441 1472 2492 saciant
1505 2440 1602 2490 (scil.
1633 2453 1702 2477 nos

1045 2497 1263 2547 effugiant),
1316 2499 1374 2536 secl
1420 2500 1583 2548 persequi
1625 2497 1703 2534 illos

1042 2559 1184 2607 oportet.

1289 2612 1381 2663 Cap.
1412 2612 1515 2648 LIX.

1099 2689 1198 2731 κριτοὶ
1227 2692 1382 2742 στίβον]
1406 2690 1516 2727 conf.
1538 2690 1594 2736 V,
1626 2690 1703 2727 102

1043 2756 1080 2787 et
1101 2748 1148 2786 ad
1167 2763 1328 2802 sequens
1350 2746 1404 2795 ὥς
1422 2745 1471 2800 δή
1491 2744 1625 2784 Matth.
1636 2745 1703 2781 Gr.
