1839 3292
22 821 118 866 101

534 240 864 275 URANIA
924 239 1046 276 VIII.

1347 242 1428 282 139

182 351 282 406 ,,καὶ
307 346 561 404 Αἰγύπτιοι,
599 347 672 390 καὶ
700 347 892 401 Κύπριοί
920 363 964 390 τε
993 347 1065 390 καὶ
1094 348 1266 397 Κίλικες
1302 350 1430 392 κακοὶ

181 419 427 473 ,,ἐγένοντο,
474 414 602 458 οὐδὲν
646 415 754 468 πρὸς
783 415 956 469 Πέρσας
984 419 1115 459 τοῦτο
1144 413 1350 470 προσήκει
1380 432 1428 458 το

153 483 363 537 7,,πάθος.
383 482 492 538 ’Ήδη
523 477 597 535 οἷν,
629 482 772 538 ἐπειδὴ
797 481 850 525 ου’
882 484 1046 537 Πέρσαι
1075 500 1144 526 τοι
1175 484 1305 525 α’ίτιοί
1335 485 1428 534 εἰσι,

179 553 300 608 ,,ἒμοὶ
337 553 500 595 πείθεο.
558 551 597 592 εἴ
632 566 699 592 τοι
739 550 939 593 δέδοκται
980 550 1036 606 μή
1067 550 1344 605 παραμένειν,
1376 548 1431 592 σύ

179 622 285 676 ,,μὲν
315 620 356 670 ἐς
384 618 491 674 ἤθεα
519 617 572 660 τοὶ
608 623 800 660 σεωυτοῦ
839 617 1070 669 ἀπέλαυνε,
1117 622 1191 673 τῆς
1230 621 1456 672 στρατιῆςῑ

181 686 385 741 ,,ἀπάγων
422 684 471 728 τὸ
510 684 696 728 πολλόν·
745 685 816 740 ἐμὲ
856 686 901 728 δέ
942 696 1010 728 σοι
1039 685 1118 740 χρὴ
1146 684 1225 740 τὴν
1252 682 1435 727 Ἐλλάδα

181 757 439 808 ,,παρασχεῖν
470 754 808 808 δεδουλωμένην,
838 753 1071 808 τριήκοντα
1101 751 1317 807 μυριάδας
1355 755 1434 794 τοῦ

186 824 403 875 ,,στρατοῦ
433 819 793 876 ἀπολεξάμενον,“

183 890 242 939 οἷς
269 889 315 931 ἐκ
343 893 491 932 κακῶν
520 889 649 945 ἐχάρη
678 905 722 932 τε
750 889 824 932 καὶ
856 887 995 943 ἥσθη·
1032 887 1142 941 πρὸς
1172 886 1433 940 Μαρδόνιόν

867 824 1011 863 Ταῦτα
1041 818 1233 869 οἰκούσας
1262 819 1434 874 Ξέρξης,

183 972 245 1009 τε,
290 957 656 1012 βουλευσάμενος,
696 957 797 1012 ἔφη,
846 955 1191 1008 ἀποκρινεῖσθαι,
1222 953 1463 1008 ὁκότερον5

83 1028 88 1032 “
155 1023 360 1079 ἒποιήσει
401 1024 581 1067 τούτων.
638 1024 696 1075 ὦς
734 1024 779 1068 δὲ
817 1022 1067 1080 ἐβουλεύετο
1105 1022 1192 1076 ἅμα
1232 1022 1436 1077 Περσέων

182 1096 296 1135 τοῖσι
325 1090 601 1147 ἐπικλήτοισι,
633 1092 748 1142 ἔδοξέ
788 1093 830 1133 οἱ
857 1092 930 1134 καὶ
963 1088 1231 1145 Ἀρτεμισίην
1261 1092 1303 1141 ἐς
1333 1102 1439 1145 συμ-

186 1160 366 1214 βουλίην
377 1159 746 1214 μεταπέμψασθαι,
759 1158 824 1200 ὅτι
847 1157 1061 1211 πρότερον
1076 1157 1274 1211 ἐφαίνετο
1299 1159 1439 1213 μούνη

158 1226 377 1269 3νοὲουσα
397 1226 449 1267 τὰ
479 1225 655 1281 ποιητέα
683 1221 749 1281 ἦν.
782 1224 839 1275 ὠς
869 1225 914 1268 δὲ
937 1225 1110 1267 ἀπίκετο
1134 1226 1159 1279 ἡ
1182 1224 1440 1280 Ἀρτεμισίη,
1455 1232 1496 1265 10

187 1292 554 1350 μεταστησάμενος
567 1294 667 1343 τοὺς
678 1293 832 1343 ἄλλους
844 1292 944 1342 τούς
965 1307 1008 1333 τε
1027 1291 1304 1346 συμβούλους
1323 1296 1438 1346 Περ-

190 1361 300 1404 σέων
328 1361 397 1404 uoci
427 1362 528 1410 τοὺς
550 1360 841 1415 δορυφόρους,
866 1359 973 1410 ἔλεξε
994 1358 1154 1413 Ξέρξης
1172 1359 1296 1402 τάδε·
1331 1362 1439 1410 ,,Κε-

190 1427 330 1482 ,,λευέι
356 1444 406 1483 με
419 1427 685 1481 Μαρδόνιος,
715 1428 900 1483 μένοντα
920 1424 1073 1477 αὐτοῦ,
1103 1431 1335 1481 πειρᾶσθαι
1365 1431 1440 1481 τῆς

190 1495 574 1550 ,,Πελοποννήσου·
610 1495 746 1550 λέγων
777 1494 836 1545 ὥς
865 1511 940 1549 μοι
970 1494 1134 1546 Πέρσαι
1161 1510 1204 1536 τε
1225 1494 1296 1537 καὶ
1316 1492 1339 1536 ὁ
1371 1509 1443 1536 aze-2

189 1563 288 1616 ,,ζός
323 1562 501 1617 στρατὸς
544 1563 724 1614 οὐδενὸς
767 1564 972 1618 μεταίτιοι
1005 1560 1171 1612 πάθεός
1201 1563 1300 1613 εἶσι,
1332 1559 1438 1603 ἀλλοὲ
1455 1567 1496 1602 15

161 1630 529 1687 4,,βουλομένοισί
567 1642 646 1687 σφι
674 1630 829 1689 γένοιτ’
869 1630 924 1674 ἂν
953 1628 1164 1682 ἀπόδεξις.
1221 1629 1294 1685 ἐμὲ
1325 1623 1385 1672 ὦν
1413 1628 1441 1684 ἢ

135 1803 184 1845 τά
210 1803 317 1856 ἤθεα
342 1803 524 1842 Herodoti
555 1818 603 1841 ex
630 1819 702 1843 usu
729 1803 790 1842 di-

138 1870 274 1899 cuntur
294 1862 489 1909 domicilia,
519 1862 633 1911 sedes,
664 1869 706 1899 ut
724 1863 789 1910 IV,

137 1921 205 1959 76.
221 1921 285 1959 80.
306 1919 357 1967 V,
380 1918 444 1958 14.
469 1918 518 1958 15
539 1925 609 1955 etc.
638 1919 700 1956 Ad
719 1932 791 1956 vo-

139 1988 201 2011 ces
240 1978 311 2023 τῆς
360 1974 542 2024 στρατιῆς
576 1972 619 2015 τό
644 1973 790 2015 πολλόν

139 2031 239 2068 conf.
258 2029 390 2068 Matth.
413 2032 478 2068 Gr.
500 2032 563 2068 Gr.
584 2033 621 2078 ξ.
641 2032 743 2080 442,
765 2036 789 2073 3

139 2100 227 2138 pag.
249 2089 342 2128 827.

377 2176 469 2227 cap.
490 2176 551 2214 CI.

198 2258 320 2294 ταῦτα
344 2251 537 2304 ἀκούσας]
576 2257 688 2303 „Non
723 2257 794 2292 ali-

143 2318 199 2349 ter
238 2313 284 2348 ab
318 2311 511 2348 Herodoto
553 2314 711 2363 scripta,
741 2314 792 2349 sic

144 2381 211 2404 suo
239 2370 311 2405 situ
336 2370 450 2406 verba
479 2382 629 2420 quoque
657 2376 795 2420 potue-

147 2431 231 2460 rant
252 2425 445 2461 collocari:
475 2423 586 2476 ἥσθη
612 2440 651 2464 τε
673 2428 795 2465 ταῦτα

150 2475 321 2526 ἀκούσας
335 2480 478 2534 Ξέρξης
493 2481 559 2520 καὶ
585 2480 638 2528 ὥς
661 2481 703 2521 ἐκ
723 2498 795 2521 κα-

147 2538 232 2574 κοῖν
258 2533 391 2587 ἐχάρηε
432 2545 474 2573 ut
502 2539 568 2575 lib.
599 2539 651 2574 III
672 2552 704 2575 c.
727 2539 793 2580 34.

145 2587 258 2642 ’ἥσθη
281 2607 321 2631 τε
341 2596 461 2632 ταῦτα
488 2590 660 2642 ἀκούσας
682 2599 797 2647 Καμ-

147 2646 273 2700 βύσης
283 2648 348 2687 καὶ
367 2656 448 2697 οἱα,
468 2652 533 2687 ubi
553 2654 715 2689 eiectum
736 2667 797 2689 re-

151 2705 218 2742 diit
238 2707 277 2740 in
305 2718 412 2742 suam
445 2707 571 2744 sedem
609 2705 797 2756 ἀκούσας.

148 2761 248 2798 Illud
269 2760 320 2808 ὥς
341 2761 382 2800 ἐκ
410 2766 542 2801 κακῶν
567 2761 683 2814 ἐχάρη
714 2771 798 2802 tan-

149 2831 254 2870 quam
273 2831 315 2856 εκ
335 2818 438 2856 malis
458 2822 603 2868 gavisus
626 2825 688 2870 est,
717 2835 797 2859 non

844 1816 984 1856 purum
1003 1803 1116 1840 fuisse
1136 1799 1319 1852 gaudium
1346 1798 1500 1849 indicat,

844 1860 911 1898 sed
932 1860 1311 1912 quantulumcunque
1329 1864 1412 1908 post
1438 1859 1501 1893 in-

846 1919 1040 1968 opinatam
1067 1915 1160 1952 adeo
1191 1914 1340 1951 cladem
1368 1927 1390 1950 a
1410 1927 1501 1963 rege

846 1975 1008 2024 superbo
1028 1974 1156 2009 sentiri
1176 1971 1361 2021 poterat.“
1397 1970 1503 2007 Val-

847 2045 864 2068 c
875 2031 895 2067 k
906 2044 921 2068 e
933 2044 966 2067 η.
1000 2032 1056 2066 De
1067 2031 1268 2065 Persarum
1288 2028 1504 2078 principum

847 2088 1031 2124 concione
1048 2085 1148 2122 conf.
1168 2092 1264 2123 nott.
1286 2083 1334 2121 ad
1353 2085 1442 2129 VII,
1464 2085 1503 2123 8.

848 2145 992 2182 Vocem
1006 2142 1262 2192 συμβουλίην,
1279 2153 1374 2192 quae
1390 2140 1504 2175 etiam

848 2201 985 2250 legitur
1014 2200 1122 2247 VIII,
1168 2201 1266 2245 103,
1297 2197 1427 2233 notavi
1455 2194 1504 2231 ad

849 2259 915 2300 Ill,
931 2260 966 2296 1.
978 2255 1039 2292 Ad
1052 2249 1391 2306 μεταστησάμενος
1402 2252 1505 2289 conf.

849 2314 959 2360 vm,
980 2315 1046 2352 81.

908 2364 1006 2408 ἀλλά
1036 2364 1314 2419 βουλομένοισί
1343 2377 1414 2413 σφι
1443 2361 1506 2414 γέ-

850 2421 952 2465 νοιτ’
970 2421 1021 2463 ἂν
1050 2420 1250 2470 ἀπόδεξις]
1284 2424 1309 2461 i.
1332 2435 1364 2459 e.
1386 2421 1508 2456 luben-

851 2487 902 2520 ter
942 2495 976 2519 se
1012 2481 1050 2527 (i.
1085 2494 1117 2517 e.
1137 2478 1286 2527 Persas)
1327 2478 1429 2514 leuius
1457 2476 1509 2512 rei

851 2540 1088 2577 documentum
1108 2549 1177 2573 esse
1194 2535 1350 2579 daturos,
1378 2540 1419 2569 ut
1439 2545 1509 2568 ex-

852 2597 966 2646 plicat
1013 2591 1243 2642 Stephanus.
1300 2591 1365 2626 Tu
1407 2588 1508 2626 conf.

852 2650 989 2688 matth.
1020 2651 1085 2686 Gr.
1116 2650 1178 2684 Gr.
1202 2648 1239 2692 ξ.
1276 2649 1379 2692 388,
1443 2645 1510 2696 qui

852 2708 955 2745 idem
977 2707 1014 2749 ξ.
1037 2707 1115 2744 626
1133 2718 1170 2754 p-
1188 2706 1292 2743 1276
1315 2703 1509 2739 conflar-

854 2760 1099 2813 tung.Leh1-e
1119 2774 1152 2797 v.
1176 2758 1212 2796 d.
1235 2760 1300 2796 Gr.
1310 2761 1410 2796 Part.
1432 2760 1449 2794 I
1470 2772 1508 2808 p.

860 2824 933 2860 111
960 2817 1009 2855 ad
1028 2818 1143 2856 verba
1161 2818 1239 2856 νῦν
1263 2831 1312 2856 τε
1333 2810 1510 2868 συμβού-

1492 839 1653 867 Artemisia
1672 847 1738 866 sen-

1489 874 1613 901 tentiam
1630 876 1736 908 rogata
1738 899 1747 914 ‚
