1839 3292
237 632 337 677 118

63 697 146 725 fame
170 697 314 732 compulsi

62 732 173 758 Persae
191 735 278 757 noctu
287 738 325 757 au

63 766 201 798 fugiunt:

63 799 263 826 Athenienses
309 807 340 825 e-

61 836 107 860 sto
125 833 290 868 potiuntur.

232 1244 332 1290 119
392 1250 436 1292 οἱ
465 1248 510 1291 δὲ
539 1248 618 1304 τὴν
651 1249 781 1293 πόλιν
811 1249 937 1307 εἶχον.
975 1251 1188 1308 Οἰόβαζον
1216 1252 1295 1307 μέν
1323 1268 1408 1295 νυν
1437 1249 1658 1307 ἐκφυγόν·
1715 1256 1795 1298 745

394 1333 447 1361 τα
478 1318 519 1368 ἐς
538 1317 620 1373 τήν
654 1321 849 1377 Θρηΐκην
883 1319 1066 1378 Θρήϊκες
1091 1319 1311 1373 Ἀψίνθιοι
1334 1318 1543 1377 λαβόντες
1564 1319 1716 1363 {Ru-70

62 1310 252 1344 Fugientium
268 1318 339 1346 pars

61 1353 79 1372 a
96 1345 267 1373 Thracibus
287 1351 337 1373 ca-

237 765 279 791 ita
303 772 342 791 ue

397 190 482 232 368

793 189 1256 227 HERODOTI

401 298 459 345 ου’
506 297 742 354 δυνάμενοι
789 299 943 351 ἐξελεῖν
981 299 1030 342 τό
1071 303 1227 355 τεῖχος,
1285 299 1457 345 ἐδέοντό
1498 317 1542 344 τε
1572 304 1661 345 τῶν

399 371 652 424 στρατηγῶν
682 368 794 418 ὅκως
828 365 1037 420 οἷπάγοιέν
1066 378 1200 422 σφεας
1231 366 1389 411 ὀπίσω·
1428 371 1471 412 οἱ
1500 370 1546 413 δὲ
1576 369 1661 414 οὐκ

397 436 566 490 ἔφασαν
582 469 592 486 ,

396 570 628 626 παρεόντα.

398 774 511 818 νέων
562 774 787 819 ἐσιτέοντο.

675 435 780 488 πρὶν
816 435 843 490 ἢ
884 432 1078 486 ἐξέλωσι,
1134 433 1163 489 ἢ
1206 435 1253 479 τὸ
1290 434 1534 492 Ἀθηναίων
1571 454 1663 482 κοι-

397 503 477 546 νόν
524 515 660 557 σφεας
706 503 1041 560 μεταπέμψηται.

1119 502 1234 547 οὕτω
1275 506 1327 561 δη
1371 505 1572 560 ἔστεργον
1606 504 1714 548 τάὃο

512 640 566 681 Οἱ
597 637 631 682 δ’
660 639 707 682 ἐν
736 642 796 696 τῷ
826 639 952 694 τείχεϊ
990 639 1031 688 ἐς
1060 642 1150 682 πᾶν
1175 639 1258 696 ἤδη
1298 643 1443 683 κακοῦ
1481 639 1661 694 ἀπιγμέ-

397 722 469 750 νοι
496 701 628 762 ἦσαν,
660 706 775 751 οὕτω
807 707 914 751 ὥστε
932 706 1038 757 τούς
1066 706 1224 758 τόνους
1251 708 1426 759 ἕψοντες
1456 712 1544 751 τῶν
1573 712 1659 751 κλι-

845 776 936 819 ἐπεί
965 792 1009 818 τε
1039 776 1085 818 δὲ
1119 775 1222 819 οὐδὲ
1252 780 1387 820 ταῦτα
1426 776 1487 820 ἔτι
1529 774 1658 831 εἶχον,

398 842 512 886 οὕτω
544 842 596 897 δὴ
624 840 711 884 ὑπὸ
740 841 878 885 νύκτα
909 845 1102 899 οἴχονται
1123 843 1395 898 ἀποδράντες
1419 846 1465 887 οἵ
1491 860 1533 887 τε
1555 844 1660 898 Πέρ-
1672 851 1716 886 65

396 923 469 954 σαι
498 911 572 953 καὶ
593 910 615 952 ὁ
644 906 905 966 Ἀρταΰκτης
944 913 1019 954 καὶ
1048 911 1071 955 ὁ
1109 911 1338 968 Οἰόβαζος,
1383 915 1539 956 ὄπισθε
1577 915 1660 955 τοῦ

365 979 552 1033 Ξτείχεος
584 975 868 1031 καταβάντες,
897 983 950 1036 τῇ
981 975 1034 1036 ἦν
1063 979 1330 1036 ἐρημότατον
1358 983 1446 1023 τῶν
1474 982 1661 1037 ῖπολεμί-

395 1062 468 1089 ων.
500 1045 558 1096 ὠς
592 1045 637 1087 δὲ
667 1043 802 1101 ἡμέρη
833 1045 1010 1101 ἐγένετο,
1042 1049 1086 1091 οἱ
1120 1052 1434 1104 Χερσονησῖται
1465 1046 1548 1091 ἀπὸ
1573 1052 1661 1091 τῶν

394 1111 578 1167 πύργων
607 1111 826 1169 ἐσήμηναν
854 1120 966 1159 τοῖσι
994 1116 1260 1172 Ἀθηναίοισι
1289 1117 1338 1159 τὸ
1364 1115 1555 1171 γεγονὸς,
1587 1117 1661 1159 καὶ

395 1179 473 1232 τὰς
502 1179 644 1232 πύλας
673 1180 855 1233 ἄνοιξαν
883 1188 973 1227 τῶν
1005 1184 1050 1228 δὲ
1082 1183 1222 1239 οἱμὲν
1251 1187 1433 1235 πλεῦνες
1463 1184 1660 1236 ἐδίωκον,

393 1548 574 1603 ἔστεργον
600 1547 649 1590 τοὶ
671 1545 888 1601 παρεόντα]
910 1552 936 1589 i.
959 1565 992 1590 e.

331 1612 548 1659 praesentem
574 1620 688 1645 rerum
720 1611 850 1645 statum
885 1622 994 1659 aequo

335 1665 495 1702 tulerunt
511 1667 639 1712 animo,
659 1667 810 1701 contenti
831 1670 943 1713 erant,
963 1680 992 1704 S.

330 1723 573 1773 praesentibus
605 1723 864 1771 acquieverunt.
936 1724 994 1759 De

336 1779 443 1816 verbi
483 1777 656 1829 στέργειν
683 1778 870 1815 structura
905 1792 995 1816 cum

339 1843 474 1887 quarto
509 1848 598 1872 casu
623 1841 707 1886 post
737 1835 917 1873 Gataker.
947 1835 995 1873 ad

335 1893 522 1929 Antonin.
542 1894 599 1928 De
619 1905 658 1929 se
677 1893 748 1941 ips.
760 1891 889 1940 vl‚44
908 1906 997 1930 mo-

334 1956 500 1986 nuerunt
518 1947 654 1986 Matth.
676 1950 741 1988 Gr.
774 1950 840 1986 Gr.
862 1951 897 1995 §.
915 1951 995 1990 399

333 2013 413 2043 not.
450 2009 477 2046 2
506 2019 544 2056 p.
569 2007 650 2046 730
681 2012 718 2042 et
747 2006 920 2043 Voemel.
947 2005 996 2043 ad

334 2061 533 2101 Demosth.
555 2060 669 2101 Phffl.
691 2064 726 2099 II
748 2064 786 2109 ξ.
814 2065 878 2103 19.
910 2064 996 2101 An-

333 2127 431 2158 nott.
459 2133 498 2172 p.
527 2121 596 2160 27.

520 2209 571 2246 Ca
576 2223 613 2261 p.
637 2210 808 2250 CXVIII.

389 2285 487 2328 ὥστε
519 2286 614 2336 τούς
650 2285 791 2336 τόνους
826 2287 993 2338 ἕψοντες

330 2348 410 2385 τῶν
430 2343 625 2395 κλινέων]
657 2342 798 2394 ,,τόνοι
819 2349 898 2384 τῶν
909 2349 994 2385 κλι-

332 2402 435 2442 νέων
460 2403 578 2449 nervi,
600 2402 736 2440 lectulis
758 2406 789 2439 et
815 2402 910 2439 sellis
933 2405 992 2439 in-

333 2460 512 2497 tendenda&
543 2459 688 2506 habiles,
729 2460 864 2512 quibus
885 2460 991 2495 elixis

334 2524 370 2553 et
391 2518 478 2567 igne.
498 2517 651 2553 mollitis
672 2516 815 2552 famem
837 2515 991 2552 domare

332 2574 549 2610 nitebantur
575 2574 716 2615 miseri,
788 2571 874 2610 Vid.
905 2574 992 2609 Pol-

332 2631 407 2668 luc.
425 2633 473 2677 X,
487 2632 581 2671 37.“
597 2627 684 2667 'We
697 2644 765 2667 sse
778 2630 790 2666 l
803 2632 892 2678 ing.
914 2631 993 2667 Vo—

333 2700 419 2723 cem
451 2690 686 2736 Χερσονῖται
724 2689 861 2723 excitat
903 2688 992 2724 Ste-

333 2741 447 2793 phan.
494 2745 587 2794 Byz.
626 2757 657 2781 s-
704 2758 740 2782 v.
770 2756 857 2794 pag.
897 2744 992 2784 756-

335 2820 383 2827 -
419 2796 674 2852 Χερρόνησος
732 2800 809 2841 vid.
848 2799 990 2838 Herod.

1049 1552 1113 1599 VI,
1148 1553 1200 1593 39
1234 1558 1271 1588 et
1308 1552 1378 1597 IX,
1406 1553 1496 1600 120,
1535 1551 1601 1589 ubi
1630 1551 1717 1588 libri

1050 1610 1247 1656 fluctuant,
1278 1614 1314 1645 et
1349 1609 1449 1645 conf.
1479 1609 1653 1647 Voemel.
1683 1609 1709 1645 l.

1050 1667 1076 1704 l.-
1098 1680 1137 1717 p.
1159 1667 1226 1705 39.

1259 1755 1353 1807 Cap.
1374 1756 1516 1793 CXIX.

1116 1830 1359 1885 Ἀψίνθιοι]
1419 1834 1505 1873 vid.
1545 1835 1607 1884 VI,
1641 1832 1709 1875 34.

1054 1892 1304 1943 Πλείστωρος
1337 1893 1403 1943 qui
1431 1892 1555 1940 fuerit,
1588 1905 1709 1943 aeque

1050 1950 1186 1999 ignoro
1207 1956 1320 2000 atque
1336 1950 1568 1999 WVesseliug.
1580 1970 1631 1976 —
1645 1947 1707 1984 Ad

1050 2007 1285 2043 locutionem
1307 2005 1348 2045 οἱ
1365 2003 1408 2044 δὲ
1425 2001 1528 2057 ἀμφὶ
1543 2001 1707 2056 τὸνἈρ-

1051 2059 1226 2113 ταΰκτην
1251 2063 1352 2100 conf.
1382 2064 1451 2110 IX,
1491 2063 1558 2103 57.
1614 2063 1707 2098 Mox

1052 2133 1142 2157 cum
1162 2126 1319 2156 recentt.
1336 2118 1437 2155 edidi
1456 2118 1540 2158 καὶ
1559 2116 1613 2165 (ὅς
1634 2133 1706 2156 κα-

1050 2173 1357 2227 τελαμβάνοντο,
1389 2175 1454 2211 nbi
1480 2175 1706 2226 particulam

1050 2232 1129 2281 καὶ,
1152 2246 1268 2285 quam
1280 2233 1449 2284 plerique
1460 2231 1568 2268 codd.
1585 2244 1707 2282 agno-

1046 2297 1168 2339 scunt,
1189 2290 1441 2340 neglexerunt
1462 2287 1656 2327 Schaefer.
1671 2295 1707 2325 et

1047 2345 1181 2383 matth.
1205 2368 1257 2374 —
1287 2345 1349 2382 Ad
1370 2346 1484 2381 verba
1505 2343 1605 2397 ὑπὲρ
1631 2345 1707 2384 Αἶ-

1047 2399 1116 2455 γός
1143 2405 1333 2452 ποταμῶν
1359 2403 1591 2452 W'esseling.
1612 2415 1706 2438 con-

1047 2461 1135 2496 ferri
1157 2460 1236 2496 vult
1258 2458 1504 2510 Oudendorp.
1526 2458 1573 2495 ad
1585 2461 1706 2495 Fron—

1047 2518 1115 2554 tin.
1142 2518 1187 2563 ΙΙ,
1216 2519 1248 2563 1,
1279 2519 1336 2556 18.
1395 2517 1461 2552 Tu
1493 2516 1594 2554 conf.
1624 2517 1706 2551 Xe-

1048 2572 1166 2624 noph.
1201 2574 1352 2610 Hellen.
1391 2574 1438 2621 11,
1474 2575 1507 2620 1,
1545 2575 1608 2613 13.
1641 2571 1702 2611 14.

1047 2632 1138 2667 Mel.
1169 2631 1215 2677 ΙΙ,
1244 2633 1268 2669 2
1300 2631 1336 2675 ξ.
1359 2633 1400 2670 7.
1458 2629 1605 2680 Scylac.
1629 2629 1705 2664 Pe-

1048 2689 1131 2738 ripl.
1154 2688 1190 2731 ξ.
1214 2688 1265 2726 63
1276 2701 1311 2737 p.
1329 2688 1381 2726 QS
1412 2685 1532 2723 Huds.
1555 2685 1704 2722 cornel.

1047 2747 1142 2795 Nep,
1175 2746 1268 2780 Con.
1303 2744 1436 2792 lLys.
1469 2745 1503 2782 1.
1562 2744 1606 2778 In
1627 2741 1703 2776 fine

1049 2814 1131 2853 cap.
1162 2801 1336 2839 revocavi
1356 2795 1471 2852 ἦγον,
1499 2799 1604 2837 cuius
1618 2798 1703 2834 loco
