1839 3292
232 213 317 254 402
791 212 1174 252 COMMENTATIO

231 323 298 376 qui
321 325 437 376 vulgo
457 332 644 362 vocantur
672 324 919 377 logographi,
955 326 1021 377 qui
1047 326 1193 363 fabulas
1227 327 1434 380 antiquitus
1458 324 1613 365 traditas
1641 324 1730 365 lite-

232 382 280 418 ris
320 388 362 419 ut
406 383 674 432 consignarent
714 394 837 433 eoque
877 381 994 419 modo
1039 384 1262 433 posteritatis
1300 385 1507 422 memoriae
1537 383 1730 422 traderent

231 451 354 491 quum
377 440 491 475 unice
515 440 586 475 sibi
606 439 909 489 proposuissent,
940 440 979 475 in
1001 440 1126 490 ipsum
1149 453 1279 476 rerum
1299 442 1352 478 sic
1373 441 1595 479 traditarum
1615 453 1729 492 argu-

229 502 406 532 mentum
445 496 605 531 minime
641 495 911 547 inquisieraut‘,
946 497 1033 533 satis
1062 494 1267 544 habentes,
1319 511 1384 546 ea,
1414 511 1512 550 quae
1543 511 1609 536 ore
1639 504 1729 536 tan-

231 558 314 589 tum
334 551 459 588 adhuc
480 550 617 588 tradita
642 559 771 600 erant,
811 554 956 604 scriptis
982 553 1163 590 mandata
1187 555 1344 604 posteris
1383 554 1545 596 tradere.
1600 555 1728 601 Quam

229 607 557 659 logographorum
594 611 781 646 rationem
816 611 895 646 iam
930 612 1164 647 Hecataeum
1195 609 1483 662 quodammodo
1519 611 1728 649 deseruisse

228 666 371 702 indicat
400 665 643 716 prooemium
672 665 767 703 illud
801 667 923 717 operis
955 667 1057 718 apud
1087 668 1256 704 Demetr.
1287 667 1334 704 de
1364 668 1515 705 Elocut.
1537 669 1575 713 §.
1601 671 1652 709 12
1667 667 1726 706 his

228 723 352 760 verbis
374 730 625 773 conceptum:
652 721 867 771 ‘Enatcziog
896 720 1102 775 Μιλήσιος
1135 718 1211 763 ὦδε
1236 727 1445 773 μυθεῖται·
1474 721 1523 763 ta*
1554 721 1597 764 δὲ
1626 721 1728 776 γρά-

229 793 318 829 φω,
350 775 403 826 ὥς
433 794 501 830 μοι
533 774 686 830 ἀληθέα
714 778 842 819 δοκέει
872 776 996 819 εἶναι·
1036 780 1078 820 οἱ
1104 779 1178 833 γιὶρ
1206 778 1408 831 Ἑλλήνων
1437 777 1549 833 λόγοι
1585 781 1728 821 πολλοί

227 850 269 875 τε
298 834 367 874 καὶ
399 838 569 889 γελοῖοι,
613 834 666 883 ὥς
699 835 788 887 ἐμοὶ
825 837 1060 886 φαίνονται,
1102 836 1217 878 εἰσίν.
1289 839 1394 883 Quae
1433 851 1524 875 sane
1555 836 1727 876 indicant

224 892 417 943 scriptoris
447 893 621 929 animum
650 905 672 929 a
691 894 851 944 receptis
879 895 1205 945 superstitionibus
1224 895 1387 932 liberum
1409 902 1446 932 et
1467 895 1546 933 veri
1572 895 1728 932 iuveni-

227 948 318 986 endi
349 948 585 997 studiosum,
634 949 835 1001 ingenium
856 963 941 988 acre
962 958 999 988 et
1019 952 1149 988 sollers
1182 953 1222 988 in
1251 952 1468 989 fabularum
1497 950 1724 989 traditarum

226 1006 459 1055 farraginem
496 1006 693 1058 inquirens
730 1020 895 1059 eamque
937 1007 1173 1045 diiudicatis:
1213 1007 1308 1046 adeo
1347 1015 1391 1045 ut
1419 1015 1573 1046 auctore
1602 1009 1726 1046 Creu-

226 1075 313 1100 zero
331 1061 371 1111 ἢ)
401 1064 637 1100 Hecataeum
652 1077 781 1100 rerum
800 1065 1022 1116 scriptorem
1043 1067 1203 1102 criticum
1222 1067 1353 1117 utique
1373 1078 1510 1103 vocare
1525 1066 1725 1116 possimus,

225 1120 447 1171 praesertim
476 1133 567 1157 cum
596 1121 668 1156 alia
696 1134 870 1174 quoque,
914 1121 1051 1158 eodem
1083 1121 1244 1159 docente
1272 1123 1460 1158 Creuzero
1477 1151 1488 1169 ,
1525 1121 1724 1171 accedant,

226 1190 248 1213 e
268 1177 406 1229 quibus
425 1177 535 1214 crisin
556 1177 751 1229 quandam
770 1179 880 1214 illum
909 1177 1086 1216 historiae
1107 1178 1322 1216 adhibuisse
1340 1179 1553 1216 luculenter
1581 1186 1724 1229 pateat.

224 1232 466 1271 Herodotum
482 1233 620 1271 eodem
646 1236 754 1272 titulo
788 1237 880 1287 quiu
903 1248 1105 1284 ornemus,
1135 1237 1191 1272 nii
1210 1235 1345 1284 video,
1377 1234 1480 1288 quod
1509 1235 1649 1284 obstet3
1680 1242 1725 1272 ut

225 1290 266 1326 iu
288 1303 364 1343 quo
384 1293 566 1342 scriptore
582 1293 712 1329 omnia
733 1300 986 1341 concurrunt,
1019 1306 1116 1345 quae
1133 1296 1272 1343 patrem
1289 1294 1456 1330 historiae
1477 1293 1587 1329 illum
1613 1305 1724 1331 sum-

223 1360 290 1384 mo
311 1348 393 1384 iure
407 1349 536 1385 vocari
559 1350 752 1387 evincunt.
811 1350 940 1395 Quum
961 1351 1064 1386 enim
1084 1351 1218 1401 prioris
1238 1351 1368 1387 aetatis
1403 1348 1599 1387 historiam
1633 1362 1724 1400 per-

224 1405 403 1441 scribenti
423 1404 471 1442 ad
491 1407 757 1458 antiquitatem
777 1414 872 1444 esset
892 1406 1191 1458 regrediuudum
1204 1437 1214 1456 ,
1245 1420 1343 1459 quae
1377 1420 1456 1443 non
1487 1407 1558 1443 nisi
1579 1420 1600 1443 e
1633 1418 1723 1443 mo-

223 1462 439 1509 numentis,
468 1464 618 1514 templis
634 1492 644 1511 ‚
678 1464 930 1512 carminibus,
961 1464 1097 1501 fabulis
1123 1465 1303 1515 cognosci
1321 1470 1480 1515 poterat,
1495 1459 1565 1512 Η)
1596 1465 1722 1500 Hero-

225 1516 336 1555 dotus
369 1526 553 1570 quatenus
590 1533 688 1572 quae
719 1519 766 1557 de
795 1520 851 1558 his
881 1519 1018 1558 tradita
1038 1522 1183 1559 invenit
1201 1523 1451 1573 accepitque,
1486 1520 1603 1557 literis
1623 1532 1722 1557 con-

223 1575 387 1625 signavit
407 1582 443 1612 et
464 1577 529 1628 qui
549 1577 768 1614 ferebantur
783 1574 906 1629 λόγοι,
938 1591 1002 1615 eos
1028 1578 1069 1613 in
1095 1591 1210 1615 suum
1230 1579 1356 1616 retulit
1377 1591 1493 1628 opus,
1523 1578 1604 1628 ipse
1621 1590 1723 1630 quo-

224 1630 432 1668 dammodo
453 1630 717 1685 λογογράφων
741 1635 781 1670 in
801 1647 963 1671 numero
986 1636 1067 1670 iure
1088 1633 1264 1672 habetur.
1318 1636 1453 1686 Neque
1482 1646 1573 1671 vero
1603 1635 1644 1670 in
1674 1646 1721 1670 eo

223 1689 424 1740 acquievit,
444 1689 484 1725 in
525 1702 602 1741 quo
633 1691 776 1741 priores
805 1688 1082 1743 λογογράφους
1115 1698 1202 1728 ante
1231 1693 1357 1742 ipsum
1377 1691 1581 1728 substitisse
1600 1688 1720 1728 modo

223 1743 412 1794 diximus,
461 1745 528 1783 sed
555 1748 718 1798 amplius
746 1748 787 1784 in
815 1760 946 1785 rerum
966 1747 1190 1785 traditarum
1209 1761 1354 1784 nexum
1384 1760 1592 1798 causasque
1622 1753 1659 1784 et
1677 1747 1720 1784 in

223 1814 331 1850 eam,
371 1814 471 1854 quae
500 1802 591 1840 inde
619 1804 828 1853 enascitur,
863 1818 993 1841 rerum
1019 1812 1213 1855 gestarum
1234 1806 1433 1843 veritatem
1466 1803 1720 1856 ordinemque

221 1858 497 1911 inquirendum
517 1867 618 1897 ratus
635 1874 655 1897 a
681 1862 850 1911 priorum
870 1863 1098 1913 scriptorum
1119 1863 1179 1899 via
1200 1863 1366 1899 multum
1387 1860 1572 1906 discessit,
1593 1873 1719 1913 eoque

222 1915 306 1966 ipso
323 1915 486 1953 ostendit
509 1930 642 1954 veram
663 1916 840 1955 historiae
859 1921 1056 1956 notionem
1075 1933 1115 1956 se
1139 1920 1267 1957 auimo
1289 1920 1511 1970 impressam
1528 1916 1718 1956 habuisse.

220 1971 334 2009 Unde
365 1985 456 2010 sane
485 1987 602 2011 nemo
628 1975 827 2012 mirabitur
854 1976 894 2012 in
911 1977 976 2013 tali
995 1977 1176 2028 scriptore
1206 1979 1297 2014 artis
1316 1978 1462 2013 criticae
1489 1975 1596 2012 initia
1616 1975 1717 2012 bene

221 2030 400 2080 cognosci
420 2043 543 2080 posse.
600 2031 712 2069 Conf.
733 2039 830 2070 nott.
852 2032 900 2070 ad
928 2034 991 2081 IV,
1016 2036 1094 2074 173
1116 2048 1155 2085 p.
1181 2035 1274 2082 583,
1294 2033 1357 2080 IV,
1384 2033 1457 2071 179
1483 2045 1521 2083 p.
1544 2032 1639 2073 591.
1661 2032 1714 2069 T.

219 2087 269 2123 Il·
298 2093 335 2123 et
361 2087 443 2135 VII,
472 2089 527 2127 20
560 2102 598 2138 Ρ.
618 2087 700 2129 474
722 2089 773 2126 Τ.
793 2091 860 2129 ΙΠ.
919 2091 1017 2127 Cum
1047 2091 1163 2141 igitur
1181 2092 1261 2128 veri
1280 2088 1446 2127 historici
1464 2094 1602 2140 partes,
1638 2086 1714 2126 hoc

219 2141 338 2181 modo
370 2156 460 2182 vera
486 2156 510 2181 a
538 2144 639 2183 falsis
664 2146 893 2198 seiungens,
924 2148 1077 2199 explere
1107 2146 1292 2185 studuerit
1315 2148 1472 2196 Noster,
1507 2145 1715 2198 quaeritur,

310 2345 437 2426 *35Die
461 2345 581 2380 histor.
605 2345 719 2381 Kunst
741 2347 802 2380 der
820 2346 961 2381 Griech.
979 2358 1057 2392 pag.
1084 2348 1128 2381 86
1151 2346 1225 2380 coll.
1240 2348 1296 2382 78.
1346 2346 1515 2391 Fragmm.
1539 2345 1712 2381 historice.

218 2403 298 2437 pag⁴
370 2417 378 2425 .

308 2461 353 2505 ⁸‘)
369 2459 457 2494 Hinc
480 2464 547 2494 tam
573 2459 688 2494 sedulo
713 2460 865 2501 donaria,
890 2464 1060 2505 portenta,
1086 2460 1221 2494 oracula
1246 2460 1356 2494 ubivis
1379 2464 1562 2495 recenset:
1587 2461 1713 2506 quippe

217 2506 305 2540 unde
330 2506 518 2540 narrationi
543 2518 585 2539 ex
610 2511 708 2550 parte
732 2507 817 2540 fides
843 2512 917 2540 erat
942 2507 1158 2543 adstruenda.
1183 2507 1383 2550 praesertim
1406 2507 1440 2540 in
1472 2508 1574 2542 rebus
1599 2508 1711 2541 dubiis

217 2557 278 2585 aut.
302 2553 397 2586 vario
422 2553 519 2586 modo
543 2553 688 2588 traditis.
739 2553 838 2587 Conf.
864 2553 961 2586 modo
985 2552 1014 2593 I,
1039 2553 1091 2586 50.
1118 2554 1173 2586 52.
1199 2554 1254 2586 92.
1280 2554 1326 2593 ΙΙ,
1351 2553 1395 2587 44
1419 2565 1461 2586 ne
1481 2554 1589 2597 plura.
1616 2554 1711 2587 Bene

217 2597 304 2630 dixit.
328 2598 511 2632 Meierotto
535 2599 763 2644 inscriptione
787 2611 862 2632 mox
886 2599 1055 2632 laudanda
1080 2611 1112 2643 p.
1134 2600 1213 2638 60⁵2,
1239 2600 1326 2633 603:
1352 2600 1446 2641 „Les
1471 2600 1626 2640 Oracles,
1649 2610 1710 2632 ac-

218 2644 354 2688 complis
379 2656 422 2678 ou
445 2656 523 2687 non,
550 2647 626 2678 n'en
651 2645 778 2680 etoient
802 2657 862 2690 pas
885 2645 990 2678 moins
1015 2645 1056 2678 de
1079 2645 1250 2678 nouvelles
1272 2656 1410 2679 sources
1435 2645 1640 2690 historiques
1665 2643 1709 2678 οὺ

216 2688 282 2722 l'on
307 2690 431 2734 puisoit
455 2703 493 2724 ce
516 2691 572 2736 qui
598 2691 694 2725 avoit
717 2692 761 2724 du
785 2695 860 2725 ecre
883 2703 928 2724 un
952 2692 1045 2735 objet
1061 2690 1103 2724 de
1126 2691 1309 2724 recherche
1330 2696 1365 2724 et
1382 2691 1523 2725 devenir
1546 2703 1589 2724 un
1614 2690 1710 2735 prin-

217 2734 292 2778 cipe
324 2735 471 2769 d’action
504 2748 590 2780 pour
621 2737 681 2770 des
705 2739 794 2771 etats
829 2737 955 2771 entiers
990 2749 1032 2770 ou
1067 2748 1153 2782 pour
1182 2738 1240 2770 (ies
1274 2748 1503 2782 personnages
1533 2737 1709 2777 celebrem

217 2782 246 2812 c’
271 2780 396 2814 etoient
420 2782 479 2815 des
503 2787 613 2816 textes
637 2783 873 2817 d'evenemens
896 2783 1049 2826 toujours
1074 2785 1217 2816 enonces
1241 2783 1325 2816 dans
1349 2784 1380 2817 le
1401 2783 1491 2829 style
1512 2781 1625 2817 favori
1647 2781 1709 2816 des

217 2827 348 2860 Grccs:
371 2826 545 2862 Herodote
568 2840 611 2862 ne
633 2830 770 2874 pouvoit
797 2830 883 2864 donc
905 2829 954 2864 les
977 2840 1098 2875 passer
1119 2840 1198 2864 sous
1221 2829 1382 2864 silence.“
