1839 3292
25 809 90 855 65

544 222 844 259 URAN1A.
904 221 1038 258 v111.
1366 225 1422 263 85

157 334 248 389 ἅμα
287 336 348 391 τῷ
387 331 495 389 ἡλίῳ
528 328 695 373 ἀνιόντι
727 328 901 384 σεισμὸς
937 327 1101 383 ἐγένετο
1133 328 1180 371 ἓν
1208 343 1253 371 τε
1282 330 1335 386 τῇ
1364 330 1422 385 γῇ

154 401 227 445 καὶ
263 404 316 457 τῇ
345 397 561 454 θαλάσσῃ.
621 397 737 448 ἔδοξε
771 397 816 440 δέ
854 408 933 452 σφι
964 397 1175 448 εὔξασθαι
1206 400 1321 438 τοῖσι
1349 400 1423 438 θε-

125 473 264 519 3οῖσι,
294 466 367 510 καὶ
398 465 740 509 ἐπικαλέσασθαι
770 462 872 514 τούς
909 465 1122 514 Αἰακίδας
1153 462 1420 518 συμμάχους.
1435 467 1479 503 15

153 535 212 587 ὦς
242 535 287 579 δέ
316 546 396 591 σφι
417 533 548 585 ἔδοξε,
578 532 651 576 καὶ
681 531 856 575 ἐποίευν
885 536 1036 575 ταῦτα.
1080 529 1309 585 εὐξάμενοι
1337 530 1421 585 γὰρ

153 608 260 648 πᾶσι
297 607 406 646 τοῖσι
452 606 610 652 θεοῖσι,
642 598 834 643 αὐτόθεν
863 598 942 654 μὲν
983 600 1029 642 ἐκ
1059 603 1316 653 Σαλαμῖνος
1345 598 1423 639 Αἴ-

155 670 264 716 αντά
292 686 336 713 τε
365 669 437 713 καὶ
473 671 710 723 Τελαμῶνα
741 666 1049 711 ἐπεκαλέοντο·
1082 667 1149 709 ἐπὶ
1180 666 1224 709 δὲ
1254 664 1422 708 Αἰακὸν

153 740 226 784 καὶ
254 737 357 788 τούς
386 737 545 788 ἄλλους
579 737 792 786 Αἰακίδας
832 738 915 792 νῆα
945 734 1207 778 ἀπέστελλον
1235 733 1278 784 ἐς
1305 735 1421 788 Αἴγι-

154 823 248 852 ναν.
292 805 411 861 ’Έφη
462 805 508 848 δὲ
546 809 729 854 Δικαῖος
774 803 797 847 ὁ
843 801 1099 853 Θεοκύδεος,
1140 800 1251 857 ἀνήρ
1297 799 1726 856 Ἀθη-ΞΟΡυινῑεριᾳωοι-

153 879 298 925 ναῖος,
338 869 483 929 φυγάς
512 888 556 914 τε
595 872 668 915 καὶ
697 870 816 926 παρὰ
848 869 1044 926 Μήδοισι
1081 868 1259 925 λόγιμος
1297 866 1420 922 γενό-
1475 849 1717 939 ,ἶᾶῗὲιιᾞῗῖἶῃὲῑῗῖη

152 958 280 998 μενος
312 944 471 984 τοῦτον
499 939 578 983 τόν
605 939 788 996 χρόνον·
840 938 932 982 ἐπεί
973 953 1017 981 τε
1062 937 1246 991 ἐκείρετο
1277 932 1414 990 ἡἈτ-
1472 916 1749 1007 ὲτῖἰιιᾙ,ῐξί1’ῑῐῖι“ῗιέχ”

150 1009 246 1065 τικὴ
288 1006 405 1064 χώρη
447 1006 534 1051 ὑπὸ
575 1011 654 1050 τοῦ
684 1008 813 1059 πεζοῦ
846 1008 1032 1060 στρατοῦ
1062 1007 1144 1048 τοῦ
1175 1002 1357 1057 Ξέρξεω,
1380 1002 1418 1045 ἐ-
1475 983 1750 1041 tgndcssftentupor-

152 1080 264 1120 οῦσα
293 1076 450 1132 ἐρῆμος
511 1074 776 1131 Ἀθηναίων,
807 1079 949 1129 τυχεῖν
978 1072 1073 1116 τότε
1103 1071 1188 1114 ἐών
1217 1071 1304 1127 ἅμα
1335 1074 1419 1126 Aq-

150 1143 328 1202 μαρήτῳ
367 1148 428 1200 τῷ
467 1144 798 1198 Λακεδαιμονίῳ
848 1141 895 1184 ἐν
933 1144 993 1199 τῷ
1036 1141 1230 1197 Θριασίῳ
1261 1139 1474 1194 πεδίῳ-25

152 1214 260 1256 ἰδεῖν
301 1212 347 1255 δὲ
383 1212 618 1266 κονιορτόν
657 1208 878 1266 χωρέοντα
918 1207 1003 1252 ἄπὸ
1040 1207 1306 1259 Ἐλευσῖνος,
1358 1204 1417 1257 ὠς

99 1351 240 1399 sendus,
278 1357 319 1387 ut
339 1351 378 1398 Ι,
415 1352 511 1397 110,
543 1356 613 1389 etc.
657 1346 755 1389 α’πέ-

99 1410 256 1446 στελλον
295 1406 406 1443 dabat
440 1405 632 1443 Mediceus
665 1420 754 1444 cum

99 1465 178 1501 aliis
190 1476 257 1514 pro
270 1463 373 1512 vulg,
392 1457 635 1509 ἀπέστειλαν,
651 1462 755 1515 quod

96 1519 212 1558 habet
241 1520 356 1556 etiam
404 1517 534 1559 Schol.
574 1521 754 1570 Hermog.

95 1590 183 1628 pag.
204 1576 285 1618 407
302 1605 311 1623 ‚
344 1576 408 1628 qui
427 1589 532 1627 seqq.
559 1577 647 1613 citat
666 1590 752 1627 pag.

96 1635 190 1673 890.
266 1633 477 1684 Utramque
527 1634 754 1683 scripturam

95 1687 210 1726 habet
225 1689 463 1726 Florentinus
484 1689 578 1727 liber
599 1697 635 1727 et
665 1691 753 1743 qui-

95 1744 185 1783 dem
205 1746 251 1782 ab
278 1745 414 1782 effidem
434 1759 567 1785 mauu.

299 1803 390 1853 Cap.
418 1803 534 1840 LXV.

137 1856 248 1909 ’Έφη
269 1856 311 1897 δὲ
332 1862 497 1906 Δικαῖος
519 1875 556 1898 κ.
576 1875 609 1898 τ.
622 1860 673 1907 λ.]
689 1861 751 1896 Ex

95 1914 287 1952 Herodoto
308 1914 431 1953 hausit
451 1914 579 1953 Schol.
602 1915 650 1953 ad
663 1918 750 1953 Ari-

95 1970 218 2022 stoph.
239 1972 337 2009 Nub.
350 1974 430 2012 302
452 1974 537 2013 con,
557 1972 750 2010 Plutarchi

94 2027 346 2065 Themistocl.
389 2028 437 2068 15
478 2030 560 2069 init.
594 2043 632 2080 p,
671 2032 749 2070 119

93 2086 139 2125 Ε.
154 2115 163 2132 ‚
184 2084 366 2131 Aristide,
401 2086 465 2135 qui
485 2093 639 2122 notante
660 2086 751 2122 Val-

95 2139 268 2178 ckeuaer.
301 2141 467 2191 pluribus
505 2143 596 2179 locis
636 2141 746 2179 huius

93 2199 147 2234 rei
174 2199 348 2233 meminit
375 2198 392 2232 Ι
428 2212 465 2248 p.
497 2198 562 2239 55.
588 2199 682 2239 451,
713 2200 748 2235 II

94 2267 131 2304 p.
154 2254 233 2294 350
264 2255 344 2301 (ubi
377 2254 476 2293 conf.
500 2254 628 2292 Schol.
658 2268 745 2306 pag.

95 2309 172 2350 251
194 2309 415 2361 Frommel,)
441 2312 458 2346 I
478 2325 516 2361 p.
538 2311 618 2351 248
636 2341 645 2359 ‚
681 2313 747 2348 ubi

95 2365 227 2402 itidem
241 2368 349 2417 plura
368 2367 406 2402 in
426 2366 574 2405 scholiis
590 2381 676 2418 pag.
693 2367 745 2408 65

97 2421 298 2471 Frommel,
316 2436 412 2475 quae
428 2437 475 2460 ex
485 2432 588 2475 parte
605 2426 749 2461 excita-

97 2484 201 2514 verat
225 2478 344 2517 Creuz.
366 2480 405 2516 iu
422 2480 653 2519 Commeutt.
669 2483 751 2517 He-

97 2532 205 2570 rodd.
227 2547 263 2584 p.
284 2535 376 2575 234.

167 2588 249 2628 ἐπεί
286 2605 325 2629 τε
358 2590 523 2643 ἐκείρετο
553 2607 589 2632 κ.
629 2608 660 2631 τ.
694 2594 749 2642 λ.]

96 2646 230 2695 Attigit
251 2646 419 2684 Eustath.
449 2648 496 2686 ad
524 2650 568 2686 Il.
593 2663 632 2700 p.
656 2649 748 2698 364,

97 2701 163 2749 25,
185 2715 213 2740 s.
235 2716 273 2753 p·
294 2702 374 2743 475
396 2703 462 2744 sm.

152 2762 282 2808 τυχεῖν
303 2755 386 2797 τότε
407 2757 500 2807 ἐών]
539 2762 654 2797 Recte
685 2761 752 2797 vi-

97 2827 175 2864 ger.
197 2828 234 2866 p.
257 2817 360 2855 301:
390 2815 483 2853 dixit
510 2831 542 2853 se
563 2821 634 2854 tum
656 2817 753 2867 sorte

804 1349 934 1399 fuisse.
954 1350 1012 1384 De
1037 1347 1201 1384 Tlerz‘asz‘o
1230 1359 1385 1397 campo,
1407 1346 1474 1398 qui

811 1406 858 1441 ab
898 1405 1077 1441 Eleusine
1113 1405 1313 1439 Boeotiam
1345 1416 1474 1440 versus

813 1469 990 1498 extensus
1009 1461 1176 1496 multum
1195 1461 1327 1509 patuit,
1353 1459 1473 1495 bene-

812 1532 887 1569 que
926 1517 1088 1554 discerni
1128 1515 1241 1553 debet
1279 1528 1301 1552 a
1335 1527 1472 1566 campo

811 1575 953 1611 Rlcarz'o
972 1603 982 1622 ,
1040 1573 1105 1625 qui
1152 1574 1280 1609 minor
1326 1572 1472 1608 ambitu

810 1633 910 1668 inter
930 1643 1035 1667 mare
1056 1637 1092 1666 et
1113 1630 1251 1665 collem
1269 1629 1400 1676 illum,
1429 1629 1472 1664 in

811 1701 886 1739 quo
909 1700 976 1724 arx
995 1687 1189 1723 Eleusinia
1205 1686 1321 1722 fuisse
1339 1685 1470 1733 fertur,

808 1744 1106 1790 extendebatur,
1148 1742 1223 1780 vid.
1259 1743 1470 1792 interprett.

808 1801 856 1838 acl
888 1800 1110 1852 Thucydid,
1138 1801 1193 1848 II,
1237 1801 1288 1839 19
1317 1796 1470 1849 (Poppo

805 1859 845 1906 Ι,
884 1861 910 1899 2
950 1872 987 1908 p.
1019 1857 1119 1905 256)
1154 1857 1316 1894 Pausan.
1348 1857 1384 1902 I,
1415 1857 1470 1896 38

807 1916 844 1960 ξ.
871 1917 909 1954 6.
941 1912 1082 1953 Herod.
1111 1914 1190 1959 IX,
1220 1916 1246 1953 7
1277 1912 1342 1948 fin.
1373 1912 1469 1947 Plu-

805 1969 926 2008 tarch.
958 1969 1208 2007 Themistocl.
1240 1968 1302 2009 15.
1332 1968 1468 2017 Pelop.

808 2031 846 2069 8.
869 2028 973 2063 Arat.
992 2030 1068 2067 33:
1093 2039 1189 2077 quae
1203 2039 1252 2061 ex
1272 2031 1378 2075 parte
1390 2025 1468 2060 iam

808 2085 932 2120 attulit
952 2084 1117 2120 Sintenis
1138 2095 1226 2133 pag.
1242 2084 1333 2121 103.
1346 2083 1467 2116 Kruse

807 2141 934 2177 Hellas
950 2142 988 2187 Ι,
1035 2142 1059 2179 2
1075 2152 1160 2189 pag,
1188 2140 1264 2178 178
1280 2150 1359 2188 seq.
1374 2138 1467 2176 180.

861 2197 962 2235 ἰδεῖν
986 2193 1045 2243 δὲ]
1081 2194 1121 2233 δὲ
1168 2195 1269 2230 male
1308 2194 1347 2228 in
1379 2192 1467 2243 qui-

802 2253 965 2290 busdam
979 2254 1159 2289 omissum
1176 2250 1313 2287 retinui
1327 2250 1467 2285 melio-

802 2324 889 2347 rum
920 2308 1031 2347 codd.
1071 2309 1310 2354 auctoritate,
1349 2307 1467 2342 item-

803 2380 878 2419 que
899 2365 988 2403 dedi
1008 2361 1178 2416 μάλιστα
1198 2378 1282 2413 κη,
1309 2363 1375 2398 ubi
1405 2361 1468 2397 alii

804 2438 860 2462 κο
875 2438 899 2461 υ
928 2423 989 2460 vel
1017 2436 1078 2460 πο
1093 2436 1132 2459 υ.
1180 2421 1244 2457 Tu
1266 2419 1367 2458 conf,
1385 2420 1466 2454 He-

806 2478 886 2517 rod.
915 2481 972 2525 ΙΙ,
1015 2478 1083 2519 75.
1122 2477 1193 2523 IV,
1243 2474 1335 2515 174.
1384 2475 1467 2522 VII,

808 2539 877 2577 30.
941 2537 1017 2571 Pro
1072 2527 1355 2581 α’ποθωμάζων
1375 2560 1385 2578 ,
1424 2537 1469 2568 nt

809 2605 898 2629 cum
919 2588 1137 2640 Schweigh.
1167 2587 1321 2624 dederat
1338 2587 1468 2635 Gaisf.‚

807 2648 984 2684 revocavi
1027 2640 1347 2695 ἆποθωυμάζων.
1404 2642 1469 2680 Ad

806 2704 973 2741 formam
992 2698 1112 2740 ὅτεων
1133 2701 1232 2738 conf.
1243 2699 1378 2738 Matth.
1399 2701 1468 2738 Gr.

809 2762 876 2797 Gr.
908 2761 943 2804 ξ.
969 2758 1059 2798 153.
1090 2764 1169 2794 not.
1192 2759 1227 2796 1.
1259 2769 1345 2807 pag.
1382 2758 1465 2797 286

810 2823 846 2853 et
867 2814 916 2852 ad
937 2810 1069 2866 πρόκα
1089 2821 1168 2853 not.
1201 2811 1250 2850 ad
1269 2815 1309 2862 1,
1336 2815 1429 2853 111.
