1839 3292
588 222 620 257 Ι.
653 222 815 257 INDEX
846 221 1037 261 RERUM.
1476 230 1560 268 443

117 330 262 364 Excute.
283 329 326 363 T.
348 329 365 362 I
389 341 421 373 p.
444 328 512 363 909
537 341 607 373 seq.
654 331 785 363 Eorum

115 388 221 410 naves
255 387 296 408 ex
318 375 418 418 spina
442 377 567 409 arbore
599 377 786 417 consectae,

117 422 164 463 ΙΙ,
187 421 242 455 96.
266 421 532 465 Aegyptiorum,
556 422 614 465 qui
633 422 666 455 in
687 423 786 464 palu-

13 468 14 475 *
80 480 83 485 ·
115 468 215 501 dibus
236 467 407 508 habitant,
431 480 544 502 mores
568 473 600 501 et
620 469 787 510 instituta,

113 513 160 553 Il,
185 512 241 545 92.
267 512 322 546 93.
368 515 620 558 Aegyptiorum
644 514 785 555 milites,

115 558 216 600 11,3⁰
240 564 310 594 not.
335 559 413 592 1-10.
437 560 513 593 1414.
533 559 611 593 165.
637 560 704 592 166
714 563 785 592 not.

112 615 233 638 eorum
273 605 480 648 stipendium
522 611 555 640 et
593 605 784 645 commoda,

112 651 159 692 ΙΙ,
183 650 251 683 167
275 655 309 684 et
332 659 519 694 armatura,
541 651 616 694 vll,
631 651 676 684 89
701 651 783 683 coll.

114 697 144 740 I,
178 694 255 729 135.
292 698 349 738 lv,
373 698 448 733 180.
478 698 513 731 in
542 707 671 740 magno
701 707 784 729 con-

95 746 223 778 ·temtu
255 743 399 777 Sethoni
431 744 519 788 regi,
543 743 588 785 Il,
614 742 692 776 141.
717 743 784 775 Ae-

113 787 783 879 igi‘iss’ffuini'rffliissssesessts'ssfiissi-„ff’

112 884 204 915 tores
227 880 273 921 II,
297 880 365 915 164
383 863 509 915 t1³10t.--
531 880 696 925 Aegyptii
710 891 783 912 me-

112 926 181 960 dici
199 925 319 959 ceteris
329 926 605 970 praestantiores,
630 927 693 968 ΙΙΙ,
704 926 784 961 129.

109 971 256 1016 singulis
278 973 410 1007 morbis
433 973 576 1016 singuli,
602 972 697 1013 ΙΙ,8·Ι
713 975 783 1004 not.

110 1038 158 1045 —-
179 1018 379 1060 interpretes
402 1019 447 1062 II,
473 1018 540 1052 164
566 1024 637 1052 not.
662 1029 683 1051 a
707 1017 784 1061 qui-

111 1064 176 1097 bus
207 1064 355 1107 oriundi,
386 1065 431 1106 ΙΙ,
462 1065 530 1099 154
560 1068 630 1098 not.
653 1083 698 1088 —
732 1074 786 1097 sa-

113 1110 284 1151 cerdotes,
307 1112 353 1150 11,
377 1111 457 1145 164.
479 1111 525 1145 36
545 1122 615 1153 seq.
638 1121 786 1153 quorum

113 1166 200 1188 unus
224 1161 275 1189 est
296 1158 455 1200 princeps
477 1158 646 1198 sacerdos,
672 1156 716 1198 ΙΙ,
726 1155 784 1189 37.

111 1201 173 1244 qui
195 1202 329 1238 Thebis
352 1204 387 1236 in
412 1204 554 1247 temp10‚
582 1203 665 1235 dum
688 1201 786 1243 vivit,

111 1247 304 1291 imaginem
336 1260 436 1282 suam
479 1249 594 1293 pouit,
626 1249 671 1289 ΙΙ,
705 1247 785 1280 143.

110 1295 304 1328 sacerdotes
334 1306 448 1328 mares
472 1295 556 1336 soli,
587 1306 654 1327 non
684 1294 786 1326 semi-

111 1350 188 1380 nae,
211 1340 257 1382 ΙΙ,
280 1339 326 1374 35
344 1345 415 1375 not.
439 1341 485 1384 ΙΙ,
508 1339 563 1373 54.
591 1340 785 1373 sacerdotes

111 1396 248 1419 comam
271 1387 406 1428 radunt,
428 1388 472 1427 ΙΙ,
496 1387 541 1419 36
568 1390 638 1419 not.
670 1386 715 1427 ΙΙ,
737 1385 783 1418 37

111 1436 182 1466 not.
206 1443 243 1466 se
266 1433 422 1473 abluunt,
445 1432 545 1474 11,37
569 1436 637 1464 not.
664 1442 784 1464 sacer-

112 1477 230 1511 dotum
254 1478 322 1512 tria
343 1479 502 1523 collegia,
526 1478 570 1520 ΙΙ,
597 1477 620 1510 3
646 1482 716 1511 not.
739 1477 784 1518 ΙΙ,

110 1522 168 1557 37.
196 1525 384 1565 aerarium,
414 1525 459 1566 ΙΙ,
482 1523 528 1557 37
551 1528 621 1557 not.
652 1522 785 1558 sacrifi—

112 1569 168 1604 cia
189 1574 252 1603 etc.
265 1596 276 1613 ,
299 1571 346 1613 ΙΙ,
369 1570 414 1603 39
437 1574 507 1605 not.
532 1570 578 1612 II,
602 1568 659 1604 40.
695 1567 787 1602 ratio

109 1615 259 1658 vivendi,
290 1617 335 1659 II,
358 1616 404 1649 37
426 1621 496 1650 not.
527 1620 640 1648 vestes
671 1625 786 1648 sacer-

109 1661 243 1703 dotum,
268 1662 312 1703 ΙΙ,
335 1662 394 1697 37.
409 1663 445 1705 *)
478 1661 646 1706 Aegyptii
668 1661 783 1694 homi-

109 1717 192 1741 num
213 1707 469 1751 sapientissimi,
492 1708 538 1749 ΙΙ,
552 1707 598 1741 77
621 1710 691 1741 not.
701 1706 781 1742 160.

109 1754 298 1788 multarum
330 1766 447 1788 rerum
471 1753 670 1798 cognitione
692 1758 782 1787 cete-

108 1799 159 1833 ris
182 1800 399 1840 antecellunt,
422 1800 468 1841 ΙΙ,
486 1800 565 1834 121,
589 1799 781 1833 Memoriae

109 1856 228 1878 rerum
251 1851 431 1890 gestarum
454 1848 536 1880 dant
558 1857 712 1888 operam,
734 1846 781 1887 ΙΙ,

110 1890 157 1924 77
180 1895 250 1925 not.
273 1892 316 1928 cf.
339 1892 385 1933 ΙΙ,
416 1891 494 1926 143.
528 1892 782 1936 Aegyptiorum

111 1937 254 1971 annales
289 1941 323 1971 et
353 1937 519 1979 carmina,
552 1938 597 1979 ΙΙ,
622 1937 690 1971 100
711 1940 782 1970 not.

111 1993 172 2017 ars
199 1983 346 2024 medica,
377 1983 421 2026 ΙΙ,
446 1983 490 2016 81
514 1987 585 2017 not.
617 1994 671 2017 res
693 1983 785 2017 ludi-

111 2039 173 2062 cra
203 2032 237 2062 et
268 2029 453 2073 gymnica,
487 2029 531 2071 II,
554 2028 600 2062 91
623 2032 694 2062 not.
728 2040 782 2063 ar-

112 2074 317 2116 chitectura,
350 2076 395 2116 ΙΙ,
419 2075 497 2109 169.
528 2079 690 2108 accurata
712 2075 781 2108 Po-

110 2120 190 2154 litia
221 2121 403 2164 (Polizei),
437 2122 482 2162 11,
517 2120 584 2154 177
617 2125 688 2155 not.
728 2121 781 2164 ⁸*)

109 2166 274 2211 Aegyptii
296 2167 392 2200 festis
407 2171 441 2202 et
463 2167 597 2211 pompis
611 2168 782 2201 delectan-

110 2215 178 2254 tur,
210 2213 256 2253 ΙΙ,
290 2211 336 2246 59
360 2217 430 2247 not.
473 2214 606 2247 Eorum
629 2213 780 2255 inventa,

111 2258 155 2299 II,
179 2257 212 2290 4.
235 2257 291 2294 82.
314 2259 507 2301 scripturae
518 2260 642 2302 duplex
661 2271 781 2304 genus,

111 2303 157 2343 ΙΙ,
180 2303 226 2337 36
248 2309 316 2338 not.
340 2310 374 2339 et
397 2304 442 2338 37
465 2309 535 2340 not.
557 2305 636 2348 ***)
671 2306 779 2340 dicte-

111 2348 202 2382 rium
225 2349 261 2383 in
284 2351 448 2392 Graecos,
471 2351 516 2393 II,
535 2351 590 2385 13.
613 2351 780 2386 iudicium

113 2394 156 2427 de
187 2396 334 2438 publicis
363 2397 551 2441 Olympiae
583 2399 780 2432 certamini-

113 2440 188 2482 bus,
222 2441 265 2485 II,
295 2441 374 2478 160.
401 2443 506 2487 primi
536 2444 781 2479 immortalita-

886 334 957 365 tem
991 330 1129 364 animae
1167 334 1385 372 asseverant,
1415 332 1460 373 ΙΙ,
1493 334 1561 367 123

887 381 960 410 not.
986 382 1019 410 et
1042 376 1088 410 Τ.
1112 377 1127 410 I
1162 389 1194 419 p.
1228 376 1296 409 914
1320 388 1412 420 seqq.
1444 378 1561 421 ignem

887 423 1018 457 animal
1040 434 1113 456 esse
1143 429 1310 464 asserunt,
1335 423 1396 463 ΙΙΙ,
1421 423 1466 456 16
1490 429 1560 458 not.

888 469 992 512 primi
1004 480 1130 501 annum
1148 468 1350 501 invenerunt
1372 473 1404 501 et
1423 468 1458 501 in
1470 480 1562 502 men-

887 526 941 547 ses
973 515 1051 549 XII.
1082 514 1341 555 distribuerunt,
1374 515 1419 555 II,
1441 513 1464 547 4
1491 519 1562 548 not.

885 571 1019 593 menses
1042 561 1182 604 diesque
1192 561 1343 594 Deorum
1364 560 1562 594 nominibus

884 605 1034 649 signant,
1065 606 1111 649 ΙΙ,
1140 606 1184 639 82
1207 609 1277 639 not.
1314 606 1562 651 Prodigiorum

885 651 1194 692 observantissimi,
1223 652 1268 692 ΙΙ,
1289 651 1344 686 82.
1378 652 1563 685 divinatio-

885 708 964 730 nem
1002 698 1104 730 certis
1138 698 1204 730 diis
1234 697 1402 740 tribuunt,
1434 699 1479 737 ΙΙ,
1503 697 1559 731 83.

885 743 1140 787 Aegyptiorum
1176 743 1230 776 dei
1260 747 1346 776 nott.
1381 744 1423 777 ad
1447 744 1492 785 Π,
1516 744 1562 777 43

885 793 920 822 ot
942 789 1224 834 add.Seyffa1-th.
1248 789 1283 821 in
1308 789 1405 824 Ialm.
1422 791 1561 823 Annall.

884 834 988 870 1831.
1021 835 1079 877 IV,
1112 836 1134 868 2
1170 847 1203 878 p.
1235 834 1315 870 209.
1341 835 1421 868 210.
1456 836 1561 878 primi

885 881 952 914 diis
978 892 1058 915 aras
1081 885 1115 914 et
1139 881 1328 915 simulacra
1349 886 1383 915 et
1416 881 1562 916 delubra.

885 930 1091 969 statuerunt,
1118 927 1162 966 ΙΙ,
1186 926 1219 960 4.
1258 927 1423 971 Aegyptii
1455 939 1562 970 supra

885 975 1028 1007 modum
1060 973 1230 1017 religiosi,
1266 974 1311 1015 ΙΙ,
1335 974 1391 1006 37.
1431 973 1562 1006 duode-

887 1019 955 1052 cim
982 1020 1126 1052 ‹leorum
1149 1020 1358 1064 cognomina
1388 1019 1494 1062 primi
1526 1020 1561 1053 in

887 1077 953 1099 usu
975 1066 1183 1108 habuerunt,
1205 1065 1282 1104 1L4
1301 1070 1369 1098 not.
1390 1070 1467 1099 octo
1479 1067 1562 1099 deo-

888 1123 966 1145 rum
1000 1112 1181 1155 primores,
1216 1115 1249 1144 et
1284 1111 1466 1144 duodecim
1506 1124 1561 1146 se-

889 1157 992 1191 cundi
1023 1157 1204 1198 nominati,
1237 1157 1282 1198 11,
1320 1156 1387 1191 145
1419 1162 1489 1191 not.
1525 1163 1562 1193 at

888 1214 1006 1237 omnes
1036 1204 1140 1248 longe
1175 1203 1386 1245 antiquiores
1409 1204 1561 1237 Graeco-

886 1261 966 1285 rum
1000 1249 1078 1291 diis,
1119 1250 1164 1292 ΙΙ,
1197 1249 1264 1282 146
1298 1253 1369 1282 not.
1407 1251 1561 1283 Deorum

886 1296 1005 1329 omnia
1022 1296 1095 1328 sere
1111 1295 1251 1328 nomina
1269 1296 1313 1329 ab
1331 1295 1374 1328 iis
1394 1296 1438 1328 ad
1450 1297 1561 1329 Grae-

887 1353 946 1374 cos
969 1345 1208 1384 pervenerunt,
1235 1341 1282 1382 II,
1304 1340 1360 1374 50.
1403 1342 1561 1382 Quorum

886 1387 1029 1420 deorum
1054 1387 1194 1420 nomina
1220 1387 1384 1428 nesciant,
1408 1388 1491 1421 ibid.
1514 1408 1560 1412 —

885 1433 1139 1477 Aegyptiorum
1172 1433 1268 1477 ‘ritus
1306 1433 1474 1474 religiosi,
1514 1434 1560 1475 ΙΙ,

884 1478 930 1512 38
954 1491 1047 1522 seqq.
1070 1483 1104 1512 et
1128 1491 1158 1511 c.
1183 1478 1240 1513 61.
1288 1478 1489 1519 Samificia,
1513 1480 1560 1521 ΙΙ,

885 1525 941 1560 39.
965 1524 1022 1559 40.
1047 1524 1102 1557 41.
1126 1524 1199 1558 illis
1215 1525 1279 1558 sub
1297 1525 1438 1567 cheope
1458 1524 1561 1558 inter-

887 1571 1000 1613 dicta,
1031 1571 1077 1614 ΙΙ,
1102 1570 1182 1603 124.
1206 1582 1227 1604 a
1259 1570 1436 1615 Myceriuo
1458 1570 1561 1604 resti-

887 1620 972 1658 tuta,
1007 1617 1053 1656 ΙΙ,
1085 1617 1164 1650 129.
1200 1617 1356 1660 Pompae
1384 1627 1504 1650 sacrae
1526 1621 1561 1649 et

885 1663 988 1705 festa,
1021 1663 1066 1703 11,
1090 1662 1230 1696 58-61
1261 1668 1296 1696 et
1319 1674 1347 1696 c.
1380 1662 1467 1702 122,
1501 1663 1561 1695 ubi

884 1709 1121 1753 Rhampsifniti
1149 1710 1325 1742 descensus
1343 1709 1390 1741 ad
1415 1709 1560 1751 inferos-

884 1755 1084 1789 Bestiarum
1113 1756 1238 1795 cultus,
1273 1755 1317 1796 ΙΙ,
1341 1753 1386 1787 64
1419 1758 1487 1787 not.
1513 1752 1560 1787 65

882 1813 975 1844 seqq.
1000 1802 1077 1836 vid.
1100 1802 1250 1835 Bestiae.
1273 1800 1430 1841 oracula,
1447 1800 1561 1840 ΙΙ,83.

880 1847 1062 1881 Divinatio
1085 1859 1127 1880 ex
1143 1847 1294 1881 victimis
1316 1848 1360 1882 ab
1377 1846 1560 1890 Aegyptiis

883 1894 1054 1936 profecta,
1086 1894 1131 1936 ΙΙ,
1148 1892 1194 1926 57
1218 1894 1308 1926 conf.
1343 1905 1372 1927 c.
1396 1892 1441 1926 54
1465 1904 1558 1936 seqq.

884 1939 1057 1983 Mysteria
1089 1939 1135 1979 II,
1161 1938 1238 1972 170.
1262 1938 1344 1974 171.
1380 1939 1560 1983 Aegyptia

884 1984 1043 2019 instituta
1066 1988 1100 2018 et
1116 1985 1354 2028 Pythagorica
1370 1986 1560 2027 eademque

885 2030 1040 2074 Orphica
1079 2034 1112 2064 et
1135 2030 1310 2064 Bacchica
1333 2031 1560 2071 consentiunt,

884 2077 930 2119 ΙΙ,
956 2076 1001 2110 Sl
1032 2081 1102 2111 not.
1134 2077 1222 2110 Ante
1244 2076 1403 2109 homines
1432 2076 1467 2108 in
1490 2077 1560 2110 Ae-

884 2128 994 2168 gypto
1009 2123 1058 2157 dii
1076 2126 1323 2167 regnaverunt,
1340 2122 1386 2163 ΙΙ,
1404 2121 1472 2155 144
1489 2126 1560 2158 not.

884 2170 1142 2214 Aegyptiorum
1166 2180 1265 2212 reges
1276 2180 1414 2201 cccxxx.
1433 2169 1478 2205 ΙΙ.
1490 2168 1558 2201 100

883 2221 954 2249 not.
978 2227 1125 2258 quorum
1143 2215 1276 2258 primus
1298 2215 1429 2254 Mones,
1446 2214 1488 2254 11,
1498 2214 1557 2249 99.

884 2263 974 2295 unde
998 2262 1066 2295 orti
1089 2272 1211 2305 reges3
1242 2265 1313 2296 not.
1339 2261 1382 2293 ad
1407 2260 1451 2301 ΙΙ,
1479 2259 1558 2294 141.

881 2319 1007 2352 regum
1038 2318 1185 2340 munera
1218 2311 1252 2340 et
1286 2306 1423 2339 vivendi
1447 2308 1557 2340 ratio:

882 2358 967 2387 nott.
991 2354 1036 2388 ad
1058 2354 1103 2392 ΙΙ,
1128 2352 1196 2386 142
1219 2357 1253 2386 et
1277 2354 1319 2386 ad
1344 2353 1388 2393 ΙΙ,
1400 2352 1487 2393 1733
1503 2364 1557 2385 se-

882 2401 1034 2444 pultura,
1059 2400 1121 2439 ΙΙΙ,
1146 2400 1190 2432 16
1214 2402 1283 2432 not.
1316 2399 1433 2442 Reges
1457 2410 1558 2441 prae-

883 2446 988 2490 cipui,
1010 2447 1056 2490 11,
1080 2446 1158 2480 101.
1183 2446 1262 2481 102.
1286 2444 1363 2478 111.
1388 2445 1555 2479 112.121.

157 2621 190 2663 ¹⁷)
226 2622 313 2655 Add.
339 2624 461 2659 Braun.
482 2626 534 2658 De
563 2626 677 2662 vestit.
698 2627 854 2662 sacerdd.
874 2627 1000 2660 Hebrr.
1018 2628 1044 2667 1,
1064 2627 1086 2660 3
1111 2627 1140 2671 §-
1157 2627 1201 2661 47
1222 2632 1257 2658 et
1275 2627 1303 2667 Ι,
1320 2626 1342 2659 9
1365 2626 1486 2669 §.142

158 2679 204 2720 ⁸‘)
229 2679 316 2712 Add.
334 2680 488 2714 Creuaer.
507 2683 551 2715 ad
568 2684 714 2717 oration.
739 2684 782 2716 de
803 2684 927 2717 Athen.
947 2695 983 2726 p.
1003 2684 1060 2718 63.

156 2736 219 2777 ‘*')
252 2736 340 2768 Add.
369 2739 524 2771 Reuvens
546 2740 681 2772 Lettres
701 2741 720 2773 ὰ
738 2742 773 2773 Μ
801 2740 977 2772 Letronne
1000 2752 1055 2772 sur
1072 2740 1123 2772 les
1151 2750 1302 2783 papyrus
1327 2740 1498 2784 bilingues
1520 2746 1556 2772 et

66 2780 185 2823 Grecs,
214 2782 311 2814 Leid.
339 2784 426 2818 1830
454 2791 489 2819 et
507 2786 719 2830 potissimum
745 2787 921 2832 Seyss'arth
950 2786 1110 2821 inlahuii
1128 2785 1263 2820 Annall.
1287 2785 1425 2831 philon.
1453 2787 1553 2822 1834.

65 2825 125 2868 lv,
141 2828 162 2861 2
179 2840 214 2872 p.
230 2828 296 2863 190
312 2840 382 2874 seq.
