1839 3292
368 184 453 225 238
772 183 1230 221 HERODOTI

40 295 95 323 dus
116 293 282 330 videretur,

37 330 168 357 transire
208 329 316 364 placet.

36 363 117 392 Fons
153 363 217 390 Gar
240 370 268 389 a·

37 397 135 432 phius.
171 370 286 424 Anffro-

37 435 139 459 crates
156 431 246 459 heros

344 289 432 351 Ξῆν
459 292 564 350 θέης
593 291 726 345 ἄξιος,
757 290 972 348 μεγάθεος
1002 293 1144 335 εἵνεκα
1183 292 1256 335 καὶ
1292 290 1484 343 κάλλεος.
1542 293 1633 336 τῶν

372 362 418 406 δὲ
451 363 594 405 εἵνεκα
622 361 695 404 καὶ
723 364 860 402 ταῦτα
889 358 1082 402 ἐποίευν·
1114 359 1379 411 ἐκλείποντες
1396 361 1471 410 τὰς
1499 358 1632 411 τάξις,

342 430 577 486 3ἓφοίτεον
612 426 874 482 θεησόμενοι
915 427 1179 469 Μασίστιον.
1245 428 1372 470 Μετοὶ
1411 427 1486 476 δὲ,
1516 426 1689 479 ἔδοξέ95

370 509 451 553 σφι
480 497 792 551 ἐπικαταβῆναι
822 494 863 545 ἐς
894 493 1138 546 Πλαταιάς·
1171 492 1194 537 ὁ
1225 494 1308 550 γὰρ
1338 497 1481 549 χῶρος
1514 495 1633 550 ἐφαί-

369 580 466 608 νετο
496 567 642 622 πολλῷ
671 562 756 606 ἐών
787 562 1118 619 ἐπιτηδειότερός
1147 573 1227 616 σφι
1255 561 1635 615 ἐνστρατοπεδεύε-

370 638 476 676 σθαι
506 631 530 677 ὁ
564 630 827 681 Πλαταιϊκὸς
843 635 922 674 τοῦ
948 629 1229 685 Ἐρυθραίου,
1263 629 1316 671 τά
1345 644 1390 671 τε
1411 628 1531 682 ἄλλα,
1561 631 1635 674 καὶ

341 700 674 755 4εὐῦδρότερος.
706 700 748 750 ἐς
784 703 942 742 τοῦτον
972 698 1023 754 δή
1055 697 1134 741 τόν
1163 702 1323 753 χῶρον,
1355 698 1428 740 καὶ
1457 697 1525 740 ἐπὶ
1553 697 1634 754 τήν

372 768 540 825 κρήνην
577 767 660 822 τὴν
703 768 987 821 Γαργαφίην,
1036 765 1117 822 τήν
1151 765 1198 808 ἐν
1236 769 1296 820 τῷ
1325 763 1452 822 χώρῳ
1490 764 1634 823 τούτῳ

371 836 548 888 ἐοῦσαν,
580 836 696 887 ἔδοξέ
727 846 806 890 σφι
834 834 962 890 χρεόν
993 831 1104 876 εἶναι
1133 833 1391 884 ἀπικέσθαι,
1435 833 1508 876 καὶ
1538 835 1635 877 δια-

343 905 614 961 5ταχθὲντας
654 901 1082 958 στρατοπεδεύεσθαι.

321 1129 385 1168 dat
406 1124 486 1180 ἦν,
527 1130 632 1182 quod
673 1132 788 1168 etiam
818 1144 922 1168 nunc
957 1144 978 1167 e

317 1187 538 1224 melioribus
565 1187 750 1226 Herodoti
786 1189 889 1225 libris
917 1201 979 1224 re—

317 1250 499 1282 vocatum
519 1257 597 1283 esse
618 1245 742 1284 video.
793 1244 980 1283 Schaefe-

318 1314 381 1337 rus
401 1301 523 1337 tenuit
553 1302 636 1354 ἔην.
666 1325 719 1330 -
778 1301 840 1339 Ad
869 1315 980 1339 voces

319 1356 496 1409 μέγαθος
517 1366 553 1396 et
582 1355 725 1406 κάλλος
754 1360 981 1410 plerumque

319 1415 466 1451 iunctas
487 1416 587 1456 conf.
606 1423 701 1452 nott.
718 1415 766 1452 ad
787 1417 831 1463 V,
856 1418 920 1455 12.

377 1473 461 1510 τῶν
478 1471 520 1509 δὲ
549 1472 679 1511 εἵνεκα
705 1471 771 1511 καὶ
794 1474 915 1510 ταῦτα
940 1470 978 1511 ἒ-

319 1528 493 1575 ποίευν]
534 1532 647 1577 ,,τών
659 1527 701 1568 δὲ
722 1528 758 1565 id
777 1536 830 1566 est
858 1524 980 1581 μεγά-

320 1589 419 1630 θεος
433 1584 562 1624 εἵνεκα
589 1585 653 1624 καὶ
668 1583 851 1632 κτὶλλεοςτ
883 1587 980 1624 ταῦ-

320 1657 368 1680 τα
391 1641 558 1690 ἐποίεον,
589 1656 729 1693 nempe
745 1640 814 1682 τόν
834 1638 978 1694 νεκρόν

321 1695 430 1749 παροέ
457 1695 526 1745 τᾶς
544 1696 654 1746 τάξις
682 1696 876 1749 ἐκόμιζον.
933 1700 978 1734 In

320 1756 479 1792 Homeri
498 1756 543 1792 ll.
572 1757 697 1803 XXII,
715 1758 795 1796 369
834 1758 979 1791 Hecto-

321 1813 371 1849 ris
412 1810 573 1849 cadaver
612 1813 858 1864 περίδραμον
894 1807 978 1858 υἷες

319 1864 507 1919 Ἀχαιῶν,
521 1868 634 1908 οἲκαὶ
647 1865 854 1920 θηήσαντο
867 1866 979 1919 φυήν

322 1924 390 1964 καὶ
427 1922 532 1972 εἶδος
569 1921 713 1979 ἀγητόν
738 1922 981 1977 ’Ἐκτοροςὲζ

331 1981 552 2019 Valcken.
610 1983 694 2021 Ideo
716 1995 795 2020 vero
815 1982 859 2032 (i.
882 1996 913 2020 e.
931 1983 979 2019 ob

324 2038 621 2090 pulcritudinem
650 2040 816 2090 corporis
839 2046 876 2076 et
894 2052 981 2075 ma-

325 2094 585 2146 gnitudinem)
607 2097 691 2134 haec
706 2096 891 2146 faciebant
912 2096 980 2145 (ut

324 2153 405 2190 scil.
427 2152 588 2190 cadaver
618 2152 811 2201 ducerent,
832 2160 980 2204 praeter

324 2210 447 2245 aciem
468 2223 511 2246 ac
528 2211 695 2261 singulos
716 2209 879 2258 ordines)
893 2223 982 2246 cun-

325 2268 439 2315 ctique
460 2267 591 2304 ¹relictis
611 2268 819 2304 stationibus
838 2267 982 2304 accede-

326 2323 413 2360 bant
434 2325 602 2360 intuitum?
630 2323 849 2361 Blasv'ste'um.
909 2323 982 2358 Ubi

326 2392 424 2430 quae
444 2386 532 2416 ante
552 2379 983 2430 {wolteovoliminserta

326 2443 405 2473 erat
423 2437 559 2474 vocula
577 2435 657 2486 καὶ,
679 2450 721 2472 ea
742 2450 845 2472 nunc
867 2437 984 2472 eiecta

328 2500 394 2540 est,
415 2494 635 2531 melioribus
656 2493 767 2531 codd.
783 2494 834 2529 ita
849 2494 985 2530 iuben-

327 2550 438 2586 tibus.

391 2601 402 2615 Γ
473 2603 481 2618 ἱ
575 2609 592 2617 ιν

385 2620 405 2644 ο
432 2622 504 2658 γαρ
536 2622 663 2659 χωρος
693 2622 731 2646 κ.
764 2621 798 2645 τ.
828 2605 882 2656 λ.]
927 2607 984 2642 De

327 2668 513 2699 structura
533 2664 605 2700 loci
626 2664 727 2701 conf.
747 2662 882 2700 Matth.
917 2664 984 2700 Gr.

325 2719 391 2756 Gr.
414 2720 452 2763 ξ.
479 2719 558 2760 615
579 2734 615 2770 Ρ.
639 2722 758 2763 1243.
798 2719 860 2757 Ad
878 2733 985 2772 seqq.

1147 900 1456 958 Ἀναλαβόντες
1495 901 1541 946 δὲ
1577 901 1660 945 τὰ1

1033 1124 1154 1169 πεδεύ
1161 1132 1277 1168 εσθαι
1293 1128 1371 1167 vid.
1391 1136 1487 1167 nott.
1507 1128 1555 1167 ad
1569 1131 1638 1179 IX,
1651 1134 1690 1173 2.

1035 1190 1061 1228 7
1083 1194 1119 1223 et
1141 1187 1189 1223 ob
1219 1199 1332 1222 usum
1360 1186 1561 1224 locutionis
1580 1183 1629 1226 τά
1651 1202 1692 1227 τε

1039 1239 1138 1282 ἄλλα
1157 1245 1369 1280 Hermann.
1390 1242 1439 1280 ad
1458 1244 1585 1294 Viger.
1604 1257 1692 1296 pag.

1036 1303 1132 1347 722,
1179 1301 1246 1336 ubi
1278 1307 1452 1337 nostrum
1479 1301 1610 1337 locum
1643 1303 1694 1338 ita

1036 1358 1152 1393 latine
1165 1355 1313 1393 reddit:
1354 1359 1478 1406 „regio
1498 1356 1694 1395 Plataeen-

1033 1416 1082 1450 sz's
1102 1427 1206 1464 quum
1224 1412 1308 1450 aliis
1334 1414 1434 1451 rebus
1455 1416 1571 1464 aptior
1593 1415 1695 1452 vide-

1034 1471 1139 1507 batur
1168 1470 1217 1507 acl
1250 1471 1566 1509 castrametandum
1590 1471 1695 1522 Ery-

1036 1527 1167 1576 ttamen,
1190 1531 1263 1564 tum
1289 1527 1387 1578 aqud
1419 1528 1694 1567 abundantior-‘⁶

1093 1637 1157 1679 ἐπὶ
1190 1635 1265 1690 τήν
1294 1635 1450 1692 κρήνην
1482 1636 1558 1690 τήν
1590 1643 1695 1692 Γαρ-

1035 1697 1206 1748 γαφίην]
1230 1698 1329 1733 Fons
1348 1698 1429 1745 iste,
1460 1698 1566 1735 cuius
1581 1710 1696 1734 men-

1036 1754 1088 1790 tio
1111 1766 1264 1805 quoque
1279 1754 1425 1801 1X,49.
1443 1754 1495 1795 50
1517 1766 1696 1792 occasum

1036 1824 1164 1848 versus
1186 1811 1233 1847 ab
1264 1808 1436 1861 Erythris
1457 1812 1694 1861 prosiliebat3

1035 1866 1138 1904 unde
1159 1880 1258 1919 aqua
1269 1868 1467 1904 Plataeam
1486 1881 1615 1905 versus
1625 1868 1696 1906 fuit

1037 1923 1201 1961 deducta
1223 1931 1316 1961 teste
1336 1926 1500 1962 Pausan.
1520 1926 1589 1973 IX,
1610 1924 1636 1965 4
1658 1926 1698 1971 ξ.

1038 1984 1075 2029 3,
1098 1982 1163 2017 ubi
1177 1980 1254 2019 vid.
1278 1981 1449 2019 Siebelis.
1478 1983 1589 2019 Nunc
1606 1995 1696 2019 eum

1036 2039 1164 2075 vocari
1185 2037 1316 2075 dicunt
1337 2038 1573 2087 Vergentiarz',
1596 2037 1697 2076 duo-

1037 2095 1107 2131 bus
1155 2096 1247 2132 viois
1288 2094 1467 2131 Gondara
1515 2102 1552 2131 et
1591 2096 1698 2132 Velia

1037 2163 1154 2203 aquas
1198 2152 1457 2202 praebentem.
1523 2149 1612 2188 Vid.
1654 2152 1698 2190 C.

1039 2209 1083 2245 Ο.
1115 2209 1266 2245 muller.
1296 2206 1530 2249 Orchomen.
1550 2222 1590 2258 p.
1612 2208 1694 2248 489

1038 2265 1124 2303 coll.
1146 2265 1243 2302 Gail.
1265 2266 1319 2301 Le
1342 2263 1475 2314 philol.
1498 2264 1531 2301 V
1552 2278 1588 2315 p.
1615 2266 1697 2305 309

1037 2334 1117 2373 seq.
1177 2323 1248 2366 Qui
1278 2321 1362 2357 fons
1392 2334 1487 2358 num
1515 2320 1618 2357 idem
1653 2322 1700 2358 sit

1040 2385 1154 2429 atque
1174 2379 1248 2426 ille,
1274 2391 1388 2429 quem
1410 2376 1547 2415 Clarke
1570 2378 1698 2426 (Tra-

1039 2436 1118 2472 vels
1145 2436 1239 2482 11,3
1270 2448 1356 2485 pag.
1397 2437 1465 2483 83)
1502 2447 1569 2485 pro
1600 2435 1698 2470 Gar-

1039 2490 1179 2542 gaphio
1200 2492 1304 2528 fonte
1325 2491 1451 2538 habet,
1487 2490 1591 2528 haud
1612 2490 1700 2541 dig-

1040 2561 1216 2596 noscam3
1247 2550 1374 2585 statuit
1399 2550 1582 2585 nimirum
1612 2561 1697 2584 eam

1041 2617 1195 2657 aquam,
1225 2618 1324 2656 quae
1346 2620 1365 2642 e
1394 2606 1500 2642 sonte
1530 2605 1699 2656 prosiliat

1042 2661 1197 2698 dimidia
1226 2663 1346 2699 ferme
1375 2661 1468 2699 horst
1500 2668 1647 2699 remoto
1677 2673 1699 2697 a

1041 2720 1125 2756 vico
1146 2720 1316 2767 Platane,
1346 2720 1376 2757 si
1397 2720 1480 2771 quis
1508 2717 1598 2755 inde
1622 2729 1699 2768 pu-

324 2771 624 2829 ἔπιτηδεώτερός
664 2790 734 2829 σφε
762 2776 971 2829 ἐνστρατο-
1028 2788 1128 2827 guae
1155 2789 1337 2828 campum
1365 2782 1481 2828 petat,
1524 2774 1573 2812 ad
1592 2773 1698 2812 hunc
