<?xml version="1.0" encoding="UTF-8"?>
<!DOCTYPE html PUBLIC "-//W3C//DTD XHTML 1.0 Transitional//EN"
    "http://www.w3.org/TR/xhtml1/DTD/xhtml1-transitional.dtd">
<html xmlns="http://www.w3.org/1999/xhtml" xml:lang="en" lang="en">
 <head>
  <title>
</title>
<meta http-equiv="Content-Type" content="text/html;charset=utf-8" />
  <meta name='ocr-system' content='tesseract 3.04.00' />
  <meta name='ocr-capabilities' content='ocr_page ocr_carea ocr_par ocr_line ocrx_word'/>
</head>
<body>
  <div class='ocr_page' id='page_1' title='image "./musaeher04hero_0318.png"; bbox 0 0 1839 3292; ppageno 0'>
   <div class='ocr_carea' id='block_1_1' title="bbox 379 204 465 245">
    <p class='ocr_par' dir='ltr' id='par_1_1' title="bbox 379 204 465 245">
     <span class='ocr_line' id='line_1_1' title="bbox 379 204 465 245; baseline 0.012 -1"><span class='ocrx_word' id='word_1_1' title='bbox 379 204 465 245; x_wconf 79' lang='lat'>810</span> 
     </span>
    </p>
   </div>
   <div class='ocr_carea' id='block_1_2' title="bbox 777 202 1245 240">
    <p class='ocr_par' dir='ltr' id='par_1_2' title="bbox 777 202 1245 240">
     <span class='ocr_line' id='line_1_2' title="bbox 777 202 1245 240; baseline -0.002 -1"><span class='ocrx_word' id='word_1_2' title='bbox 777 202 1245 240; x_wconf 84' lang='lat' dir='ltr'>HERODOTI</span> 
     </span>
    </p>
   </div>
   <div class='ocr_carea' id='block_1_3' title="bbox 375 307 1650 369">
    <p class='ocr_par' dir='ltr' id='par_1_3' title="bbox 375 307 1650 369">
     <span class='ocr_line' id='line_1_3' title="bbox 375 307 1650 369; baseline -0.002 -12"><span class='ocrx_word' id='word_1_3' title='bbox 375 309 518 369; x_wconf 80' lang='grc' dir='ltr'><strong><em>Ἀλέης</em></strong></span> <span class='ocrx_word' id='word_1_4' title='bbox 551 309 781 367; x_wconf 80' lang='grc' dir='ltr'><strong><em>Ἀθηναίης</em></strong></span> <span class='ocrx_word' id='word_1_5' title='bbox 822 313 1050 366; x_wconf 79' lang='grc' dir='ltr'><em>Τεγεῆται·</em></span> <span class='ocrx_word' id='word_1_6' title='bbox 1109 309 1162 353; x_wconf 80' lang='grc' dir='ltr'>τοὶ</span> <span class='ocrx_word' id='word_1_7' title='bbox 1194 310 1241 353; x_wconf 82' lang='grc' dir='ltr'>δὲ</span> <span class='ocrx_word' id='word_1_8' title='bbox 1281 309 1392 354; x_wconf 71' lang='grc' dir='ltr'><strong><em>ἄλλα</em></strong></span> <span class='ocrx_word' id='word_1_9' title='bbox 1421 310 1465 362; x_wconf 80' lang='grc' dir='ltr'>ἐς</span> <span class='ocrx_word' id='word_1_10' title='bbox 1493 307 1650 361; x_wconf 71' lang='grc' dir='ltr'><strong><em>τώυτὸ,</em></strong></span> 
     </span>
    </p>
   </div>
   <div class='ocr_carea' id='block_1_4' title="bbox 350 376 1449 435">
    <p class='ocr_par' dir='ltr' id='par_1_4' title="bbox 350 376 1449 435">
     <span class='ocr_line' id='line_1_4' title="bbox 350 376 1449 435; baseline -0.001 -11"><span class='ocrx_word' id='word_1_11' title='bbox 350 389 374 424; x_wconf 87' lang='lat'><strong>7</strong></span> <span class='ocrx_word' id='word_1_12' title='bbox 385 380 469 425; x_wconf 83' lang='grc' dir='ltr'>ὅσα</span> <span class='ocrx_word' id='word_1_13' title='bbox 497 392 585 434; x_wconf 82' lang='grc' dir='ltr'><strong><em>’,περ</em></strong></span> <span class='ocrx_word' id='word_1_14' title='bbox 626 379 810 432; x_wconf 75' lang='grc' dir='ltr'><strong><em>ἔλαβον,</em></strong></span> <span class='ocrx_word' id='word_1_15' title='bbox 858 377 1086 434; x_wconf 81' lang='grc' dir='ltr'><strong><em>ἐσήνεικαν</em></strong></span> <span class='ocrx_word' id='word_1_16' title='bbox 1122 382 1236 420; x_wconf 87' lang='grc' dir='ltr'><strong><em>τοῖσι</em></strong></span> <span class='ocrx_word' id='word_1_17' title='bbox 1260 376 1449 435; x_wconf 83' lang='grc' dir='ltr'><strong><em>Ἕλλησι.</em></strong></span> 
     </span>
    </p>
   </div>
   <div class='ocr_carea' id='block_1_5' title="bbox 1513 378 1652 422">
    <p class='ocr_par' dir='ltr' id='par_1_5' title="bbox 1513 378 1652 422">
     <span class='ocr_line' id='line_1_5' title="bbox 1513 378 1652 422; baseline 0 0"><span class='ocrx_word' id='word_1_18' title='bbox 1513 380 1567 422; x_wconf 81' lang='grc' dir='ltr'>Οἱ</span> <span class='ocrx_word' id='word_1_19' title='bbox 1605 378 1652 422; x_wconf 79' lang='grc' dir='ltr'>δὲ</span> 
     </span>
    </p>
   </div>
   <div class='ocr_carea' id='block_1_6' title="bbox 359 444 1681 980">
    <p class='ocr_par' dir='ltr' id='par_1_6' title="bbox 359 444 1681 980">
     <span class='ocr_line' id='line_1_6' title="bbox 384 444 1653 507; baseline -0.001 -16"><span class='ocrx_word' id='word_1_20' title='bbox 384 448 606 507; x_wconf 85' lang='grc' dir='ltr'><strong><em>βάρβαροι</em></strong></span> <span class='ocrx_word' id='word_1_21' title='bbox 654 445 784 490; x_wconf 77' lang='grc' dir='ltr'><strong><em>οὐδὲν</em></strong></span> <span class='ocrx_word' id='word_1_22' title='bbox 829 445 891 489; x_wconf 72' lang='grc' dir='ltr'><strong><em>ἔτι</em></strong></span> <span class='ocrx_word' id='word_1_23' title='bbox 931 449 1087 500; x_wconf 81' lang='grc' dir='ltr'><strong><em>στῖφος</em></strong></span> <span class='ocrx_word' id='word_1_24' title='bbox 1135 444 1397 501; x_wconf 80' lang='grc' dir='ltr'><strong><em>ἐποιήσαντο</em></strong></span> <span class='ocrx_word' id='word_1_25' title='bbox 1440 445 1653 497; x_wconf 81' lang='grc' dir='ltr'><strong><em>πεσόντος</em></strong></span> 
     </span>
     <span class='ocr_line' id='line_1_7' title="bbox 384 509 1681 571; baseline -0.002 -10"><span class='ocrx_word' id='word_1_26' title='bbox 384 520 467 561; x_wconf 84' lang='grc' dir='ltr'>τοῦ</span> <span class='ocrx_word' id='word_1_27' title='bbox 496 517 667 571; x_wconf 88' lang='grc' dir='ltr'><strong><em>τείχεος,</em></strong></span> <span class='ocrx_word' id='word_1_28' title='bbox 696 513 796 558; x_wconf 81' lang='grc' dir='ltr'><strong><em>οὔτε</em></strong></span> <span class='ocrx_word' id='word_1_29' title='bbox 823 529 889 564; x_wconf 91' lang='grc' dir='ltr'><strong><em>τις</em></strong></span> <span class='ocrx_word' id='word_1_30' title='bbox 918 511 1066 555; x_wconf 78' lang='grc' dir='ltr'><strong><em>αὐτῶν</em></strong></span> <span class='ocrx_word' id='word_1_31' title='bbox 1104 509 1240 569; x_wconf 84' lang='grc' dir='ltr'><strong><em>άλκῆς</em></strong></span> <span class='ocrx_word' id='word_1_32' title='bbox 1269 511 1505 569; x_wconf 74' lang='grc' dir='ltr'><strong><em>ἐμέμνητο·</em></strong></span> <span class='ocrx_word' id='word_1_33' title='bbox 1545 514 1681 558; x_wconf 58' lang='lat' dir='ltr'>&amp;sto-1</span> 
     </span>
     <span class='ocr_line' id='line_1_8' title="bbox 387 579 1655 637; baseline -0.004 -8"><span class='ocrx_word' id='word_1_34' title='bbox 387 583 546 637; x_wconf 79' lang='grc' dir='ltr'><strong><em>κταζόν</em></strong></span> <span class='ocrx_word' id='word_1_35' title='bbox 579 598 624 627; x_wconf 89' lang='grc' dir='ltr'><strong><em>τε</em></strong></span> <span class='ocrx_word' id='word_1_36' title='bbox 665 580 738 626; x_wconf 85' lang='grc' dir='ltr'>οἶα</span> <span class='ocrx_word' id='word_1_37' title='bbox 782 580 831 625; x_wconf 80' lang='grc' dir='ltr'>ἐν</span> <span class='ocrx_word' id='word_1_38' title='bbox 860 579 992 637; x_wconf 82' lang='grc' dir='ltr'><em>ὀλίγῳ</em></span> <span class='ocrx_word' id='word_1_39' title='bbox 1022 579 1148 637; x_wconf 79' lang='grc' dir='ltr'><strong><em>χώρῳ</em></strong></span> <span class='ocrx_word' id='word_1_40' title='bbox 1178 581 1476 637; x_wconf 81' lang='grc' dir='ltr'><strong><em>πεφοβημένοι</em></strong></span> <span class='ocrx_word' id='word_1_41' title='bbox 1505 597 1551 625; x_wconf 92' lang='grc' dir='ltr'><strong><em>τε</em></strong></span> <span class='ocrx_word' id='word_1_42' title='bbox 1579 582 1655 626; x_wconf 83' lang='grc' dir='ltr'>καὶ</span> 
     </span>
     <span class='ocr_line' id='line_1_9' title="bbox 359 647 1655 708; baseline -0.003 -11"><span class='ocrx_word' id='word_1_43' title='bbox 359 653 546 697; x_wconf 81' lang='grc' dir='ltr'><strong><em>ὃπολλαὶ</em></strong></span> <span class='ocrx_word' id='word_1_44' title='bbox 574 650 779 708; x_wconf 84' lang='grc' dir='ltr'><em>μυριάδες</em></span> <span class='ocrx_word' id='word_1_45' title='bbox 807 648 1106 705; x_wconf 83' lang='grc' dir='ltr'><strong><em>κατειλημέναι</em></strong></span> <span class='ocrx_word' id='word_1_46' title='bbox 1140 647 1403 705; x_wconf 77' lang='grc' dir='ltr'><strong><em>ἀνθρώπων.</em></strong></span> <span class='ocrx_word' id='word_1_47' title='bbox 1433 653 1582 706; x_wconf 84' lang='grc' dir='ltr'><strong><em>παρῆν</em></strong></span> <span class='ocrx_word' id='word_1_48' title='bbox 1608 665 1655 693; x_wconf 91' lang='grc' dir='ltr'><strong><em>τε</em></strong></span> 
     </span>
     <span class='ocr_line' id='line_1_10' title="bbox 387 714 1680 775; baseline -0.005 -10"><span class='ocrx_word' id='word_1_49' title='bbox 387 727 502 766; x_wconf 88' lang='grc' dir='ltr'><strong><em>τοῖσι</em></strong></span> <span class='ocrx_word' id='word_1_50' title='bbox 517 720 694 775; x_wconf 60' lang='grc' dir='ltr'><strong><em>*Ἕλλησι</em></strong></span> <span class='ocrx_word' id='word_1_51' title='bbox 720 716 926 775; x_wconf 85' lang='grc' dir='ltr'><strong><em>φονεύειν</em></strong></span> <span class='ocrx_word' id='word_1_52' title='bbox 955 715 1084 770; x_wconf 83' lang='grc' dir='ltr'><strong><em>οὕτω,</em></strong></span> <span class='ocrx_word' id='word_1_53' title='bbox 1115 716 1223 761; x_wconf 79' lang='grc' dir='ltr'><strong><em>ὥστε</em></strong></span> <span class='ocrx_word' id='word_1_54' title='bbox 1243 717 1477 774; x_wconf 80' lang='grc' dir='ltr'><strong><em>τριήκοντα</em></strong></span> <span class='ocrx_word' id='word_1_55' title='bbox 1492 714 1680 772; x_wconf 85' lang='grc' dir='ltr'><strong><em>μυριά-5</em></strong></span> 
     </span>
     <span class='ocr_line' id='line_1_11' title="bbox 389 784 1653 842; baseline -0.005 -9"><span class='ocrx_word' id='word_1_56' title='bbox 389 792 481 833; x_wconf 89' lang='grc' dir='ltr'>δων</span> <span class='ocrx_word' id='word_1_57' title='bbox 521 790 730 842; x_wconf 84' lang='grc' dir='ltr'><strong><em>στρατοῦ,</em></strong></span> <span class='ocrx_word' id='word_1_58' title='bbox 775 784 1106 829; x_wconf 79' lang='grc' dir='ltr'><strong><em>καταδεουσέων</em></strong></span> <span class='ocrx_word' id='word_1_59' title='bbox 1148 785 1384 839; x_wconf 79' lang='grc' dir='ltr'><strong><em>τεσσέρων,</em></strong></span> <span class='ocrx_word' id='word_1_60' title='bbox 1432 784 1509 836; x_wconf 80' lang='grc' dir='ltr'><strong><em>τοὶς</em></strong></span> <span class='ocrx_word' id='word_1_61' title='bbox 1543 785 1653 840; x_wconf 80' lang='grc' dir='ltr'><strong><em>ἔχων</em></strong></span> 
     </span>
     <span class='ocr_line' id='line_1_12' title="bbox 384 851 1654 912; baseline -0.004 -12"><span class='ocrx_word' id='word_1_62' title='bbox 384 855 643 912; x_wconf 79' lang='grc' dir='ltr'><strong><em>Ἀρτάβαζος</em></strong></span> <span class='ocrx_word' id='word_1_63' title='bbox 672 854 838 910; x_wconf 73' lang='grc' dir='ltr'><strong><em>ἔφευγε,</em></strong></span> <span class='ocrx_word' id='word_1_64' title='bbox 867 858 956 897; x_wconf 80' lang='grc' dir='ltr'>τῶν</span> <span class='ocrx_word' id='word_1_65' title='bbox 983 856 1151 897; x_wconf 77' lang='grc' dir='ltr'><strong><em>λοιπῶν</em></strong></span> <span class='ocrx_word' id='word_1_66' title='bbox 1178 853 1285 910; x_wconf 81' lang='grc' dir='ltr'><strong><em>μηδὲ</em></strong></span> <span class='ocrx_word' id='word_1_67' title='bbox 1314 858 1428 909; x_wconf 87' lang='grc' dir='ltr'><strong><em>τρεῖς</em></strong></span> <span class='ocrx_word' id='word_1_68' title='bbox 1459 851 1654 908; x_wconf 80' lang='grc' dir='ltr'><strong><em>χιλιάδας</em></strong></span> 
     </span>
     <span class='ocr_line' id='line_1_13' title="bbox 392 919 1654 980; baseline -0.005 -11"><span class='ocrx_word' id='word_1_69' title='bbox 392 923 710 980; x_wconf 80' lang='grc' dir='ltr'><strong><em>περιγενέσθαι.</em></strong></span> <span class='ocrx_word' id='word_1_70' title='bbox 761 922 1123 978; x_wconf 82' lang='grc' dir='ltr'><strong><em>Λακεδαιμονίων</em></strong></span> <span class='ocrx_word' id='word_1_71' title='bbox 1163 922 1209 965; x_wconf 79' lang='grc' dir='ltr'>δὲ</span> <span class='ocrx_word' id='word_1_72' title='bbox 1237 924 1327 965; x_wconf 80' lang='grc' dir='ltr'>τῶν</span> <span class='ocrx_word' id='word_1_73' title='bbox 1363 920 1412 964; x_wconf 82' lang='grc' dir='ltr'>ἐκ</span> <span class='ocrx_word' id='word_1_74' title='bbox 1440 919 1654 976; x_wconf 83' lang='grc' dir='ltr'><strong><em>Σπάρτης</em></strong></span> 
     </span>
    </p>
   </div>
   <div class='ocr_carea' id='block_1_7' title="bbox 333 1106 1000 1840">
    <p class='ocr_par' dir='ltr' id='par_1_7' title="bbox 333 1106 1000 1840">
     <span class='ocr_line' id='line_1_14' title="bbox 333 1106 992 1157; baseline -0.002 -13"><span class='ocrx_word' id='word_1_75' title='bbox 333 1109 394 1144; x_wconf 83' lang='lat' dir='ltr'>De</span> <span class='ocrx_word' id='word_1_76' title='bbox 420 1119 515 1144; x_wconf 83' lang='lat' dir='ltr'>voce</span> <span class='ocrx_word' id='word_1_77' title='bbox 543 1110 684 1157; x_wconf 85' lang='grc' dir='ltr'><strong><em>στῖφος</em></strong></span> <span class='ocrx_word' id='word_1_78' title='bbox 703 1107 804 1144; x_wconf 83' lang='lat' dir='ltr'>conf.</span> <span class='ocrx_word' id='word_1_79' title='bbox 833 1107 901 1155; x_wconf 87' lang='lat' dir='ltr'>IX,</span> <span class='ocrx_word' id='word_1_80' title='bbox 923 1106 992 1148; x_wconf 87' lang='grc'>57.</span> 
     </span>
     <span class='ocr_line' id='line_1_15' title="bbox 333 1161 994 1215; baseline -0.002 -15"><span class='ocrx_word' id='word_1_81' title='bbox 333 1162 447 1210; x_wconf 75' lang='lat' dir='ltr'>Quod</span> <span class='ocrx_word' id='word_1_82' title='bbox 475 1164 590 1215; x_wconf 86' lang='lat' dir='ltr'>paulo</span> <span class='ocrx_word' id='word_1_83' title='bbox 622 1170 712 1201; x_wconf 86' lang='lat' dir='ltr'>ante</span> <span class='ocrx_word' id='word_1_84' title='bbox 733 1161 994 1215; x_wconf 80' lang='lat' dir='ltr'>praegreditur</span> 
     </span>
     <span class='ocr_line' id='line_1_16' title="bbox 334 1216 992 1271; baseline -0.002 -11"><span class='ocrx_word' id='word_1_85' title='bbox 334 1216 557 1271; x_wconf 78' lang='grc' dir='ltr'><strong><em>ἐσήνεικαν,</em></strong></span> <span class='ocrx_word' id='word_1_86' title='bbox 579 1221 658 1258; x_wconf 88' lang='lat' dir='ltr'>eius</span> <span class='ocrx_word' id='word_1_87' title='bbox 677 1221 762 1258; x_wconf 86' lang='lat' dir='ltr'>loco</span> <span class='ocrx_word' id='word_1_88' title='bbox 783 1219 860 1258; x_wconf 90' lang='lat' dir='ltr'>duo</span> <span class='ocrx_word' id='word_1_89' title='bbox 880 1218 992 1259; x_wconf 88' lang='lat' dir='ltr'><strong>codd.</strong></span> 
     </span>
     <span class='ocr_line' id='line_1_17' title="bbox 333 1275 995 1330; baseline -0.002 -14"><span class='ocrx_word' id='word_1_90' title='bbox 333 1276 607 1328; x_wconf 84' lang='grc' dir='ltr'><strong><em>ἐσηνείκαντο,</em></strong></span> <span class='ocrx_word' id='word_1_91' title='bbox 629 1276 734 1330; x_wconf 88' lang='lat' dir='ltr'>quod</span> <span class='ocrx_word' id='word_1_92' title='bbox 755 1275 995 1315; x_wconf 73' lang='lat' dir='ltr'>commodIus</span> 
     </span>
     <span class='ocr_line' id='line_1_18' title="bbox 333 1333 999 1386; baseline 0.002 -16"><span class='ocrx_word' id='word_1_93' title='bbox 333 1333 486 1371; x_wconf 85' lang='lat' dir='ltr'>videtur</span> <span class='ocrx_word' id='word_1_94' title='bbox 500 1334 878 1385; x_wconf 86' lang='lat' dir='ltr'>Schweighaeusero‚</span> <span class='ocrx_word' id='word_1_95' title='bbox 899 1347 999 1386; x_wconf 89' lang='lat' dir='ltr'>quo-</span> 
     </span>
     <span class='ocr_line' id='line_1_19' title="bbox 335 1391 996 1443; baseline 0 -16"><span class='ocrx_word' id='word_1_96' title='bbox 335 1391 442 1428; x_wconf 85' lang='lat' dir='ltr'>niam</span> <span class='ocrx_word' id='word_1_97' title='bbox 455 1398 490 1428; x_wconf 81' lang='lat' dir='ltr'>et</span> <span class='ocrx_word' id='word_1_98' title='bbox 501 1393 589 1442; x_wconf 84' lang='lat' dir='ltr'>ipsis</span> <span class='ocrx_word' id='word_1_99' title='bbox 597 1392 778 1442; x_wconf 85' lang='lat' dir='ltr'>Tegeatis</span> <span class='ocrx_word' id='word_1_100' title='bbox 786 1405 871 1443; x_wconf 87' lang='lat' dir='ltr'>pars</span> <span class='ocrx_word' id='word_1_101' title='bbox 883 1404 996 1442; x_wconf 83' lang='lat' dir='ltr'>prae-</span> 
     </span>
     <span class='ocr_line' id='line_1_20' title="bbox 337 1446 996 1488; baseline -0.002 -3"><span class='ocrx_word' id='word_1_102' title='bbox 337 1446 408 1485; x_wconf 87' lang='lat' dir='ltr'>dae</span> <span class='ocrx_word' id='word_1_103' title='bbox 449 1455 528 1485; x_wconf 86' lang='lat' dir='ltr'>erat</span> <span class='ocrx_word' id='word_1_104' title='bbox 561 1456 753 1488; x_wconf 83' lang='lat' dir='ltr'>eventura.</span> <span class='ocrx_word' id='word_1_105' title='bbox 809 1448 996 1486; x_wconf 81' lang='lat' dir='ltr'>Locutio-</span> 
     </span>
     <span class='ocr_line' id='line_1_21' title="bbox 337 1501 996 1556; baseline -0.003 -14"><span class='ocrx_word' id='word_1_106' title='bbox 337 1517 430 1541; x_wconf 89' lang='lat' dir='ltr'>nem</span> <span class='ocrx_word' id='word_1_107' title='bbox 465 1508 605 1552; x_wconf 85' lang='grc' dir='ltr'><strong><em>στῖφος</em></strong></span> <span class='ocrx_word' id='word_1_108' title='bbox 633 1501 884 1556; x_wconf 75' lang='grc' dir='ltr'><strong><em>ποιήσασθαι</em></strong></span> <span class='ocrx_word' id='word_1_109' title='bbox 907 1506 996 1541; x_wconf 74' lang='lat' dir='ltr'>atti-</span> 
     </span>
     <span class='ocr_line' id='line_1_22' title="bbox 336 1560 996 1611; baseline 0.006 -14"><span class='ocrx_word' id='word_1_110' title='bbox 336 1561 393 1611; x_wconf 83' lang='lat' dir='ltr'>git</span> <span class='ocrx_word' id='word_1_111' title='bbox 428 1562 597 1599; x_wconf 74' lang='lat' dir='ltr'>Dorvilie</span> <span class='ocrx_word' id='word_1_112' title='bbox 631 1560 681 1599; x_wconf 84' lang='lat' dir='ltr'>ad</span> <span class='ocrx_word' id='word_1_113' title='bbox 711 1561 854 1599; x_wconf 87' lang='lat' dir='ltr'>Charit.</span> <span class='ocrx_word' id='word_1_114' title='bbox 886 1562 996 1609; x_wconf 80' lang='lat' dir='ltr'>V1‚9</span> 
     </span>
     <span class='ocr_line' id='line_1_23' title="bbox 337 1617 998 1670; baseline 0.002 -17"><span class='ocrx_word' id='word_1_115' title='bbox 337 1619 419 1655; x_wconf 85' lang='lat' dir='ltr'>init.</span> <span class='ocrx_word' id='word_1_116' title='bbox 448 1632 488 1670; x_wconf 87' lang='lat' dir='ltr'>p.</span> <span class='ocrx_word' id='word_1_117' title='bbox 520 1617 602 1659; x_wconf 76' lang='grc'>554</span> <span class='ocrx_word' id='word_1_118' title='bbox 631 1618 716 1668; x_wconf 87' lang='lat' dir='ltr'>(ubi</span> <span class='ocrx_word' id='word_1_119' title='bbox 735 1620 903 1656; x_wconf 83' lang='lat' dir='ltr'>activum</span> <span class='ocrx_word' id='word_1_120' title='bbox 927 1632 998 1655; x_wconf 74' lang='lat' dir='ltr'>ex-</span> 
     </span>
     <span class='ocr_line' id='line_1_24' title="bbox 336 1674 997 1726; baseline -0.002 -14"><span class='ocrx_word' id='word_1_121' title='bbox 336 1681 434 1712; x_wconf 79' lang='lat' dir='ltr'>stat:</span> <span class='ocrx_word' id='word_1_122' title='bbox 477 1677 661 1726; x_wconf 84' lang='grc' dir='ltr'><strong><em>ποιῆσαι)</em></strong></span> <span class='ocrx_word' id='word_1_123' title='bbox 693 1676 766 1712; x_wconf 86' lang='lat' dir='ltr'>alia</span> <span class='ocrx_word' id='word_1_124' title='bbox 787 1674 929 1712; x_wconf 83' lang='lat' dir='ltr'>addens</span> <span class='ocrx_word' id='word_1_125' title='bbox 950 1674 997 1711; x_wconf 90' lang='lat' dir='ltr'>de</span> 
     </span>
     <span class='ocr_line' id='line_1_25' title="bbox 336 1732 1000 1784; baseline 0 -16"><span class='ocrx_word' id='word_1_126' title='bbox 336 1744 432 1768; x_wconf 76' lang='lat' dir='ltr'>voce</span> <span class='ocrx_word' id='word_1_127' title='bbox 453 1734 604 1780; x_wconf 82' lang='grc' dir='ltr'><strong><em>στῖφος,</em></strong></span> <span class='ocrx_word' id='word_1_128' title='bbox 634 1732 710 1784; x_wconf 65' lang='lat' dir='ltr'>qua</span> <span class='ocrx_word' id='word_1_129' title='bbox 737 1745 874 1771; x_wconf 86' lang='lat' dir='ltr'>manus</span> <span class='ocrx_word' id='word_1_130' title='bbox 895 1732 1000 1769; x_wconf 88' lang='lat' dir='ltr'>mili-</span> 
     </span>
     <span class='ocr_line' id='line_1_26' title="bbox 339 1787 676 1840; baseline 0.003 -15"><span class='ocrx_word' id='word_1_131' title='bbox 339 1789 427 1826; x_wconf 87' lang='lat' dir='ltr'>taris</span> <span class='ocrx_word' id='word_1_132' title='bbox 444 1787 676 1840; x_wconf 83' lang='lat' dir='ltr'>designetur.</span> 
     </span>
    </p>
   </div>
   <div class='ocr_carea' id='block_1_8' title="bbox 338 1885 1004 2840">
    <p class='ocr_par' dir='ltr' id='par_1_8' title="bbox 338 1885 1004 2840">
     <span class='ocr_line' id='line_1_27' title="bbox 395 1885 1001 1938; baseline -0.002 -9"><span class='ocrx_word' id='word_1_133' title='bbox 395 1885 630 1938; x_wconf 75' lang='grc' dir='ltr'><strong><em>άλύκταζον]</em></strong></span> <span class='ocrx_word' id='word_1_134' title='bbox 661 1891 687 1928; x_wconf 88' lang='lat' dir='ltr'>i.</span> <span class='ocrx_word' id='word_1_135' title='bbox 719 1905 754 1933; x_wconf 84' lang='lat' dir='ltr'>e.</span> <span class='ocrx_word' id='word_1_136' title='bbox 784 1893 1001 1929; x_wconf 66' lang='lat' dir='ltr'>consternata·</span> 
     </span>
     <span class='ocr_line' id='line_1_28' title="bbox 338 1948 999 1998; baseline -0.002 -12"><span class='ocrx_word' id='word_1_137' title='bbox 338 1951 441 1986; x_wconf 81' lang='lat' dir='ltr'>erant</span> <span class='ocrx_word' id='word_1_138' title='bbox 453 1960 542 1997; x_wconf 77' lang='lat' dir='ltr'>prae</span> <span class='ocrx_word' id='word_1_139' title='bbox 559 1949 678 1985; x_wconf 76' lang='lat' dir='ltr'>timore</span> <span class='ocrx_word' id='word_1_140' title='bbox 692 1960 734 1985; x_wconf 88' lang='lat' dir='ltr'>ac</span> <span class='ocrx_word' id='word_1_141' title='bbox 754 1948 999 1998; x_wconf 75' lang='lat' dir='ltr'><em>trepidatione.</em></span> 
     </span>
     <span class='ocr_line' id='line_1_29' title="bbox 339 2003 997 2055; baseline -0.002 -13"><span class='ocrx_word' id='word_1_142' title='bbox 339 2006 385 2042; x_wconf 84' lang='lat' dir='ltr'>In</span> <span class='ocrx_word' id='word_1_143' title='bbox 406 2005 517 2041; x_wconf 90' lang='lat' dir='ltr'>unius</span> <span class='ocrx_word' id='word_1_144' title='bbox 549 2003 636 2042; x_wconf 78' lang='lat' dir='ltr'>cod.</span> <span class='ocrx_word' id='word_1_145' title='bbox 657 2005 834 2055; x_wconf 77' lang='lat' dir='ltr'>margine</span> <span class='ocrx_word' id='word_1_146' title='bbox 853 2011 997 2042; x_wconf 78' lang='lat' dir='ltr'>exstat:</span> 
     </span>
     <span class='ocr_line' id='line_1_30' title="bbox 341 2056 999 2113; baseline -0.002 -13"><span class='ocrx_word' id='word_1_147' title='bbox 341 2056 574 2108; x_wconf 76' lang='grc' dir='ltr'><strong><em>οἷλυκτάζειν</em></strong></span> <span class='ocrx_word' id='word_1_148' title='bbox 587 2090 597 2108; x_wconf 87' lang='grc'><em>,</em></span> <span class='ocrx_word' id='word_1_149' title='bbox 630 2059 879 2113; x_wconf 81' lang='grc' dir='ltr'><strong><em>δυσφορέειν,</em></strong></span> <span class='ocrx_word' id='word_1_150' title='bbox 898 2056 999 2111; x_wconf 64' lang='lat' dir='ltr'>elya-</span> 
     </span>
     <span class='ocr_line' id='line_1_31' title="bbox 340 2117 1001 2168; baseline -0.005 -11"><span class='ocrx_word' id='word_1_151' title='bbox 340 2121 509 2158; x_wconf 75' lang='grc' dir='ltr'><strong><em>νακτεῖν.</em></strong></span> <span class='ocrx_word' id='word_1_152' title='bbox 567 2119 618 2154; x_wconf 83' lang='lat' dir='ltr'>Et</span> <span class='ocrx_word' id='word_1_153' title='bbox 636 2119 801 2168; x_wconf 83' lang='lat' dir='ltr'>pertinet</span> <span class='ocrx_word' id='word_1_154' title='bbox 823 2117 900 2155; x_wconf 89' lang='lat' dir='ltr'>huc</span> <span class='ocrx_word' id='word_1_155' title='bbox 920 2119 1001 2155; x_wconf 92' lang='lat' dir='ltr'>Ho-</span> 
     </span>
     <span class='ocr_line' id='line_1_32' title="bbox 340 2170 1002 2226; baseline 0.005 -14"><span class='ocrx_word' id='word_1_156' title='bbox 340 2175 530 2212; x_wconf 88' lang='lat' dir='ltr'>mericum</span> <span class='ocrx_word' id='word_1_157' title='bbox 549 2175 593 2211; x_wconf 83' lang='lat'>11.</span> <span class='ocrx_word' id='word_1_158' title='bbox 619 2176 670 2224; x_wconf 90' lang='lat' dir='ltr'>X,</span> <span class='ocrx_word' id='word_1_159' title='bbox 687 2174 764 2215; x_wconf 79' lang='lat'>94:</span> <span class='ocrx_word' id='word_1_160' title='bbox 822 2170 916 2214; x_wconf 78' lang='grc' dir='ltr'><strong><em>ου’δέ</em></strong></span> <span class='ocrx_word' id='word_1_161' title='bbox 933 2189 1002 2226; x_wconf 82' lang='grc' dir='ltr'><strong><em>μοι</em></strong></span> 
     </span>
     <span class='ocr_line' id='line_1_33' title="bbox 338 2226 1001 2283; baseline 0 -12"><span class='ocrx_word' id='word_1_162' title='bbox 338 2227 437 2283; x_wconf 75' lang='grc' dir='ltr'><strong><em>ἦτορ</em></strong></span> <span class='ocrx_word' id='word_1_163' title='bbox 478 2230 648 2282; x_wconf 72' lang='grc' dir='ltr'><strong><em>ἔμπεδον</em></strong></span> <span class='ocrx_word' id='word_1_164' title='bbox 678 2226 761 2270; x_wconf 70' lang='grc' dir='ltr'><strong><em>ἀλλ’</em></strong></span> <span class='ocrx_word' id='word_1_165' title='bbox 801 2227 1001 2271; x_wconf 78' lang='grc' dir='ltr'><strong><em>οἷλαλύ-</em></strong></span> 
     </span>
     <span class='ocr_line' id='line_1_34' title="bbox 340 2287 1000 2339; baseline -0.003 -12"><span class='ocrx_word' id='word_1_166' title='bbox 340 2301 554 2338; x_wconf 74' lang='grc' dir='ltr'><strong><em>κτημαις</em></strong></span> <span class='ocrx_word' id='word_1_167' title='bbox 585 2287 644 2325; x_wconf 81' lang='lat' dir='ltr'>sed</span> <span class='ocrx_word' id='word_1_168' title='bbox 663 2289 891 2339; x_wconf 78' lang='lat' dir='ltr'>perturbatus</span> <span class='ocrx_word' id='word_1_169' title='bbox 925 2301 1000 2325; x_wconf 77' lang='lat' dir='ltr'>sum</span> 
     </span>
     <span class='ocr_line' id='line_1_35' title="bbox 342 2340 1000 2395; baseline 0.003 -13"><span class='ocrx_word' id='word_1_170' title='bbox 342 2346 470 2383; x_wconf 78' lang='lat' dir='ltr'>animo.</span> <span class='ocrx_word' id='word_1_171' title='bbox 529 2344 641 2390; x_wconf 81' lang='lat' dir='ltr'>Quod</span> <span class='ocrx_word' id='word_1_172' title='bbox 660 2345 830 2395; x_wconf 85' lang='lat' dir='ltr'>sequitur</span> <span class='ocrx_word' id='word_1_173' title='bbox 850 2343 893 2383; x_wconf 81' lang='grc' dir='ltr'>ἐν</span> <span class='ocrx_word' id='word_1_174' title='bbox 919 2340 1000 2384; x_wconf 66' lang='lat' dir='ltr'>du-</span> 
     </span>
     <span class='ocr_line' id='line_1_36' title="bbox 341 2397 1000 2455; baseline -0.005 -15"><span class='ocrx_word' id='word_1_175' title='bbox 341 2416 397 2455; x_wconf 75' lang='grc' dir='ltr'>γῳ</span> <span class='ocrx_word' id='word_1_176' title='bbox 420 2397 534 2455; x_wconf 74' lang='grc' dir='ltr'><strong><em>χώρῳ</em></strong></span> <span class='ocrx_word' id='word_1_177' title='bbox 571 2404 632 2445; x_wconf 80' lang='lat' dir='ltr'>(in</span> <span class='ocrx_word' id='word_1_178' title='bbox 656 2403 786 2450; x_wconf 73' lang='lat' dir='ltr'>exiguo</span> <span class='ocrx_word' id='word_1_179' title='bbox 804 2401 894 2448; x_wconf 86' lang='lat' dir='ltr'>loco)</span> <span class='ocrx_word' id='word_1_180' title='bbox 915 2414 1000 2438; x_wconf 90' lang='lat' dir='ltr'>me-</span> 
     </span>
     <span class='ocr_line' id='line_1_37' title="bbox 343 2456 1000 2509; baseline 0 -14"><span class='ocrx_word' id='word_1_181' title='bbox 343 2460 414 2495; x_wconf 82' lang='lat' dir='ltr'>rito</span> <span class='ocrx_word' id='word_1_182' title='bbox 445 2456 593 2495; x_wconf 85' lang='lat' dir='ltr'>dudum</span> <span class='ocrx_word' id='word_1_183' title='bbox 620 2458 814 2509; x_wconf 81' lang='lat' dir='ltr'>placuerat</span> <span class='ocrx_word' id='word_1_184' title='bbox 841 2459 1000 2496; x_wconf 58' lang='lat' dir='ltr'>WVesse-</span> 
     </span>
     <span class='ocr_line' id='line_1_38' title="bbox 343 2514 999 2566; baseline 0.008 -15"><span class='ocrx_word' id='word_1_185' title='bbox 343 2515 460 2564; x_wconf 78' lang='lat' dir='ltr'>lingio</span> <span class='ocrx_word' id='word_1_186' title='bbox 481 2516 577 2552; x_wconf 85' lang='lat' dir='ltr'>Diss.</span> <span class='ocrx_word' id='word_1_187' title='bbox 599 2514 740 2554; x_wconf 84' lang='lat' dir='ltr'>Herod.</span> <span class='ocrx_word' id='word_1_188' title='bbox 767 2516 825 2552; x_wconf 86' lang='lat' dir='ltr'>XI</span> <span class='ocrx_word' id='word_1_189' title='bbox 844 2528 882 2566; x_wconf 88' lang='lat' dir='ltr'>p.</span> <span class='ocrx_word' id='word_1_190' title='bbox 904 2516 999 2562; x_wconf 74' lang='lat'>205,</span> 
     </span>
     <span class='ocr_line' id='line_1_39' title="bbox 343 2570 1002 2623; baseline 0.003 -17"><span class='ocrx_word' id='word_1_191' title='bbox 343 2570 511 2622; x_wconf 84' lang='lat' dir='ltr'>indeque</span> <span class='ocrx_word' id='word_1_192' title='bbox 529 2573 643 2609; x_wconf 81' lang='lat' dir='ltr'>etiam</span> <span class='ocrx_word' id='word_1_193' title='bbox 665 2585 715 2610; x_wconf 84' lang='lat' dir='ltr'>ex</span> <span class='ocrx_word' id='word_1_194' title='bbox 735 2584 801 2608; x_wconf 86' lang='lat' dir='ltr'>ora</span> <span class='ocrx_word' id='word_1_195' title='bbox 816 2570 1002 2623; x_wconf 81' lang='lat' dir='ltr'>Stephani</span> 
     </span>
     <span class='ocr_line' id='line_1_40' title="bbox 344 2627 1002 2680; baseline 0.003 -16"><span class='ocrx_word' id='word_1_196' title='bbox 344 2627 567 2679; x_wconf 83' lang='lat' dir='ltr'>duobusque</span> <span class='ocrx_word' id='word_1_197' title='bbox 589 2628 701 2666; x_wconf 84' lang='lat' dir='ltr'><strong>codd.</strong></span> <span class='ocrx_word' id='word_1_198' title='bbox 719 2635 915 2680; x_wconf 83' lang='lat' dir='ltr'>receptum</span> <span class='ocrx_word' id='word_1_199' title='bbox 935 2636 1002 2677; x_wconf 87' lang='lat' dir='ltr'>est,</span> 
     </span>
     <span class='ocr_line' id='line_1_41' title="bbox 347 2681 1003 2738; baseline 0.006 -17"><span class='ocrx_word' id='word_1_200' title='bbox 347 2697 437 2721; x_wconf 59' lang='lat' dir='ltr'>erm</span> <span class='ocrx_word' id='word_1_201' title='bbox 452 2687 567 2735; x_wconf 75' lang='lat' dir='ltr'>vulgo</span> <span class='ocrx_word' id='word_1_202' title='bbox 590 2692 686 2723; x_wconf 85' lang='lat' dir='ltr'>esset</span> <span class='ocrx_word' id='word_1_203' title='bbox 706 2685 749 2726; x_wconf 86' lang='grc' dir='ltr'>έν</span> <span class='ocrx_word' id='word_1_204' title='bbox 776 2681 892 2738; x_wconf 81' lang='grc' dir='ltr'><strong><em>ὀλίγῳ</em></strong></span> <span class='ocrx_word' id='word_1_205' title='bbox 909 2681 1003 2737; x_wconf 82' lang='grc' dir='ltr'><strong><em>χρό-</em></strong></span> 
     </span>
     <span class='ocr_line' id='line_1_42' title="bbox 345 2742 1004 2793; baseline 0.002 -14"><span class='ocrx_word' id='word_1_206' title='bbox 345 2755 415 2793; x_wconf 76' lang='grc' dir='ltr'><strong><em>νῳ,</em></strong></span> <span class='ocrx_word' id='word_1_207' title='bbox 445 2742 547 2792; x_wconf 84' lang='lat' dir='ltr'>qnod</span> <span class='ocrx_word' id='word_1_208' title='bbox 568 2744 627 2779; x_wconf 73' lang='lat' dir='ltr'>vel</span> <span class='ocrx_word' id='word_1_209' title='bbox 644 2742 838 2780; x_wconf 77' lang='lat' dir='ltr'>Sancrofti</span> <span class='ocrx_word' id='word_1_210' title='bbox 851 2743 947 2779; x_wconf 87' lang='lat' dir='ltr'>liber</span> <span class='ocrx_word' id='word_1_211' title='bbox 967 2750 1004 2780; x_wconf 88' lang='lat' dir='ltr'>et</span> 
     </span>
     <span class='ocr_line' id='line_1_43' title="bbox 345 2798 1003 2840; baseline 0.009 -6"><span class='ocrx_word' id='word_1_212' title='bbox 345 2798 551 2835; x_wconf 78' lang='lat' dir='ltr'>Florentin.</span> <span class='ocrx_word' id='word_1_213' title='bbox 594 2813 682 2836; x_wconf 71' lang='lat' dir='ltr'>cnm</span> <span class='ocrx_word' id='word_1_214' title='bbox 713 2800 792 2837; x_wconf 79' lang='lat' dir='ltr'>allis</span> <span class='ocrx_word' id='word_1_215' title='bbox 826 2800 1003 2840; x_wconf 81' lang='lat' dir='ltr'>retinent.</span> 
     </span>
    </p>
   </div>
   <div class='ocr_carea' id='block_1_9' title="bbox 1047 1102 1712 1213">
    <p class='ocr_par' dir='ltr' id='par_1_9' title="bbox 1047 1102 1712 1213">
     <span class='ocr_line' id='line_1_44' title="bbox 1047 1102 1711 1157; baseline -0.003 -15"><span class='ocrx_word' id='word_1_216' title='bbox 1047 1107 1142 1143; x_wconf 80' lang='lat' dir='ltr'>Mox</span> <span class='ocrx_word' id='word_1_217' title='bbox 1161 1118 1230 1156; x_wconf 90' lang='lat' dir='ltr'>pro</span> <span class='ocrx_word' id='word_1_218' title='bbox 1249 1102 1574 1156; x_wconf 80' lang='grc' dir='ltr'><strong><em>κατειλημμέναι,</em></strong></span> <span class='ocrx_word' id='word_1_219' title='bbox 1605 1102 1711 1157; x_wconf 87' lang='lat' dir='ltr'>quod</span> 
     </span>
     <span class='ocr_line' id='line_1_45' title="bbox 1048 1161 1712 1213; baseline -0.003 -14"><span class='ocrx_word' id='word_1_220' title='bbox 1048 1176 1147 1200; x_wconf 90' lang='lat' dir='ltr'>unus</span> <span class='ocrx_word' id='word_1_221' title='bbox 1167 1163 1321 1199; x_wconf 84' lang='lat' dir='ltr'>retinuit</span> <span class='ocrx_word' id='word_1_222' title='bbox 1340 1161 1580 1209; x_wconf 84' lang='lat' dir='ltr'>Schaeferus,</span> <span class='ocrx_word' id='word_1_223' title='bbox 1599 1162 1712 1213; x_wconf 80' lang='lat' dir='ltr'>equi-</span> 
     </span>
    </p>
   </div>
   <div class='ocr_carea' id='block_1_10' title="bbox 1050 1217 1712 1329">
    <p class='ocr_par' dir='ltr' id='par_1_10' title="bbox 1050 1217 1712 1329">
     <span class='ocr_line' id='line_1_46' title="bbox 1050 1217 1712 1272; baseline -0.003 -16"><span class='ocrx_word' id='word_1_224' title='bbox 1050 1218 1142 1257; x_wconf 85' lang='lat' dir='ltr'>dem</span> <span class='ocrx_word' id='word_1_225' title='bbox 1171 1232 1262 1256; x_wconf 89' lang='lat' dir='ltr'>cum</span> <span class='ocrx_word' id='word_1_226' title='bbox 1287 1220 1443 1272; x_wconf 86' lang='lat' dir='ltr'>reliquis</span> <span class='ocrx_word' id='word_1_227' title='bbox 1473 1217 1563 1256; x_wconf 81' lang='lat' dir='ltr'>dedi</span> <span class='ocrx_word' id='word_1_228' title='bbox 1584 1231 1712 1259; x_wconf 75' lang='grc' dir='ltr'><strong><em>κατει-</em></strong></span> 
     </span>
     <span class='ocr_line' id='line_1_47' title="bbox 1050 1274 1554 1329; baseline -0.004 -13"><span class='ocrx_word' id='word_1_229' title='bbox 1050 1274 1232 1329; x_wconf 80' lang='grc' dir='ltr'><strong><em>λημέναι.</em></strong></span> <span class='ocrx_word' id='word_1_230' title='bbox 1287 1275 1375 1315; x_wconf 84' lang='lat' dir='ltr'>Vid.</span> <span class='ocrx_word' id='word_1_231' title='bbox 1395 1276 1464 1326; x_wconf 91' lang='lat' dir='ltr'>IX,</span> <span class='ocrx_word' id='word_1_232' title='bbox 1485 1278 1554 1317; x_wconf 82' lang='lat'>31.</span> 
     </span>
    </p>
   </div>
   <div class='ocr_carea' id='block_1_11' title="bbox 1053 1375 1718 2840">
    <p class='ocr_par' dir='ltr' id='par_1_11' title="bbox 1053 1375 1718 2840">
     <span class='ocr_line' id='line_1_48' title="bbox 1109 1375 1713 1430; baseline 0.002 -13"><span class='ocrx_word' id='word_1_233' title='bbox 1109 1378 1443 1430; x_wconf 83' lang='grc' dir='ltr'><strong><em>Λακεδαιμονίων</em></strong></span> <span class='ocrx_word' id='word_1_234' title='bbox 1483 1375 1527 1418; x_wconf 79' lang='grc' dir='ltr'>δὲ</span> <span class='ocrx_word' id='word_1_235' title='bbox 1554 1379 1635 1418; x_wconf 78' lang='grc' dir='ltr'>τῶν</span> <span class='ocrx_word' id='word_1_236' title='bbox 1669 1376 1713 1418; x_wconf 77' lang='grc' dir='ltr'>ἐκ</span> 
     </span>
     <span class='ocr_line' id='line_1_49' title="bbox 1053 1433 1715 1488; baseline -0.006 -13"><span class='ocrx_word' id='word_1_237' title='bbox 1053 1433 1261 1488; x_wconf 74' lang='grc' dir='ltr'><strong><em>Σπάρτης]</em></strong></span> <span class='ocrx_word' id='word_1_238' title='bbox 1284 1439 1366 1473; x_wconf 85' lang='lat' dir='ltr'>Hoc</span> <span class='ocrx_word' id='word_1_239' title='bbox 1386 1437 1471 1473; x_wconf 85' lang='lat' dir='ltr'>loco</span> <span class='ocrx_word' id='word_1_240' title='bbox 1497 1434 1633 1472; x_wconf 86' lang='lat' dir='ltr'>diserte</span> <span class='ocrx_word' id='word_1_241' title='bbox 1642 1435 1715 1486; x_wconf 86' lang='lat' dir='ltr'>ipsi</span> 
     </span>
     <span class='ocr_line' id='line_1_50' title="bbox 1053 1492 1714 1544; baseline -0.003 -14"><span class='ocrx_word' id='word_1_242' title='bbox 1053 1493 1231 1544; x_wconf 82' lang='lat' dir='ltr'>Spartani</span> <span class='ocrx_word' id='word_1_243' title='bbox 1265 1492 1550 1544; x_wconf 81' lang='lat' dir='ltr'>distinguuntur</span> <span class='ocrx_word' id='word_1_244' title='bbox 1579 1505 1601 1529; x_wconf 90' lang='lat' dir='ltr'>a</span> <span class='ocrx_word' id='word_1_245' title='bbox 1628 1492 1714 1529; x_wconf 87' lang='lat' dir='ltr'>reli-</span> 
     </span>
     <span class='ocr_line' id='line_1_51' title="bbox 1055 1549 1714 1601; baseline 0 -15"><span class='ocrx_word' id='word_1_246' title='bbox 1055 1551 1138 1601; x_wconf 86' lang='lat' dir='ltr'>quis</span> <span class='ocrx_word' id='word_1_247' title='bbox 1184 1556 1307 1587; x_wconf 84' lang='lat' dir='ltr'>terrae</span> <span class='ocrx_word' id='word_1_248' title='bbox 1349 1551 1539 1587; x_wconf 85' lang='lat' dir='ltr'>Laconiae</span> <span class='ocrx_word' id='word_1_249' title='bbox 1577 1549 1714 1586; x_wconf 74' lang='lat' dir='ltr'>incolis</span> 
     </span>
     <span class='ocr_line' id='line_1_52' title="bbox 1054 1605 1713 1657; baseline -0.006 -12"><span class='ocrx_word' id='word_1_250' title='bbox 1054 1608 1214 1657; x_wconf 79' lang='lat' dir='ltr'>Spartae</span> <span class='ocrx_word' id='word_1_251' title='bbox 1243 1605 1414 1655; x_wconf 74' lang='lat' dir='ltr'>subditis,</span> <span class='ocrx_word' id='word_1_252' title='bbox 1453 1619 1483 1645; x_wconf 86' lang='lat' dir='ltr'>S.</span> <span class='ocrx_word' id='word_1_253' title='bbox 1516 1606 1713 1656; x_wconf 88' lang='lat' dir='ltr'>perioecis,</span> 
     </span>
     <span class='ocr_line' id='line_1_53' title="bbox 1055 1661 1713 1716; baseline -0.005 -15"><span class='ocrx_word' id='word_1_254' title='bbox 1055 1663 1103 1701; x_wconf 85' lang='lat' dir='ltr'>de</span> <span class='ocrx_word' id='word_1_255' title='bbox 1133 1664 1271 1716; x_wconf 88' lang='lat' dir='ltr'>quibus</span> <span class='ocrx_word' id='word_1_256' title='bbox 1307 1663 1387 1702; x_wconf 77' lang='lat' dir='ltr'>vid.</span> <span class='ocrx_word' id='word_1_257' title='bbox 1421 1670 1518 1700; x_wconf 87' lang='lat' dir='ltr'>nott.</span> <span class='ocrx_word' id='word_1_258' title='bbox 1545 1661 1594 1699; x_wconf 83' lang='lat' dir='ltr'>ad</span> <span class='ocrx_word' id='word_1_259' title='bbox 1631 1663 1713 1710; x_wconf 85' lang='lat' dir='ltr'>VII,</span> 
     </span>
     <span class='ocr_line' id='line_1_54' title="bbox 1055 1719 1715 1770; baseline -0.011 -9"><span class='ocrx_word' id='word_1_260' title='bbox 1055 1720 1149 1761; x_wconf 77' lang='lat'>234.</span> <span class='ocrx_word' id='word_1_261' title='bbox 1171 1722 1240 1768; x_wconf 70' lang='lat' dir='ltr'>IX,</span> <span class='ocrx_word' id='word_1_262' title='bbox 1266 1723 1330 1760; x_wconf 86' lang='lat'>11.</span> <span class='ocrx_word' id='word_1_263' title='bbox 1386 1721 1621 1757; x_wconf 74' lang='lat' dir='ltr'>Eximuutur</span> <span class='ocrx_word' id='word_1_264' title='bbox 1639 1719 1715 1770; x_wconf 85' lang='lat' dir='ltr'>igi-</span> 
     </span>
     <span class='ocr_line' id='line_1_55' title="bbox 1054 1776 1717 1828; baseline -0.006 -13"><span class='ocrx_word' id='word_1_265' title='bbox 1054 1784 1117 1815; x_wconf 88' lang='lat' dir='ltr'>tur</span> <span class='ocrx_word' id='word_1_266' title='bbox 1137 1791 1185 1814; x_wconf 84' lang='lat' dir='ltr'>ex</span> <span class='ocrx_word' id='word_1_267' title='bbox 1200 1776 1274 1815; x_wconf 88' lang='lat' dir='ltr'>hoc</span> <span class='ocrx_word' id='word_1_268' title='bbox 1290 1778 1566 1828; x_wconf 81' lang='lat' dir='ltr'>Spartanorum</span> <span class='ocrx_word' id='word_1_269' title='bbox 1584 1776 1625 1812; x_wconf 90' lang='lat' dir='ltr'>in</span> <span class='ocrx_word' id='word_1_270' title='bbox 1640 1788 1717 1826; x_wconf 90' lang='lat' dir='ltr'>pu-</span> 
     </span>
     <span class='ocr_line' id='line_1_56' title="bbox 1055 1831 1718 1884; baseline -0.002 -13"><span class='ocrx_word' id='word_1_271' title='bbox 1055 1847 1132 1884; x_wconf 84' lang='lat' dir='ltr'>gna</span> <span class='ocrx_word' id='word_1_272' title='bbox 1161 1847 1359 1871; x_wconf 84' lang='lat' dir='ltr'>caesorum</span> <span class='ocrx_word' id='word_1_273' title='bbox 1390 1846 1552 1870; x_wconf 86' lang='lat' dir='ltr'>numero</span> <span class='ocrx_word' id='word_1_274' title='bbox 1571 1831 1718 1870; x_wconf 80' lang='lat' dir='ltr'>helotes</span> 
     </span>
     <span class='ocr_line' id='line_1_57' title="bbox 1056 1892 1716 1944; baseline -0.003 -16"><span class='ocrx_word' id='word_1_275' title='bbox 1056 1899 1093 1928; x_wconf 89' lang='lat' dir='ltr'>et</span> <span class='ocrx_word' id='word_1_276' title='bbox 1122 1892 1298 1942; x_wconf 85' lang='lat' dir='ltr'>perioeci,</span> <span class='ocrx_word' id='word_1_277' title='bbox 1329 1892 1393 1944; x_wconf 89' lang='lat' dir='ltr'>qui</span> <span class='ocrx_word' id='word_1_278' title='bbox 1422 1892 1462 1928; x_wconf 82' lang='lat' dir='ltr'>in</span> <span class='ocrx_word' id='word_1_279' title='bbox 1491 1902 1622 1942; x_wconf 87' lang='lat' dir='ltr'>pugna</span> <span class='ocrx_word' id='word_1_280' title='bbox 1648 1902 1716 1926; x_wconf 93' lang='lat' dir='ltr'>oc-</span> 
     </span>
     <span class='ocr_line' id='line_1_58' title="bbox 1056 1946 1717 1998; baseline -0.003 -13"><span class='ocrx_word' id='word_1_281' title='bbox 1056 1949 1280 1986; x_wconf 84' lang='lat' dir='ltr'>cubuerant.</span> <span class='ocrx_word' id='word_1_282' title='bbox 1338 1950 1490 1998; x_wconf 80' lang='lat' dir='ltr'>„Aegre</span> <span class='ocrx_word' id='word_1_283' title='bbox 1521 1946 1594 1983; x_wconf 90' lang='lat' dir='ltr'>fert</span> <span class='ocrx_word' id='word_1_284' title='bbox 1623 1947 1717 1984; x_wconf 83' lang='lat' dir='ltr'>Plu-</span> 
     </span>
     <span class='ocr_line' id='line_1_59' title="bbox 1055 2003 1716 2053; baseline -0.003 -12"><span class='ocrx_word' id='word_1_285' title='bbox 1055 2004 1207 2042; x_wconf 82' lang='lat' dir='ltr'>tarchus</span> <span class='ocrx_word' id='word_1_286' title='bbox 1236 2007 1294 2042; x_wconf 87' lang='lat' dir='ltr'>De</span> <span class='ocrx_word' id='word_1_287' title='bbox 1322 2004 1467 2043; x_wconf 87' lang='lat' dir='ltr'>Herod.</span> <span class='ocrx_word' id='word_1_288' title='bbox 1497 2004 1655 2053; x_wconf 83' lang='lat' dir='ltr'>Maligu.</span> <span class='ocrx_word' id='word_1_289' title='bbox 1679 2003 1716 2039; x_wconf 87' lang='lat'>11</span> 
     </span>
     <span class='ocr_line' id='line_1_60' title="bbox 1055 2060 1717 2113; baseline -0.005 -14"><span class='ocrx_word' id='word_1_290' title='bbox 1055 2076 1092 2113; x_wconf 91' lang='lat' dir='ltr'>p.</span> <span class='ocrx_word' id='word_1_291' title='bbox 1115 2065 1197 2104; x_wconf 79' lang='lat'>872</span> <span class='ocrx_word' id='word_1_292' title='bbox 1218 2063 1260 2100; x_wconf 84' lang='lat' dir='ltr'>C.</span> <span class='ocrx_word' id='word_1_293' title='bbox 1290 2061 1407 2112; x_wconf 87' lang='lat' dir='ltr'>(suut</span> <span class='ocrx_word' id='word_1_294' title='bbox 1429 2062 1545 2099; x_wconf 84' lang='lat' dir='ltr'>verba</span> <span class='ocrx_word' id='word_1_295' title='bbox 1570 2060 1717 2097; x_wconf 79' lang='lat' dir='ltr'>Valcke-</span> 
     </span>
     <span class='ocr_line' id='line_1_61' title="bbox 1057 2116 1716 2167; baseline -0.005 -12"><span class='ocrx_word' id='word_1_296' title='bbox 1057 2121 1191 2167; x_wconf 75' lang='lat' dir='ltr'>uaeriz‘)</span> <span class='ocrx_word' id='word_1_297' title='bbox 1221 2120 1319 2156; x_wconf 89' lang='lat' dir='ltr'>solos</span> <span class='ocrx_word' id='word_1_298' title='bbox 1347 2120 1483 2156; x_wconf 86' lang='lat' dir='ltr'>Nostro</span> <span class='ocrx_word' id='word_1_299' title='bbox 1511 2116 1716 2154; x_wconf 86' lang='lat' dir='ltr'>memorari</span> 
     </span>
     <span class='ocr_line' id='line_1_62' title="bbox 1056 2174 1716 2224; baseline -0.002 -13"><span class='ocrx_word' id='word_1_300' title='bbox 1056 2174 1401 2222; x_wconf 85' lang='lat' dir='ltr'>Lacedaemonios,</span> <span class='ocrx_word' id='word_1_301' title='bbox 1451 2175 1640 2224; x_wconf 80' lang='lat' dir='ltr'>Tegeatas</span> <span class='ocrx_word' id='word_1_302' title='bbox 1679 2180 1716 2210; x_wconf 85' lang='lat' dir='ltr'>et</span> 
     </span>
     <span class='ocr_line' id='line_1_63' title="bbox 1057 2229 1716 2283; baseline -0.003 -15"><span class='ocrx_word' id='word_1_303' title='bbox 1057 2230 1329 2280; x_wconf 87' lang='lat' dir='ltr'>Athenienses‚·</span> <span class='ocrx_word' id='word_1_304' title='bbox 1377 2243 1543 2283; x_wconf 87' lang='lat' dir='ltr'>quorum</span> <span class='ocrx_word' id='word_1_305' title='bbox 1564 2229 1605 2266; x_wconf 92' lang='lat' dir='ltr'>hi</span> <span class='ocrx_word' id='word_1_306' title='bbox 1625 2243 1716 2267; x_wconf 86' lang='lat' dir='ltr'>cum</span> 
     </span>
     <span class='ocr_line' id='line_1_64' title="bbox 1056 2287 1717 2339; baseline -0.003 -14"><span class='ocrx_word' id='word_1_307' title='bbox 1056 2287 1253 2326; x_wconf 86' lang='lat' dir='ltr'>Thebanis</span> <span class='ocrx_word' id='word_1_308' title='bbox 1268 2290 1543 2339; x_wconf 79' lang='lat' dir='ltr'>pugnaverint,</span> <span class='ocrx_word' id='word_1_309' title='bbox 1559 2288 1614 2323; x_wconf 88' lang='lat' dir='ltr'>illi</span> <span class='ocrx_word' id='word_1_310' title='bbox 1626 2299 1717 2324; x_wconf 88' lang='lat' dir='ltr'>cum</span> 
     </span>
     <span class='ocr_line' id='line_1_65' title="bbox 1057 2345 1716 2397; baseline -0.002 -16"><span class='ocrx_word' id='word_1_311' title='bbox 1057 2345 1244 2393; x_wconf 81' lang='lat' dir='ltr'>barbaris,</span> <span class='ocrx_word' id='word_1_312' title='bbox 1275 2353 1388 2397; x_wconf 81' lang='lat' dir='ltr'>atque</span> <span class='ocrx_word' id='word_1_313' title='bbox 1409 2346 1461 2381; x_wconf 81' lang='lat' dir='ltr'>ita</span> <span class='ocrx_word' id='word_1_314' title='bbox 1476 2351 1617 2381; x_wconf 82' lang='lat' dir='ltr'>ceteras</span> <span class='ocrx_word' id='word_1_315' title='bbox 1633 2356 1716 2382; x_wconf 88' lang='lat' dir='ltr'>om-</span> 
     </span>
     <span class='ocr_line' id='line_1_66' title="bbox 1056 2400 1715 2452; baseline -0.002 -14"><span class='ocrx_word' id='word_1_316' title='bbox 1056 2415 1123 2439; x_wconf 87' lang='lat' dir='ltr'>nes</span> <span class='ocrx_word' id='word_1_317' title='bbox 1163 2403 1330 2439; x_wconf 77' lang='lat' dir='ltr'>civitates</span> <span class='ocrx_word' id='word_1_318' title='bbox 1359 2401 1432 2438; x_wconf 87' lang='lat' dir='ltr'>hoc</span> <span class='ocrx_word' id='word_1_319' title='bbox 1461 2400 1608 2438; x_wconf 85' lang='lat' dir='ltr'>honore</span> <span class='ocrx_word' id='word_1_320' title='bbox 1634 2401 1715 2452; x_wconf 87' lang='lat' dir='ltr'>pri-</span> 
     </span>
     <span class='ocr_line' id='line_1_67' title="bbox 1056 2458 1717 2496; baseline -0.002 -1"><span class='ocrx_word' id='word_1_321' title='bbox 1056 2460 1147 2496; x_wconf 80' lang='lat' dir='ltr'>vari.</span> <span class='ocrx_word' id='word_1_322' title='bbox 1205 2458 1315 2495; x_wconf 87' lang='lat' dir='ltr'>Idem</span> <span class='ocrx_word' id='word_1_323' title='bbox 1347 2460 1502 2495; x_wconf 78' lang='lat' dir='ltr'>miratus</span> <span class='ocrx_word' id='word_1_324' title='bbox 1522 2459 1561 2495; x_wconf 90' lang='lat' dir='ltr'>in</span> <span class='ocrx_word' id='word_1_325' title='bbox 1580 2458 1717 2495; x_wconf 82' lang='lat' dir='ltr'>Aristi-</span> 
     </span>
     <span class='ocr_line' id='line_1_68' title="bbox 1058 2515 1716 2570; baseline -0.011 -13"><span class='ocrx_word' id='word_1_326' title='bbox 1058 2515 1105 2551; x_wconf 78' lang='lat' dir='ltr'>de</span> <span class='ocrx_word' id='word_1_327' title='bbox 1133 2516 1259 2570; x_wconf 55' lang='lat'>[191</span> <span class='ocrx_word' id='word_1_328' title='bbox 1277 2529 1365 2566; x_wconf 72' lang='lat' dir='ltr'>pag.</span> <span class='ocrx_word' id='word_1_329' title='bbox 1393 2519 1474 2556; x_wconf 81' lang='lat'>330</span> <span class='ocrx_word' id='word_1_330' title='bbox 1495 2516 1537 2554; x_wconf 82' lang='lat' dir='ltr'>F.</span> <span class='ocrx_word' id='word_1_331' title='bbox 1557 2516 1716 2565; x_wconf 85' lang='lat' dir='ltr'>opponit</span> 
     </span>
     <span class='ocr_line' id='line_1_69' title="bbox 1058 2571 1715 2623; baseline 0.002 -16"><span class='ocrx_word' id='word_1_332' title='bbox 1058 2571 1253 2609; x_wconf 79' lang='lat' dir='ltr'>Herodoto</span> <span class='ocrx_word' id='word_1_333' title='bbox 1273 2585 1480 2609; x_wconf 85' lang='lat' dir='ltr'>numerum</span> <span class='ocrx_word' id='word_1_334' title='bbox 1511 2573 1552 2608; x_wconf 89' lang='lat' dir='ltr'>in</span> <span class='ocrx_word' id='word_1_335' title='bbox 1572 2572 1715 2623; x_wconf 88' lang='lat' dir='ltr'>proelio</span> 
     </span>
     <span class='ocr_line' id='line_1_70' title="bbox 1057 2629 1715 2666; baseline -0.002 -1"><span class='ocrx_word' id='word_1_336' title='bbox 1057 2629 1343 2666; x_wconf 78' lang='lat' dir='ltr'>interfectorum</span> <span class='ocrx_word' id='word_1_337' title='bbox 1389 2636 1426 2666; x_wconf 85' lang='lat' dir='ltr'>et</span> <span class='ocrx_word' id='word_1_338' title='bbox 1463 2635 1715 2666; x_wconf 78' lang='lat' dir='ltr'>monumenta</span> 
     </span>
     <span class='ocr_line' id='line_1_71' title="bbox 1058 2687 1714 2738; baseline -0.003 -16"><span class='ocrx_word' id='word_1_339' title='bbox 1058 2687 1230 2737; x_wconf 88' lang='lat' dir='ltr'>publica;</span> <span class='ocrx_word' id='word_1_340' title='bbox 1277 2694 1391 2738; x_wconf 83' lang='lat' dir='ltr'>atque</span> <span class='ocrx_word' id='word_1_341' title='bbox 1424 2687 1464 2722; x_wconf 85' lang='lat' dir='ltr'>in</span> <span class='ocrx_word' id='word_1_342' title='bbox 1494 2687 1714 2722; x_wconf 79' lang='lat' dir='ltr'>universum</span> 
     </span>
     <span class='ocr_line' id='line_1_72' title="bbox 1059 2742 1714 2780; baseline -0.006 0"><span class='ocrx_word' id='word_1_343' title='bbox 1059 2742 1236 2780; x_wconf 66' lang='lat' dir='ltr'>cecidisse</span> <span class='ocrx_word' id='word_1_344' title='bbox 1252 2743 1362 2780; x_wconf 84' lang='lat' dir='ltr'>docet</span> <span class='ocrx_word' id='word_1_345' title='bbox 1383 2744 1545 2779; x_wconf 80' lang='lat' dir='ltr'>Graecos</span> <span class='ocrx_word' id='word_1_346' title='bbox 1564 2742 1714 2778; x_wconf 87' lang='lat' dir='ltr'>liberta-</span> 
     </span>
     <span class='ocr_line' id='line_1_73' title="bbox 1060 2799 1715 2840; baseline -0.006 -2"><span class='ocrx_word' id='word_1_347' title='bbox 1060 2802 1105 2840; x_wconf 71' lang='lat' dir='ltr'>fis</span> <span class='ocrx_word' id='word_1_348' title='bbox 1126 2799 1341 2839; x_wconf 72' lang='lat' dir='ltr'>defensores</span> <span class='ocrx_word' id='word_1_349' title='bbox 1356 2800 1459 2837; x_wconf 87' lang='lat' dir='ltr'>mille</span> <span class='ocrx_word' id='word_1_350' title='bbox 1480 2805 1665 2836; x_wconf 81' lang='lat' dir='ltr'>trecentos</span> <span class='ocrx_word' id='word_1_351' title='bbox 1678 2805 1715 2834; x_wconf 88' lang='lat' dir='ltr'>et</span> 
     </span>
    </p>
   </div>
  </div>
 </body>
</html>
