1839 3292
457 224 921 265 CALLIOPE.

978 224 997 260 1
1006 223 1058 261 X.
1303 227 1385 265 289

131 355 235 397 χου,
263 335 394 389 ,,οὐκ,
424 335 530 391 ἔφη,
561 334 664 385 τούς
682 334 850 386 ξείνους
868 331 1119 389 φεύξεσθαι,
1152 330 1253 376 οὐδὲ
1276 331 1388 375 ἑκών

132 404 268 459 ,,εἷναι
297 404 537 459 αἰσχυνέειν
552 402 634 458 τήν
654 400 911 457 Σπάρτην.“
939 399 1160 456 ἐθωύμαζέ
1183 416 1227 442 τε
1251 398 1390 454 ὁρέων

129 474 177 518 τὸ
207 473 490 527 ποιεύμενον,
527 470 598 513 ἅτε
629 467 681 512 οὐ
711 468 1065 524 παραγενόμενος
1103 471 1164 523 τῷ
1192 467 1444 523 προτέρῳ45

100 539 256 599 Βλόγῳ.
315 537 338 583 ὁ
371 540 416 583 δὲ
447 538 700 591 Παυσανίης
734 551 780 578 τε
816 536 889 578 καὶ
927 534 950 578 ὁ
980 533 1216 588 Εὐρυάναξ
1245 535 1391 578 δεινὸν

128 606 208 662 μὲν
235 606 460 650 ἐποιεῦντο
489 606 539 648 τό
578 603 635 660 μή
671 604 902 646 πείθεσθαι
931 602 1097 644 ἐκεῖνον
1127 604 1271 657 σφίσι,
1309 604 1390 646 δει-

128 673 312 729 νότερον
341 675 387 718 δὲ
415 673 495 725 ἔτι,
524 674 673 717 κείνου
691 673 828 713 ταῦτα
856 670 1129 726 νενωμένου,
1162 668 1388 714 ἀπολιπεῖν

73 830 162 869 hors
199 844 296 868 num
328 830 475 869 dicatur
503 829 523 870 ὁ
550 835 728 881 Πιτανη-

72 887 172 928 τέων
196 884 312 939 λόχος
343 901 392 925 an
441 885 463 927 ὁ
493 884 725 939 Πιτανήτεω

73 942 214 995 λόχοςΡ
263 943 342 981 Sed
362 944 512 994 gravius
531 943 606 981 hoc
621 974 631 992 ,
668 957 730 980 ar-

73 1007 303 1051 gumentum
331 1002 406 1038 loci
439 1002 469 1037 si
502 1007 729 1052 spectemus,

74 1056 178 1108 quod
213 1055 460 1108 Thucydides
480 1058 517 1104 I,
547 1060 623 1105 20,
653 1070 729 1108 quo

74 1114 158 1150 loco
179 1126 270 1150 sane
302 1114 540 1150 memorabili
559 1113 731 1150 Herodo-

74 1176 157 1206 tum
177 1171 281 1220 tangi
301 1171 524 1220 opinantur,
558 1167 628 1209 τόν
654 1172 733 1207 Πι-

75 1221 250 1276 τανάτην
276 1222 392 1277 λόχον
414 1238 585 1277 unquam
616 1227 733 1262 exsti-

75 1283 160 1319 tisse
175 1289 303 1332 negat.
365 1282 581 1334 Equidem,
621 1284 734 1318 missa

75 1339 139 1374 illa
173 1337 463 1389 disceptatione,
500 1338 574 1389 qua
608 1341 733 1375 Hero-

77 1394 186 1431 dotus
227 1407 275 1430 an
312 1394 558 1446 Thucydides
608 1407 733 1431 errore

76 1451 189 1487 fuerit
219 1451 344 1502 lapsus
374 1451 585 1502 disquirunt
613 1452 730 1502 inque

77 1506 240 1544 diversas
279 1508 418 1544 abeunt
443 1514 586 1557 partes,
626 1506 731 1544 haud

76 1576 165 1600 sane
198 1564 395 1613 intelligo,
434 1576 501 1600 cur
534 1563 730 1600 Herodoto

77 1632 163 1656 eam
182 1618 378 1656 cohortem
396 1649 406 1668 ,
436 1632 552 1671 quam
572 1621 730 1657 Pitanae

75 1677 180 1712 vicus
209 1675 258 1712 ad
279 1676 555 1727 Spartanorum
583 1677 732 1713 exerci-

75 1739 159 1769 tum
178 1733 301 1782 misit,
333 1732 457 1770 dicere
475 1746 554 1770 11011
583 1734 732 1770 licuerit

77 1788 333 1826 Pitanatarum
387 1788 584 1826 cohortem?
645 1791 732 1826 Fuit

77 1846 181 1880 enim
203 1844 339 1882 Pitana
361 1859 460 1883 unus
481 1859 528 1882 ex
550 1846 736 1898 antiquis-

76 1902 179 1938 simis
200 1901 358 1951 Spartae
386 1903 500 1950 vicis,
538 1909 582 1939 ut
618 1916 735 1939 mon-

77 1958 191 1994 stravi
211 1957 258 1993 ad
278 1959 343 2005 III,
367 1958 441 2005 55,
463 1957 550 1995 add.
573 1960 736 1996 Kortiim

75 2014 117 2049 in
133 2011 341 2051 Schlosser.
362 2021 399 2050 et
410 2013 560 2051 Bercht.
576 2014 734 2053 Archiv.

76 2070 128 2107 IV
148 2082 236 2120 pag.
261 2071 350 2111 142.
373 2070 464 2117 152,
492 2071 559 2107 ubi
577 2072 735 2108 Pitanae

77 2138 220 2162 nomen
248 2139 327 2163 non
357 2125 498 2164 ordinis
523 2127 734 2176 cuiusdam,

77 2181 144 2219 sed
182 2183 256 2219 loci
301 2183 616 2232 significationem
656 2198 735 2222 esse

79 2245 179 2275 recte
199 2238 407 2276 contendit.
454 2241 647 2277 Locorum
668 2254 735 2277 au-

80 2300 159 2330 tem
179 2307 222 2331 ac
236 2296 406 2332 vicorum
423 2298 599 2348 antiquae
615 2298 735 2348 Spar-

82 2355 142 2386 tae
176 2349 475 2389 distributionem
504 2352 552 2390 ad
586 2355 734 2390 exerci-

83 2411 166 2441 tum
186 2419 336 2458 quoque
354 2411 594 2459 pertinuisse,
627 2412 734 2448 cuius

83 2461 162 2499 scil.
182 2463 349 2512 singulae
375 2472 498 2515 partes
527 2467 605 2503 sive
633 2466 734 2504 ordi-

83 2529 151 2554 nes
189 2518 353 2567 singulos
399 2522 581 2560 referrent
618 2525 734 2571 vicos,

83 2573 170 2609 satis
190 2571 371 2611 habemus
392 2578 599 2626 cognitum.
648 2579 735 2617 vid.

84 2629 127 2666 C.
148 2630 191 2665 F.
211 2631 416 2669 Hermann.
430 2634 578 2672 Hellen.
590 2635 738 2673 Staats-

84 2683 233 2722 alterth.
256 2686 293 2731 §.
314 2688 380 2726 29.
409 2688 577 2739 inprimis
595 2699 674 2730 not.
696 2694 736 2731 9.

85 2741 209 2786 Quam
250 2743 365 2791 igitur
397 2744 552 2782 Pitanae
588 2748 736 2785 incolae

85 2798 318 2848 praebebant
346 2798 539 2839 cohortem
558 2803 635 2842 sive
656 2817 737 2842 ma-

141 2856 364 2892 HmzoDOT.
392 2857 456 2894 IV.

784 831 982 882 nipulum,
1015 843 1105 866 eum
1124 828 1187 867 hic
1213 831 1340 867 vocari
1361 831 1445 867 exi-

784 889 911 935 stimo,
930 887 1114 938 probante
1136 900 1289 939 quoque
1299 889 1445 937 Negris,

783 941 854 984 τὸν
882 942 1137 994 Πιτανητέων
1159 941 1300 994 λόχον,
1331 957 1444 995 prae-

785 1002 914 1037 sertim
936 1013 1025 1037 cum
1044 1001 1170 1050 ipsum
1189 1001 1299 1036 illum
1315 1002 1444 1038 vicum

785 1059 920 1093 Noster
930 1057 1063 1093 adierit
1076 1057 1206 1108 ibique
1218 1059 1333 1094 etiam
1344 1064 1444 1094 certe

787 1113 1021 1165 aliquamdiu
1073 1121 1327 1150 commoratus
1385 1114 1445 1150 sit.

787 1170 871 1206 Vid.
892 1171 955 1215 HI,
973 1170 1025 1210 55
1046 1169 1173 1221 ibique
1194 1177 1287 1207 nott.
1320 1171 1446 1215 Quare

787 1226 1024 1262 Herodotum
1054 1239 1178 1263 errore
1207 1225 1268 1263 hic
1297 1227 1446 1276 lapsum

789 1296 866 1319 esse
886 1282 989 1319 haud
1018 1281 1111 1318 1111111
1139 1282 1356 1332 persuaderi
1376 1296 1447 1333 pa-

787 1340 871 1375 tiar.
931 1339 1039 1375 Conf.
1063 1340 1175 1375 etiam
1211 1339 1254 1376 C.
1277 1340 1318 1375 Ο.
1342 1340 1446 1375 Miil-

787 1396 852 1431 ler.
874 1397 960 1431 Dor.
983 1396 1017 1429 11
1046 1407 1132 1444 pag.
1156 1394 1232 1441 50,
1267 1397 1332 1431 ubi
1360 1403 1447 1446 apte

787 1452 1018 1488 caracallam
1056 1452 1324 1500 imperatorem
1357 1465 1446 1501 pro-

784 1509 878 1554 fert,
905 1509 970 1559 qui
990 1508 1146 1558 antiqua
1166 1508 1334 1544 instituta
1356 1509 1446 1544 imi-

786 1572 891 1611 tans,
922 1578 941 1600 e
964 1564 1158 1614 Spartanis
1177 1564 1359 1601 formasse
1386 1563 1447 1600 di-

787 1623 883 1658 citur
920 1616 1035 1670 λόχον
1080 1616 1333 1671 Πιτανάτην,
1363 1623 1446 1657 He-

787 1677 934 1714 rodian.
981 1677 1053 1724 IV,
1093 1679 1131 1718 8.
1180 1677 1267 1713 Alia
1300 1677 1446 1714 dabunt

787 1736 928 1774 Meurs.
962 1734 1084 1770 Lectt.
1113 1734 1193 1770 Att.
1222 1735 1263 1781 I,
1299 1734 1364 1775 15.
1394 1736 1446 1775 16

790 1792 874 1828 0011.
932 1790 1089 1828 Miscell.
1136 1791 1304 1827 Laconn.
1357 1802 1447 1841 pag.

848 1955 942 2005 τούς
968 1958 1148 2007 ξείνους]
1201 1957 1297 1996 Vide
1335 1972 1448 2010 supra

789 2016 866 2063 IX,
913 2018 976 2055 11.
1008 2014 1060 2055 55
1090 2022 1126 2051 et
1155 2014 1204 2051 ad
1241 2015 1461 2058 formulam¹

792 2069 893 2111 ἑκών
925 2067 1027 2110 εἶναι
1046 2071 1086 2106 111
1106 2084 1213 2123 seqq.
1226 2073 1316 2118 VII,
1352 2072 1462 2116 174⁸,

790 2131 847 2165 De
867 2128 984 2164 verbo
1006 2124 1207 2177 αἰσχύνειν
1227 2127 1328 2164 conf.
1350 2131 1458 2166 nott-1

792 2184 840 2222 ad
855 2186 942 2232 VII,
965 2183 1017 2224 53
1040 2190 1076 2220 et
1097 2183 1144 2219 de
1163 2184 1355 2221 locutione
1371 2185 1448 2223 δει-

791 2239 860 2282 νὸν
885 2243 1090 2280 ποιεῖσθαι
1107 2247 1203 2278 11011.
1223 2240 1272 2277 ad
1291 2242 1357 2285 ΠΙ,
1380 2239 1446 2281 14.

847 2351 979 2393 κείνου
997 2354 1122 2391 ταῦτα
1147 2351 1391 2404 νενωμὲνον]
1420 2352 1447 2389 1.

790 2424 821 2449 e.
845 2423 921 2447 cum
939 2409 1000 2446 ille
1012 2407 1350 2460 (Amompharetus
1370 2408 1451 2446 dux

790 2468 889 2517 scil.)
930 2468 985 2504 ita
1018 2479 1131 2503 secum
1167 2467 1377 2509 statuisset,
1417 2477 1450 2501 s.

791 2524 851 2560 lwc
881 2526 966 2560 esset
998 2524 1126 2560 animo.
1183 2520 1395 2573 Hesychius
1413 2521 1451 2557 Π

790 2592 878 2630 pag.
901 2580 982 2618 667
1000 2576 1188 2617 νένωται·
1218 2577 1260 2617 ἐν
1284 2579 1341 2631 νῷ
1361 2576 1449 2627 ἔχει.

791 2635 892 2671 Add.
914 2635 1082 2684 Etymol.
1102 2646 1232 2684 magn.
1257 2646 1345 2684 pag.
1365 2636 1445 2674 601

792 2699 830 2728 et
844 2689 1025 2730 Herodot.
1038 2692 1067 2739 Ι,
1090 2692 1156 2731 68.
1174 2693 1226 2731 77
1238 2690 1330 2742 ibiq,
1352 2696 1448 2726 nott.

791 2749 890 2784 Hinc
910 2746 1010 2782 male
1030 2745 1142 2785 codd.
1155 2745 1313 2800 quidam
1333 2740 1450 2785 ἀναι-

795 2802 979 2855 νομένου.

1135 2860 1186 2899 19
