1839 3292
515 243 551 280 U
578 244 612 279 R
642 243 677 278 A
709 242 744 278 N
773 242 791 277 Ι
818 242 868 278 A.
923 240 1048 278 VIII.
1311 241 1396 281 159

263 355 318 398 Οἱ
343 350 386 396 δ’
418 349 530 406 α’μφὶ
554 348 732 403 Ξέρξεα,
779 346 1021 404 ἐπισχόντες
1049 345 1198 403 ὀλίγας
1233 345 1725 417 ἡμέραςὲὄξῇξξξξτέξῗῐῖῑξψ

148 419 250 478 μετὰ
295 420 374 474 τήν
420 420 686 474 ναυμαχίην,
726 415 957 467 ἐξέλαυνον
987 417 1028 467 ές
1059 416 1281 466 Βοιωτοὺς
1318 416 1397 472 τήν
1453 413 1725 480 ζῗὲξξῐζῡξᾶξᾶἳξξ-

145 487 278 544 αὐτὴν
307 486 424 531 ὁδόν.
484 486 599 537 ἔδοξε
628 484 710 539 γὰρ
742 485 1008 538 Μαρδονίῳ,
1053 483 1140 540 ἅμα
1178 483 1255 538 μὲν
1289 497 1394 535 προ·
1451 479 1725 549 ξζέᾞηξξξξηξξιξζ

142 556 305 610 πέμψαι
345 553 542 610 βασιλέα,
588 551 676 606 ἅμα
715 553 759 594 δὲ
801 550 995 606 ἀνωρίην
1033 549 1144 594 εἶναι
1171 553 1251 593 τοῦ
1281 549 1394 599 ἔτεος
1450 546 1726 614 ξξῇξῑζξζξῑξθθῧξξξῑ

141 623 380 677 πολεμέειν·
410 622 645 678 χειμερίσαι
674 634 718 661 τε
749 617 928 673 ἄμεινον
958 615 1069 661 εἶναι
1091 619 1138 661 ἐν
1171 618 1395 673 Θεσσαλίῃ,

141 691 212 735 καὶ
253 691 392 734 ἔπειτα
430 689 518 744 ἅμα
554 691 613 746 τῷ
652 685 746 740 ἔαρι
803 690 1037 740 πειρᾶσθαι
1074 691 1151 742 τῆς
1182 690 1402 728 Πελοπον-

114 756 299 814 2νήσου.
354 756 427 807 Ὡς
458 757 502 799 δὲ
533 754 714 798 ἀπίκατο
747 753 789 804 ἐς
817 753 897 808 τὴν
922 756 1172 809 Θεσσαλίην,
1202 753 1427 796 ένθαῦταδ

142 823 398 877 Μαρδόνιος
441 823 645 878 ἐξελέγετο
682 823 882 878 πρώτους
925 821 1003 876 μὲν
1034 822 1204 875 Πέρσας
1232 821 1397 872 πάντας
1452 814 1712 881 ἲξξ,,ῃξξὶθ]ἷξξθ

0 365 84 411 [13

1452 613 1492 640 ibi
1529 612 1686 639 Mardonia

1455 646 1531 673 CCC
1550 646 1644 673 millia
1661 646 1714 673 mi-

1458 680 1543 706 litum
1554 680 1723 707 lectissimo-

1458 721 1533 748 rum,
1543 713 1727 748 quibuscum,

1429 746 1727 807 Οξέῗῖἓὲἶιῗιᾷἷὲιῗέἶ

140 891 243 942 τούς
280 892 531 943 ἀθανάτους
560 891 862 945 καλεομένους,
893 890 1006 946 πλὴν
1043 888 1279 945 “Υδάρνεος
1318 893 1397 932 τοῦ
1452 881 1728 948 ζξῗξξῖἑξῗιωΡῖῙᾸζῖα.

140 962 401 1014 στρατηγοῦ·
447 953 576 1009 οὗτος
604 961 688 1015 γάρ
727 959 809 1004 οὐκ
839 960 922 1015 ἔφη
963 959 1189 1009 λείψεσθαι
1218 956 1395 1013 βασιλέ-
1455 949 1550 976 deret.

140 1037 210 1076 ος·
240 1026 345 1081 μετὰ
376 1027 440 1079 δὲ,
472 1031 560 1071 τῶν
591 1026 735 1072 ἄλλων
767 1028 970 1084 Περσέων
1003 1026 1107 1077 τούς
1135 1023 1393 1081 θωρηκοφό-
1407 1029 1452 1064 35

139 1109 258 1149 ρους,
287 1094 359 1137 καὶ
378 1095 457 1151 τὴν
486 1097 618 1139 ἵππον
637 1097 717 1153 τήν
745 1099 906 1153 χιλίην·
937 1095 1011 1138 καὶ
1042 1092 1232 1150 Μήδους
1261 1110 1305 1137 τε
1323 1094 1395 1138 καὶ

279 1322 371 1372 Cap.
401 1321 536 1357 cxm.

142 1398 249 1448 ἔδοξε
259 1397 331 1452 γαρ
344 1399 585 1451 Μαρδονίῳ]
603 1400 635 1434 Ε
648 1399 739 1434 Flo-

85 1458 233 1493 rentino
254 1454 469 1505 Schweigh.
493 1456 647 1491 inseruit
668 1467 738 1491 vo-

86 1513 212 1549 culam
256 1511 322 1551 καὶ
370 1519 456 1548 ante
497 1511 734 1563 Μαρδονίῳ.

83 1568 276 1620 Equidem
297 1581 385 1605 culn
397 1565 531 1604 Matth.
556 1575 592 1604 et
610 1566 736 1606 Bekk.

84 1638 170 1661 eam
198 1624 322 1661 denuo
345 1624 520 1661 exstinxi.
562 1626 636 1661 Pro
657 1623 738 1670 ἐξέ-

82 1683 229 1720 λαυνον
242 1682 375 1732 ApetZ.
397 1681 548 1717 rescribi
558 1682 638 1718 vult
649 1675 738 1730 ἐξή-

82 1740 241 1776 λαυνον.
303 1739 396 1774 Mox
428 1738 618 1774 Saum-ofti
643 1738 737 1773 liber

84 1807 172 1831 cum
199 1794 298 1840 aliis,
334 1807 426 1845 quos
455 1801 602 1831 secutus
638 1807 735 1841 sum,

84 1846 283 1901 ἆνωρίηνς
322 1849 535 1899 Mediceus,
576 1850 738 1886 Floren-

82 1907 202 1954 tinus,
233 1907 294 1942 alii
319 1902 495 1957 οἷνωρίη,
537 1906 640 1959 quod
665 1919 738 1957 po—

83 1970 161 1999 stea
183 1961 565 2013 Schweighaeusero,
596 1964 657 1999 cui
677 1976 738 2000 as·-

83 2019 240 2055 sentitur
260 2020 438 2069 Stegerus
456 2018 636 2069 (Ephem.
655 2021 735 2056 len.

86 2076 190 2115 1828
217 2088 274 2114 nr.
300 2078 375 2115 186
393 2088 480 2126 pag.
501 2074 572 2127 46)
602 2077 736 2112 melius

82 2129 292 2168 videbatur.
348 2132 574 2181 Intelligitur
608 2140 737 2168 autem

82 2189 213 2236 tempus
243 2201 309 2224 non
334 2192 578 2238 opportunum,
608 2192 733 2238 impor-

80 2246 225 2291 tunam,
271 2246 552 2295 intempestivum.
623 2246 733 2284 Conf.

81 2299 341 2338 Hemsterhus.
380 2301 428 2338 ad
456 2300 598 2339 Thom.
632 2304 734 2353 Mag.

81 2367 168 2405 pag.
195 2358 286 2397 136.

138 2434 348 2484 χειμερίσαι
369 2433 425 2483 τὲ]
456 2437 481 2475 i.
504 2450 536 2473 e.
562 2436 733 2486 hyemare,

83 2488 232 2538 hyemem
251 2494 457 2540 transigere.
481 2494 732 2542 ,,χειμερίσαι,

84 2546 134 2580 ait
170 2544 467 2586 Valckenaer.
489 2563 557 2599 pro
586 2550 734 2600 vulgari

82 2596 265 2650 χειμάσαι
278 2604 336 2639 vel
355 2601 641 2655 παραχειμάσαι
661 2619 734 2656 po-

82 2658 197 2693 situm
236 2658 308 2705 vl,
350 2662 398 2699 31
438 2661 533 2697 infra
576 2664 734 2699 recurrit

83 2725 117 2749 c·
139 2715 217 2754 126
252 2720 288 2750 et
313 2716 412 2762 130,
442 2718 507 2752 ubi
523 2718 644 2754 classis
672 2732 734 2754 re-

82 2768 186 2820 liqua
208 2771 410 2806 Persarum
450 2771 657 2823 ἐχειμέρισε
690 2774 733 2813 ἐν

83 2821 217 2880 Κύμῃ.
284 2828 505 2865 Formatum
542 2829 655 2879 illud,
690 2838 733 2868 ut

794 1287 967 1338 θερίζειν
986 1316 996 1335 ,
1028 1290 1194 1324 aestatem
1230 1290 1450 1338 transv'gere3

796 1351 832 1379 et
862 1345 979 1380 rarius
1012 1343 1177 1393 εἀρίζειν
1216 1348 1347 1396 tempus
1372 1358 1451 1383 ver-

792 1412 886 1438 num.
926 1395 1152 1451 Ἐχειμὲριζε
1172 1400 1268 1437 forte
1298 1401 1453 1439 dederat

792 1457 926 1492 Noster
948 1457 1061 1492 etiam
1096 1469 1129 1492 c.
1159 1459 1235 1496 133
1264 1471 1331 1507 pro
1354 1457 1453 1508 ἐχεί-

793 1513 898 1562 μαζε,
927 1511 1029 1563 quod
1049 1513 1087 1548 in
1109 1512 1225 1548 alium
1246 1526 1358 1550 usum
1382 1513 1453 1550 ad-

793 1567 897 1605 hibet
924 1570 1011 1616 VII,
1058 1570 1149 1608 191.
1184 1567 1337 1621 ἡμέρας
1375 1568 1451 1622 γάρ

795 1622 846 1675 δή
887 1625 1058 1676 ἐχείμαζε
1099 1628 1222 1675 τρεῖς,
1254 1629 1357 1664 tertio
1388 1628 1453 1664 ‹le-

794 1693 885 1719 mum
909 1682 964 1718 die
984 1685 1167 1732 tempestas
1189 1682 1364 1721 sedavz‘t.“
1387 1682 1451 1720 Ad

793 1739 1026 1774 locutionem
1039 1741 1259 1789 πειρᾶσθαι
1278 1743 1350 1791 τῆς
1367 1744 1452 1780 Πε-

792 1792 1046 1846 λοποννήσου
1075 1795 1175 1834 conf.
1198 1796 1308 1844 VIII,
1355 1799 1449 1838 100.

848 1870 1032 1925 πρώτους
1060 1871 1131 1924 μὲν
1163 1872 1321 1926 Πέρσας
1349 1872 1452 1914 ποῖν-

796 1946 864 1976 τας
882 1928 975 1976 τοῦς
1006 1926 1238 1977 οἷθανοῖτους
1266 1930 1451 1983 καλεομέ-

793 1988 907 2035 νους]
949 1989 990 2022 In
1015 1988 1205 2024 Sancrofti
1232 1989 1328 2025 libro
1361 1996 1448 2025 aute

794 2042 955 2093 Πέρσας
971 2045 1154 2080 insertum
1174 2045 1312 2094 legitur
1333 2045 1451 2097 μυρί-

795 2115 883 2145 ους,
920 2099 1022 2151 quod
1039 2099 1142 2136 idem
1163 2102 1268 2137 Valla
1292 2115 1450 2152 expres-

792 2158 858 2202 sit,
924 2156 1104 2208 quodque
1152 2170 1200 2193 ex
1243 2159 1334 2204 VH,
1393 2160 1446 2198 83

793 2213 876 2260 [ubi
898 2212 974 2249 vid.
993 2220 1088 2249 nott.
1113 2220 1149 2249 et
1181 2213 1228 2249 ad
1254 2214 1341 2261 VII,
1374 2214 1445 2262 31]

789 2271 978 2319 irrepsisse
1005 2277 1107 2307 recte
1139 2271 1267 2307 statuit
1289 2271 1449 2308 Wesse-

788 2327 879 2376 ling.
901 2349 951 2354 —-

844 2379 938 2429 τούς
965 2378 1302 2434 θωρηκοφόρους]
1337 2380 1448 2418 Conf.

789 2439 881 2487 VII,
908 2442 973 2479 61.

846 2494 912 2534 καὶ
936 2492 1011 2545 τήν
1045 2494 1171 2533 ἵππον
1199 2490 1272 2543 τήν
1302 2491 1445 2543 χιλίην]

791 2552 916 2602 Supra
954 2553 1047 2599 ΥΠ,
1093 2550 1158 2590 40.
1199 2552 1445 2601 προηγεῦντο

791 2606 862 2658 μὲν
884 2604 934 2658 δή
949 2604 1111 2647 ἱππόται
1130 2604 1266 2656 χίλιοι,
1285 2605 1327 2645 ἐκ
1344 2608 1445 2653 Περ-

791 2663 890 2702 σέων
926 2660 1088 2702 πάντων
1131 2658 1447 2713 ἀπολελεγμένοι.

789 2722 846 2756 De
880 2719 1002 2756 Medis
1033 2718 1132 2756 conf.
1166 2720 1254 2766 Vll,
1285 2722 1358 2766 623
1400 2718 1448 2754 de

792 2776 898 2813 Sacis
922 2783 956 2811 et
974 2775 1135 2812 Bactrz'z's
1159 2776 1248 2824 VII,
1279 2774 1352 2824 643
1399 2774 1448 2812 de

788 2832 893 2870 Indis
916 2833 1005 2881 Vll,
1037 2833 1101 2873 65.
