1839 3292
413 201 498 245 21⁰
811 201 1270 239 HERODOT!

413 313 554 357 ναίων
587 309 641 354 ού
672 311 819 366 φιλίας
846 308 1033 364 γνώμας,
1063 308 1242 361 ἐλπίζων
1270 309 1316 353 δέ
1337 320 1473 366 σφεας
1487 307 1677 364 ὑπήσειν

410 384 487 437 τῆς
518 378 841 434 ἀγνωμοσύνης,
864 376 923 427 ὠς
953 375 1227 429 δοριαλώτου
1256 376 1413 433 ἐούσης
1431 377 1571 433 πάσης
1601 381 1677 433 τῆς

405 447 595 501 Ἀττικῆς
623 446 790 500 χώρης,
833 445 905 487 καὶ
943 443 1100 500 ἐούσης
1130 443 1213 500 ἤδη
1242 442 1316 487 ὑπ’
1358 445 1517 500 ἑωυτῷ.
1577 444 1732 488 τού-45

410 532 498 560 των
529 515 608 569 μὲν
639 514 781 555 εἵνεκα
822 511 1041 569 ἀπέπεμψε
1072 512 1366 568 Μουρυχίδην
1405 512 1447 562 ἐς
1485 516 1676 568 Σαλαμῖ-

320 570 352 617 5
414 601 483 628 να.
537 582 593 625 ‘O
623 580 691 634 δὲ,
724 580 985 636 ἀπικόμενος
1014 580 1082 624 ἐπὶ
1112 580 1190 634 τὴν
1229 577 1415 635 βουλὴν,
1465 579 1578 634 ἔλεγε
1622 579 1676 623 τὰ

81 636 221 672 Lycidas,
237 640 359 665 senator

83 672 270 699 Atheniensis
292 680 358 698 cum
415 650 534 705 παρὰ
562 651 838 704 Μαρδονίου.
869 653 957 692 τῶν
988 648 1033 692 δὲ
1065 648 1336 704 βουλευτέων
1364 648 1559 702 Λυκίδης
1586 645 1677 691 εἷπε

81 714 172 733 uxore
196 706 358 740 liberisque

81 739 228 775 lapidibus
254 740 340 766 obru-
412 719 614 777 γνώμην,
661 715 719 768 ὥς
753 719 825 768 ,,οἱ
863 717 1005 761 ἐδόκεε
1036 715 1217 772 ἄμεινον
1249 713 1376 767 εἶναι,
1420 714 1681 771 δεξαμένους

81 776 141 807 tus,
157 772 235 808 quod
253 779 356 810 pacem

81 810 235 836 suasisset.
417 786 520 841 ,,τόν
560 784 694 840 λόγον
734 784 812 828 τόν
841 797 920 840 σφι
949 786 1237 840 Μουρυχίδης
1263 782 1500 838 προφέρει,
1531 782 1737 835 έξενεῖ-ὅο

387 863 522 910 2,,και
552 854 594 904 ἐς
623 852 703 896 τόν
733 855 914 909 δῆμον.“
973 852 996 898 ὁ
1027 853 1106 910 μὲν
1136 851 1188 908 δὴ
1220 850 1382 906 ταύτην
1409 850 1488 906 τὴν
1502 851 1680 908 γνώμην

415 923 691 978 ἀπεφαίνετο,
723 922 763 964 εἴ
788 937 831 964 τε
857 920 909 978 δή
932 922 1184 978 δεδεγμένος
1203 917 1400 976 χρήματα
1415 919 1534 974 παρὰ
1549 923 1680 973 Μαρ-

386 992 595 1041 3δονίου,
635 991 675 1032 εἴ
701 1005 744 1032 τε
775 991 818 1032 οἱ
846 990 919 1033 καὶ
947 995 1084 1034 ταῦτα
1114 989 1307 1033 ἑάνδανε.
1366 986 1604 1044 Ἀθηναῖοι
1633 986 1679 1030 δὲ

416 1058 572 1102 αὐτίκα
612 1058 756 1100 δεινὸν
791 1058 1098 1113 ποιησάμενοι,
1147 1058 1194 1099 οἴ
1225 1071 1268 1098 τε
1308 1055 1354 1098 ἐκ
1392 1060 1469 1111 τῆς
1516 1059 1679 1112 βουλῆς

414 1127 487 1170 καὶ
527 1127 570 1168 οῖ
595 1125 775 1176 ἔξωθεν,
814 1124 872 1176 ὠς
903 1124 1144 1174 ἐπύθοντο,
1183 1123 1458 1177 περιστάντες
1486 1125 1734 1167 Λυκίδεαὸὄ

413 1193 676 1237 κατέλευσαν
706 1191 963 1249 βάλλοντες,
999 1191 1080 1236 τὸν
1109 1191 1156 1235 δὲ
1183 1189 1518 1249 Ἑλλησπόντιον
1547 1195 1679 1236 Mov-

352 1389 430 1428 vid.
451 1386 586 1426 Matth.
609 1388 674 1426 Gr.
689 1387 753 1424 Gr.
778 1389 815 1433 ξ.
834 1390 913 1428 338
925 1400 1013 1438 pag.

353 1446 447 1488 646.
487 1447 581 1482 Mox
609 1445 741 1494 scripsi
769 1442 1014 1494 δοριαλώτου

352 1516 421 1554 pro
462 1497 728 1554 δορυαλώτου.
793 1501 880 1540 vid.
919 1508 1013 1542 nott.

354 1559 402 1597 ad
422 1557 622 1608 V111‚74.

598 1647 690 1698 cap.
721 1646 767 1686 V.

411 1722 577 1776 ἄμεινον
615 1722 742 1776 εἶναι]
790 1723 876 1762 Vid.
916 1733 1012 1763 nott.

354 1782 403 1820 ad
422 1785 497 1833 111,
520 1786 586 1823 71.
617 1782 678 1819 Ad
698 1795 802 1834 seqq.
825 1781 1015 1829 ἐξενεῖκαι

353 1839 394 1886 ἒς
417 1837 486 1881 τᾶν
516 1840 647 1890 δῆμον
676 1838 753 1877 vid.
776 1846 872 1876 nott.
899 1839 946 1877 ad
966 1840 1012 1888 V,

351 1899 420 1938 79.
480 1897 691 1947 Opponitur
711 1902 840 1932 autem
860 1898 914 1948 τῷ
940 1892 1015 1947 δή·

354 1969 414 2007 μῳ
437 1954 476 1989 in
502 1955 674 2004 proxime
704 1951 1013 1990 antecedentibus

352 2008 382 2061 ἦ
403 2007 543 2060 βουλή,
566 2012 631 2062 qui
650 2016 799 2047 senatus
821 2017 875 2046 est
896 2011 1013 2055 Quin-

353 2074 557 2116 gentortun
591 2066 749 2104 Athenis
777 2068 1012 2106 constitutus.

353 2125 534 2160 Formam
555 2120 722 2163 ἑάνδανε
740 2123 868 2160 laudat
878 2122 1012 2161 Matth.

353 2181 420 2219 Gr.
443 2182 509 2217 Gr.
532 2181 568 2226 ξ.
594 2183 667 2221 161
691 2193 778 2231 pag.
802 2182 895 2220 297.
950 2179 1011 2217 Ad

351 2237 587 2274 locutionem
627 2234 756 2276 δεινὸν
791 2234 1013 2289 ποιησάμε-

351 2309 417 2333 νοι
435 2293 511 2330 vid.
532 2300 629 2330 nott.
651 2293 697 2330 ad
718 2295 770 2329 111
786 2324 798 2341 .,
825 2293 885 2334 14.

407 2349 661 2397 κατέλευσαν]
684 2349 769 2391 Vid,
791 2352 835 2396 V,
857 2354 921 2391 38.
943 2351 1011 2398 lx,

354 2408 434 2447 120
455 2414 491 2443 et
514 2405 560 2443 de
581 2407 662 2457 ipso
675 2408 849 2458 'supplicii
872 2420 1012 2457 genere

352 2470 448 2500 nott.
471 2461 519 2500 ad
545 2463 596 2508 V,
629 2466 694 2504 67.
743 2462 932 2501 Larchero
964 2463 1012 2501 ad

353 2517 446 2557 haec
463 2521 645 2571 respicere
677 2519 827 2558 videtur
847 2523 1013 2572 Lycurg.

352 2574 436 2612 adv.
473 2579 644 2614 Leocrat.
681 2591 719 2628 p.
745 2578 820 2620 165
850 2578 906 2628 [p.
929 2580 1005 2617 221

353 2637 389 2667 et
423 2635 504 2674 222
532 2634 597 2682 R.]
630 2634 801 2686 Sequens
831 2633 1011 2673 Λυκίδεα

353 2689 473 2737 attigit
492 2689 626 2727 Matth.
649 2691 716 2733 Gr.
751 2693 815 2729 Gr.
838 2692 873 2737 ξ.
896 2693 961 2738 91,
987 2694 1006 2731 1

351 2756 439 2794 pag.
465 2746 557 2786 195.
605 2748 698 2784 Mox
728 2761 818 2785 cum
848 2754 1006 2786 recentt.

353 2799 554 2839 dedimus:
575 2800 619 2843 τό
641 2802 854 2858 γινόμενον
877 2803 921 2845 αἱ
942 2819 1008 2857 γν-

1073 1389 1228 1435 ναῖκες,
1258 1386 1325 1424 ubi
1343 1386 1482 1438 vulgo:
1515 1384 1560 1425 αἴ
1591 1388 1735 1438 γυναῖ-

1071 1458 1138 1490 κες
1171 1441 1216 1482 vo*
1256 1438 1490 1496 γινόμενον,
1521 1441 1625 1495 quod
1645 1443 1734 1480 reti-

1070 1502 1154 1537 nuit
1174 1508 1258 1551 post
1269 1499 1524 1538 Schaeferum
1537 1497 1734 1537 MatthIae.

1070 1559 1128 1594 De
1167 1558 1241 1594 loci
1281 1564 1506 1608 argumento
1545 1557 1644 1594 bene
1681 1557 1735 1594 ita

1072 1613 1217 1651 disserit
1258 1614 1476 1651 Valet-en.
1533 1613 1669 1662 „Idem
1702 1614 1734 1650 si

1069 1671 1191 1707 fatum
1214 1678 1300 1707 ante
1317 1670 1451 1708 decem
1471 1683 1620 1707 menses
1641 1671 1734 1707 sub-

1070 1728 1164 1764 ierat
1200 1729 1386 1779 Cyrsilus,
1418 1728 1561 1764 mirum
1582 1733 1636 1763 est
1656 1725 1733 1763 hu-

1070 1786 1127 1821 ius
1157 1785 1333 1835 exemplo
1361 1797 1439 1821 non
1469 1784 1583 1821 fuisse
1616 1783 1733 1834 Lyci-

1072 1840 1161 1878 dam
1183 1840 1418 1878 deterritum.
1452 1842 1632 1891 Ignotum
1655 1842 1732 1877 He-

1071 1897 1205 1935 rodoto
1251 1899 1377 1949 plures
1399 1898 1588 1950 Cyrsilum
1621 1910 1733 1934 com-

1069 1962 1304 2003 memorant,
1342 1968 1433 1992 cum
1461 1953 1731 1992 Themistoclis

1069 2013 1172 2049 iussu
1217 2019 1425 2049 statuerent
1463 2010 1729 2058 Athenienses,

1069 2073 1109 2106 ut
1143 2070 1227 2106 urbe
1264 2070 1392 2107 relicta
1416 2090 1473 2096 —
1505 2081 1615 2106 naves
1653 2081 1731 2105 con-

1069 2126 1286 2173 scenderent,
1315 2148 1367 2154 —
1413 2125 1594 2176 Cyrsilum
1621 2137 1731 2174 quen-

1070 2182 1151 2219 dam
1165 2211 1175 2229 ,
1209 2182 1411 2219 suadentem
1431 2187 1471 2218 ut
1492 2184 1530 2219 in
1547 2181 1630 2218 urbe
1650 2194 1730 2218 ma-

1068 2242 1185 2276 nerent
1204 2238 1423 2288 Xerxemque
1439 2240 1639 2288 reciperent,
1670 2238 1730 2275 la-

1062 2296 1207 2346 pidibus
1245 2296 1452 2340 obruerunt3
1509 2296 1561 2332 sic
1600 2295 1729 2332 scribit

1070 2353 1202 2389 Cicero
1242 2354 1298 2388 De
1339 2350 1410 2391 Off.
1443 2352 1517 2398 111,
1558 2354 1604 2391 11
1645 2351 1729 2400 [ubi

1070 2409 1170 2447 conf.
1213 2409 1364 2446 canter.
1404 2415 1440 2446 et
1475 2406 1598 2446 Beier.
1638 2421 1728 2459 pag.

1068 2466 1166 2513 266]
1189 2474 1338 2503 secutus
1357 2464 1657 2502 Demosthenem
1671 2467 1729 2502 De

1069 2522 1209 2563 Coton,
1232 2536 1318 2574 pag.
1344 2526 1420 2563 174
1444 2522 1504 2573 [p.
1529 2524 1624 2569 296,
1646 2521 1725 2561 5—-

1070 2581 1119 2618 16
1150 2580 1236 2629 R.],
1270 2594 1318 2616 ex
1352 2593 1428 2631 qno
1466 2579 1632 2630 Cyl-silus
1664 2579 1728 2614 in-

1064 2637 1189 2672 notuit
1209 2637 1519 2688 Harpocratioui,
1557 2637 1725 2672 Hermo-

1064 2693 1154 2741 geni
1178 2706 1212 2743 p.
1236 2693 1316 2735 448
1344 2694 1435 2732 aliis.
1497 2694 1615 2729 Caute
1635 2692 1724 2728 Ari-

1063 2747 1177 2786 stides
1218 2764 1344 2803 neque
1374 2750 1562 2802 Cyrsilum
1595 2749 1727 2785 nomi-

1063 2813 1128 2843 nat
1158 2820 1228 2846 uec
1249 2806 1458 2861 Lycidam,
1495 2805 1573 2843 duo
1595 2812 1725 2843 tamen
