1839 3292
387 217 471 258 138

780 216 1241 254 HERODOTI

383 325 473 381 ,μὴ
503 324 557 368 οὐ
588 323 744 375 δόντας
772 324 904 378 λόγον
932 327 1021 366 τῶν
1043 324 1249 379 ἐποίησαν
1267 328 1351 369 νῦν
1379 341 1424 369 τε
1452 325 1524 369 καὶ
1539 323 1642 379 πρό-

359 400 520 448 5τερον
548 391 659 436 εἶναι
689 393 796 441 σούς
826 391 1024 440 δούλους.
1059 391 1242 445 μάλιστα
1272 393 1350 448 μέν
1388 411 1472 438 νυν
1503 397 1641 437 ταῦτα

386 463 515 504 ποίεε.

573 462 629 503 Εἰ
659 459 697 502 δ’
726 459 812 513 ἄρα
845 476 911 502 τοι
939 457 1238 513 βεβούλευται,
1283 460 1420 504 αὐτόν
1453 460 1699 505 &nezab—90

386 544 546 581 „vovtoc
587 527 768 583 ἀπάγειν
805 527 884 582 τὴν
925 525 1156 580 στρατιήν,
1196 525 1328 582 ἄλλην
1368 528 1448 583 ἔχω
1484 530 1557 573 καὶ
1594 529 1642 573 ἐκ

386 597 549 648 ,,τῶνδε
587 595 764 650 βουλήν.

822 595 875 638 σύ
918 595 1113 649 Πέρσας,
1153 598 1344 650 βασιλεῦ,
1374 595 1432 649 μὴ
1459 595 1643 652 ποιήσῃς
1698 589 1779 629 666

359 663 763 717 6,,καπαγελάστους
784 662 986 717 γενέσθαι
1002 661 1191 715 “Ennea
1222 660 1352 704 οὐδὲν
1371 661 1453 717 γὰρ
1465 661 1512 704 ἐν
1529 667 1643 705 τοῖσι

385 729 611 786 ,,Πὲρσῃσι
649 730 876 786 δεδήληται
915 734 1005 772 τῶν
1045 728 1334 784 πρηγμάτων,
1389 727 1492 772 ου’δὲ
1531 729 1643 782 ἐρεῖς

388 797 528 851 »ὅκου
559 797 792 854 ἐγενόμεθα
815 797 970 852 ἄνδρες
1006 798 1145 840 κακοί.

329 991 448 1046 λόγον
472 1010 509 1034 κ.
528 1010 559 1035 τ,
583 994 636 1042 L]
668 995 693 1030 i.
715 1007 748 1032 e.
778 1006 886 1043 neque
909 991 982 1029 ullo

329 1051 428 1088 modo
473 1052 603 1089 Graeci
636 1050 786 1099 effugere
826 1053 982 1099 possunt,

330 1109 415 1157 quin
442 1114 510 1145 etc.
568 1107 675 1144 Idem
706 1119 783 1142 esse
813 1107 864 1142 ait
893 1105 984 1142 Val-

330 1162 576 1201 ckenaerius:
628 1158 837 1213 ἀμήχανόν
880 1161 982 1200 ἔστιν

317 1216 482 1268 ’Ἕλλησι
504 1220 565 1256 vel
586 1218 687 1258 ἔστιν
713 1213 880 1268 ου’δεμία
906 1233 984 1268 μη-

326 1272 451 1327 χανὴ,
490 1275 694 1327 laudatque
730 1274 906 1325 deinceps
935 1275 982 1311 ob

327 1331 490 1368 eandem
518 1340 743 1369 structuram
764 1330 905 1367 Herod.
935 1332 982 1378 II,

329 1390 421 1428 181.
448 1390 524 1436 111,
570 1389 636 1429 51.
668 1390 762 1428 209.
791 1389 853 1435 II,
890 1389 980 1426 160.

325 1445 484 1482 Lucian.
500 1446 535 1480 11
555 1459 593 1495 p.
616 1444 710 1485 503.
751 1443 841 1492 [Pro
863 1445 981 1494 imag.

324 1499 398 1549 24]
415 1503 665 1538 Locutionem
678 1498 835 1540 διδόναι
846 1495 980 1551 λόγον,

326 1570 425 1608 quae
445 1559 533 1595 alias
552 1559 653 1595 valet
677 1571 789 1595 secum
808 1561 979 1607 reputare,

325 1613 533 1663 deliberare,
566 1622 608 1652 ut
644 1615 752 1662 VIII,
791 1617 841 1661 9,
884 1612 924 1650 h.
952 1614 978 1650 l.

326 1672 492 1722 accipio·
525 1674 694 1710 rationem
735 1671 876 1708 reddere
912 1683 980 1707 eo—

325 1740 434 1776 rum,
470 1742 566 1781 quae
593 1730 671 1767 scil.
705 1728 900 1775 fecerunt,
936 1734 979 1764 ut

327 1784 405 1832 ΠΙ,
428 1785 494 1825 50.
551 1785 613 1822 Ad
642 1798 778 1822 vocem
807 1780 978 1831 δούλους

327 1839 405 1878 vid.
427 1849 521 1878 nott.
544 1841 593 1878 ad
612 1843 691 1889 V,11
713 1841 751 1882 5.
785 1842 855 1878 Cui
875 1840 978 1892 quod

327 1897 516 1935 antecedit
537 1911 652 1947 σους,
677 1899 754 1935 eius
775 1899 858 1935 loco
880 1910 976 1934 unus

327 1954 422 1991 liber
442 1953 555 2002 τούς,
576 1957 615 1991 in
644 1968 719 2006 quo
748 1952 864 2001 τεοῦς
882 1955 978 1990 late-

327 2024 368 2047 re
396 2013 605 2062 suspicatur
634 2011 980 2062 Schweighaeuser.

326 2068 403 2104 Pro
433 2068 542 2107 ποίεε
570 2067 816 2116 Schaeferus,
866 2081 982 2118 quem

326 2133 538 2176 sequuntur
559 2124 739 2162 Matthiae
765 2132 801 2162 et
822 2123 980 2160 Bekke-

326 2194 390 2217 rus
403 2212 411 2227 ,
446 2181 600 2235 dederat
620 2181 767 2221 ποιέειν
789 2182 872 2233 (qui
892 2181 980 2216 infi-

325 2239 465 2274 nitivus
492 2240 703 2289 imperativi
733 2240 832 2276 vices
862 2245 978 2288 gerat,

326 2301 369 2329 ut
390 2295 444 2339 v,
475 2295 528 2334 24
554 2293 979 2344 ‹-011.57.1v‚126),

325 2351 450 2387 invitis
488 2350 598 2388 codd.
613 2381 623 2398 ,
674 2352 809 2402 quibus
848 2350 981 2386 iisdem

325 2408 540 2444 iubentibus
561 2420 653 2443 mox
674 2408 847 2444 revocavi
876 2401 981 2444 dne}-

326 2478 431 2514 γειν,
461 2477 483 2500 a
503 2463 707 2501 Schaesero
738 2465 848 2500 unius
880 2464 981 2499 San-

326 2520 434 2556 crofti
453 2520 539 2558 cod.
558 2523 778 2558 auctoritate
793 2527 982 2557 mutatum

326 2575 366 2611 in
388 2572 617 2643 ἀπαγαγεῖν.

386 2629 500 2672 οὐδὲν
523 2631 595 2686 γιὶρ
617 2633 660 2673 ἒν
679 2636 781 2672 τοῖσι
804 2631 981 2686 Πέρσησι

327 2688 626 2739 δεδήληταιτων
638 2686 981 2741 πρηγματων]1)ἱ3-

327 2745 457 2795 plicuit
477 2750 576 2784 τοῖσι
595 2749 751 2783 Pauwio
780 2747 981 2798 refulgenti

325 2805 450 2849 σοῖσι,
492 2803 660 2856 itemque
693 2803 870 2853 Reiskio,
913 2806 980 2857 qui

1206 798 1242 840 εἰ
1277 796 1323 841 δὲ
1366 796 1567 849 Φοίνικές
1599 804 1698 842 τε95

1039 990 1202 1028 correxit
1231 988 1397 1037 τοισίδε,
1429 997 1466 1027 et
1495 989 1695 1044 Schweig-

1039 1046 1221 1085 haeusero
1239 1045 1455 1084 emendanti
1471 1051 1590 1089 τεοῖσι
1608 1051 1695 1101 (pro

1042 1109 1165 1153 σοῖσι,
1192 1104 1316 1141 formai
1337 1105 1558 1155 Homerica)
1578 1106 1695 1157 idque

1042 1161 1137 1198 adeo
1165 1162 1305 1211 recepit
1322 1162 1523 1199 Gaisforcl.
1571 1164 1696 1214 Equi-

1040 1218 1129 1255 dem
1149 1231 1238 1254 cum
1266 1216 1418 1256 Schaef.
1449 1226 1486 1256 et
1504 1220 1636 1269 Negris
1656 1221 1697 1256 in

1039 1274 1124 1312 cod.
1137 1275 1325 1311 Sancrofti
1335 1276 1495 1312 lectione
1505 1275 1545 1315 ἒν
1558 1291 1606 1315 το
1619 1279 1688 1315 ῖσι

1041 1331 1219 1384 Πέρσῃσι
1233 1332 1430 1368 subsistere
1447 1333 1696 1384 malui,qua1n

1038 1390 1164 1425 minus
1198 1395 1299 1424 recte
1328 1389 1462 1439 opinor
1495 1390 1546 1426 sic
1576 1390 1696 1440 expli-

1039 1447 1116 1482 cuit
1135 1443 1386 1482 Abreschius:
1428 1447 1472 1483 ab
1502 1446 1577 1482 illis
1615 1446 1697 1484 scil.

1039 1503 1204 1538 Graecis.
1242 1503 1416 1553 Namque
1444 1503 1562 1552 iungo
1584 1503 1696 1554 equi-

1038 1557 1128 1595 dem
1165 1558 1207 1598 ἒν
1241 1562 1342 1597 τοῖσι
1387 1557 1587 1611 Πέρσῃσι,
1620 1558 1695 1596 hoc

1036 1615 1115 1651 fere
1152 1627 1290 1652 sensu:
1323 1612 1444 1664 Neque
1473 1617 1563 1652 enim
1596 1615 1695 1666 apud

1037 1672 1166 1709 Persas
1185 1672 1226 1720 (i.
1250 1685 1283 1710 e.
1306 1672 1370 1708 ubi
1386 1673 1522 1709 Persae
1543 1685 1695 1723 pugna-

1035 1730 1138 1778 rant)
1160 1729 1326 1766 damnum
1357 1729 1468 1765 ullum
1498 1733 1579 1765 tuae
1596 1742 1695 1780 cepe-

1035 1790 1118 1822 runt
1136 1799 1200 1822 res.
1260 1786 1384 1830 Quare
1409 1784 1512 1822 haud
1534 1798 1628 1835 opus
1650 1784 1694 1825 ἐν

1037 1841 1212 1892 Πέρσῃσι
1259 1855 1449 1892 exponere
1505 1841 1695 1880 Persarum

1034 1899 1154 1949 culpa,
1177 1898 1280 1950 quod
1300 1900 1441 1949 placuit
1452 1898 1695 1936 Valckenae-

1038 1957 1116 2003 rio,
1165 1957 1391 1992 coniectanti
1433 1968 1605 2007 quoque:
1650 1954 1694 1995 ἐν

1039 2012 1218 2066 Πέρσῃσι
1247 2013 1310 2051 τοί
1350 2028 1387 2051 τι
1413 2008 1624 2063 δεδήληται
1657 2026 1693 2054 τ.

1037 2081 1127 2119 πρ,;
1167 2083 1232 2106 non
1261 2072 1349 2106 enim
1375 2069 1561 2106 Persarum
1590 2069 1694 2118 culpa

1037 2126 1226 2175 quidquam
1252 2124 1374 2176 (sane)
1406 2127 1505 2162 rebus
1533 2127 1605 2162 tuis
1633 2125 1694 2162 al-

1036 2182 1148 2219 latum
1191 2186 1239 2218 est
1277 2182 1528 2218 detrimentum.
1596 2182 1694 2218 Ver-

1033 2239 1128 2274 bum
1151 2238 1396 2288 δεδηλῆσθαι
1410 2237 1471 2274 hic
1482 2238 1693 2288 significare

1038 2291 1267 2345 βεβλάφθαι
1306 2295 1437 2332 laesum
1473 2307 1560 2341 esse,
1590 2294 1695 2332 idem

1036 2358 1168 2388 monet
1188 2350 1370 2388 Valcken.
1405 2352 1601 2388 conferens
1615 2353 1694 2388 Eu-

1036 2409 1106 2458 rip.
1128 2409 1280 2458 Hippol-
1305 2408 1395 2448 175.
1421 2429 1470 2435 -
1493 2408 1554 2444 Ad
1574 2409 1695 2459 ipsam

1040 2464 1205 2515 denique
1243 2464 1432 2501 Mardonii
1468 2467 1695 2502 sententiam

1037 2523 1125 2559 facit
1145 2522 1283 2558 Xerxis
1311 2522 1427 2558 oratio
1457 2523 1692 2568 V111,101:

1038 2575 1092 2625 ὥς
1118 2593 1183 2629 μοι
1208 2577 1358 2628 Πὲοσαι
1376 2593 1416 2617 τε
1437 2577 1503 2618 καὶ
1531 2576 1555 2618 ὁ
1575 2573 1693 2625 πεζος

1038 2632 1200 2686 στοατός
1224 2631 1388 2682 οὐδενός
1403 2635 1594 2686 μεταίτιοι
1617 2649 1692 2674 πα-

1037 2689 1133 2738 θεός
1153 2691 1240 2731 εἰσι.

1095 2764 1127 2788 ει
1148 2746 1189 2787 δὲ
1212 2748 1395 2794 Φοίνικες
1410 2745 1589 2788 -κακοὶ
1609 2745 1691 2798 ἐγέ-

1034 2807 1173 2856 νοντο]
1195 2804 1280 2843 vid.
1300 2806 1400 2854 vin,
1419 2807 1486 2847 68.
1523 2807 1568 2842 In
1581 2817 1689 2857 seqq.
