1839 3292
392 221 477 261 356

795 218 1256 256 HERODOTI

397 329 596 387 μέγιστός
625 328 727 373 ἐστι.
769 325 792 370 ὁ
824 327 893 378 δὲ,
925 326 1013 369 ἐπεὶ
1043 326 1182 368 πολλοὶ
1202 324 1382 381 ἤκουσε,
1414 325 1535 369 δεινὰ
1563 339 1655 368 ποι·
1668 332 1714 367 95

397 399 599 454 εύμενος,
648 399 807 438 σπᾶται
846 394 913 437 ἐπὶ
952 393 1030 436 τὸν
1073 394 1304 449 Μασίστην
1336 392 1415 436 τόν
1445 392 1667 445 οἷκινάκεα,

365 464 653 509 4άποκτεῖναι
683 461 836 504 θέλων.
868 463 942 505 καί
970 478 1044 516 μιν
1068 460 1301 504 ἐπιθέοντα
1322 462 1536 516 φρασθεὶς
1565 463 1658 510 Ξει-

393 531 585 588 ναγόρης
616 529 639 572 ὁ
674 530 917 585 Πρηξίλεω,
948 528 1056 584 ἀνὴρ
1083 527 1462 584 Ἁλικαρνησσεύς..
1500 527 1658 572 ὄπισθε

396 599 552 649 ἑστεώς
592 595 731 641 αὐτοῦ
747 595 1014 651 Ἀρταΰντεω
1029 629 1040 646 ,

1073 595 1250 651 ἁρπάζει
1279 596 1434 652 μέσον,
1465 596 1537 639 καὶ
1567 595 1658 652 ἐξᾴ-

395 685 488 723 ρας,
517 667 632 709 παίει
662 665 704 717 ἐς
734 666 812 722 τὴν
832 670 937 722 γῆν·
975 666 1048 708 καὶ
1077 665 1124 708 ἐν
1153 665 1295 722 τούτῳ
1335 667 1379 707 οἱ
1411 663 1658 720 δορυφόροι

366 737 445 779 5οἴ
471 736 706 778 Μασίστεω
736 733 1019 789 προέστησαν.

1080 732 1104 777 ὁ
1146 734 1190 777 δὲ
1218 731 1490 788 Ξειναγόρης
1518 735 1683 774 ταῦταῑ

399 802 632 857 ἐργάσατο,
671 799 824 856 χάριτα
865 800 982 860 αὐτῷ
1011 817 1054 844 τε
1085 803 1291 858 Μασίστῃ
1330 801 1556 856 τιθέμενος
1585 800 1658 843 καὶ

400 871 566 925 Ξέρξῃ,
597 867 793 920 ἐκσώζων
811 868 890 911 τὸν
916 868 1128 925 ἀδελφεόν
1154 870 1232 913 τόν
1262 871 1452 913 ἐκείνου·
1482 869 1555 912 καὶ
1585 868 1659 911 διὰ

401 942 530 981 τοῦτο
573 935 621 979 τὸ
659 936 789 993 ἔργον
826 937 1090 994 Ξειναγόρης
1129 940 1329 994 Κιλικίης
1368 937 1507 993 πάσης
1543 931 1655 993 ἦρξε,

345 1169 482 1223 phron.
512 1170 625 1206 Alex.
646 1163 741 1207 774.
799 1167 1002 1203 Persarum

343 1227 438 1264 illud
450 1227 666 1264 convicium
685 1224 914 1260 innuebatur
932 1225 1000 1272 IX,

343 1288 420 1333 203
452 1291 487 1320 et
507 1283 762 1320 recentiorum
791 1280 1001 1317 eorundem

344 1342 408 1377 abs
421 1339 713 1391 Theophylacto
735 1339 829 1375 Hist.
841 1339 1000 1377 Mauric.

341 1399 407 1445 ΠΙ,
429 1400 466 1438 8.
507 1399 593 1433 Non
626 1395 849 1448 requiretur,
874 1394 1000 1443 credo,

341 1455 463 1492 simile
504 1455 664 1490 aliarum
693 1453 893 1488 nationum
934 1465 1003 1502 op-

342 1511 485 1562 probrii
514 1512 628 1548 virus.
688 1509 777 1554 Quis
804 1509 1001 1558 virgiliani

343 1568 595 1615 obliviscitur,
629 1566 661 1603 Ο
698 1578 773 1602 vere
808 1565 1000 1615 Phrygiae,

340 1637 448 1674 neque
481 1625 570 1660 enim
599 1622 772 1673 Phryges,
802 1623 900 1658 Aen.
930 1623 999 1669 IX,

343 1683 439 1729 617,
472 1681 536 1716 ubi
567 1679 614 1716 de
646 1680 769 1715 Persis
798 1680 853 1715 La
880 1678 1001 1715 Cerda

344 1737 537 1787 egregie,²‘
595 1735 869 1784 Wesselz‘ng.
939 1734 1001 1772 Ad

342 1794 459 1831 verba
500 1788 609 1832 δεινά
630 1790 869 1843 ποιεύμενος
899 1792 999 1830 conf.

341 1851 409 1898 ΙΙΙ,
434 1848 486 1889 14
516 1856 551 1886 et
572 1848 619 1885 ad
640 1849 801 1885 verbum
830 1848 1002 1885 medium

345 1908 526 1946 σπᾶσθαι
556 1912 652 1945 nott.
681 1905 729 1942 ad
749 1907 814 1951 ΠΙ,
836 1907 901 1945 29.
944 1907 1001 1941 De

344 1965 489 2001 acinace
509 1961 584 2000 vid.
604 1969 696 1999 nott.
716 1961 764 1998 ad
783 1963 849 2008 ΙΙΙ,
870 1959 934 2001 64.

400 2019 468 2058 καί
478 2034 545 2070 μιν
557 2017 771 2058 ἐπιθέοντα
783 2016 1001 2070 φρασθεὶς]

346 2073 488 2124 ,,φθοές
516 2075 639 2128 [quod
659 2075 799 2113 Aldina
819 2074 950 2124 habet]
973 2076 1004 2112 si

347 2131 482 2169 darent
501 2131 661 2180 codices,
676 2132 796 2171 videri
816 2133 911 2169 forte
930 2145 1003 2183 po-

346 2191 433 2226 terit
460 2196 667 2242 utrtunque
686 2191 852 2241 posuisse
878 2191 1002 2225 Hero-

346 2244 481 2283 dotus:
525 2246 593 2285 καί
636 2261 724 2297 μιν,
791 2245 1003 2286 ἐπιθέοντα

347 2301 559 2352 φρασθεὶς,
580 2299 694 2351 φθᾶς
705 2298 1001 2355 Ξειναγόρης-

346 2355 508 2410 ἁρπάζει
521 2357 641 2410 μέσον
660 2357 728 2399 καὶ
742 2355 884 2413 ἐξάρας
908 2358 1002 2397 παί-

348 2430 380 2454 ει
398 2414 436 2461 ἐς
459 2412 531 2465 την
554 2417 654 2468 γῆνε
694 2429 803 2466 quem,
832 2428 906 2452 eum
936 2428 1001 2451 ac-

344 2476 534 2509 currentem
566 2476 730 2519 cerneret,
779 2475 1002 2523 praevertens

346 2528 553 2577 Xenagoras
574 2551 628 2555 —-
650 2530 797 2567 mediam
820 2530 947 2578 arripit
969 2532 1001 2565 et

346 2585 523 2622 sublatam
551 2587 588 2622 in
619 2589 748 2624 terram
772 2587 923 2624 statuit:
959 2592 1000 2622 ut

346 2640 445 2690 apud
476 2642 703 2679 Terentium
740 2642 839 2694 [Ad.
869 2643 935 2690 ΙΙΙ,
960 2645 998 2689 Q,

347 2699 409 2736 18.
436 2699 520 2736 coll.
542 2698 664 2736 Andr.
693 2701 737 2748 V,
759 2704 798 2747 2,
818 2699 907 2747 20].
936 2711 998 2735 su-

342 2752 475 2789 blimem
500 2755 649 2793 medium
677 2759 862 2808 arrsperem
884 2759 917 2792 et
935 2768 998 2792 ca-

336 2810 410 2859 pite
428 2822 572 2860 pronum
590 2814 628 2850 in
650 2817 777 2852 terram
798 2817 997 2852 statuerem.

1060 1164 1316 1220 συναρπάσας
1344 1166 1458 1222 ἐξῇρε
1490 1173 1544 1204 est
1574 1167 1612 1202 in
1633 1165 1714 1202 Xe-

1057 1224 1244 1276 nophont.
1268 1223 1481 1275 Cyropaed.
1499 1237 1535 1274 p.
1557 1221 1713 1270 35‚34O

1060 1281 1128 1332 [II‚
1160 1280 1198 1331 4,
1238 1281 1314 1331 14]
1353 1278 1476 1333 ’Ἀρας
1518 1278 1714 1331 μετέωρον

1058 1338 1114 1385 εἰς
1141 1335 1185 1377 τὸ
1207 1334 1420 1391 βάραθρον
1447 1337 1601 1388 ἐμβαλῶ
1624 1336 1714 1373 Ari-

1056 1394 1233 1446 stophan.
1265 1397 1366 1448 qu.
1409 1394 1564 1436 1359.“
1605 1393 1714 1431 Val-

1057 1452 1191 1490 cken.

1115 1564 1158 1604 οἵ
1223 1560 1446 1614 δορυφόροι
1505 1562 1547 1602 οἷ
1615 1565 1714 1602 Μα-

1056 1620 1210 1671 σίστεω]
1246 1622 1421 1657 Alterum
1454 1618 1520 1659 καὶ
1550 1620 1714 1657 sustule-

1056 1685 1143 1715 runt
1166 1676 1515 1727 Schweighaeuser.
1539 1684 1575 1713 et
1597 1677 1714 1714 Gaiss.

1057 1748 1178 1787 quum
1206 1734 1377 1771 additum
1406 1733 1499 1770 illud
1519 1735 1565 1770 sit
1586 1734 1631 1769 ab
1654 1747 1712 1782 eo,

1057 1793 1122 1844 qui
1143 1793 1353 1842 genitivum
1376 1791 1590 1830 Μασίστεω
1611 1803 1714 1827 ano-

1055 1850 1160 1885 mine
1181 1843 1396 1900 δορυφόροι
1418 1847 1584 1898 pendere
1603 1855 1714 1898 puta-

1057 1907 1131 1953 rit3
1169 1907 1219 1941 ita
1254 1913 1296 1942 ut
1324 1904 1372 1941 ad
1400 1905 1561 1941 verbum
1594 1903 1715 1955 προέ-

1059 1974 1206 2012 στησαν
1235 1960 1492 2013 supplendum
1521 1963 1567 1999 sit
1590 1960 1718 2001 αὑτοῦ

1058 2020 1136 2059 scil.
1160 2021 1398 2067 Μασίστεω,
1432 2017 1505 2055 hoc
1526 2019 1605 2055 fere
1624 2032 1715 2056 sen-

1059 2090 1123 2113 su:
1167 2075 1348 2114 ,Masistae
1386 2076 1556 2112 satellites
1599 2078 1714 2127 ipsum

1052 2134 1292 2183 protegebant,
1317 2136 1399 2170 ante
1417 2133 1619 2183 ipsumscil.
1639 2133 1714 2170 col-

1058 2189 1176 2226 locati.
1234 2193 1312 2227 Nec
1330 2202 1420 2227 sane
1440 2188 1563 2238 video,
1584 2203 1651 2226 cur
1665 2191 1712 2227 ab

1057 2244 1129 2282 hac
1159 2247 1304 2283 ratione
1326 2244 1519 2282 recedam
1547 2253 1611 2283 aut
1640 2260 1713 2284 vo-

1058 2304 1183 2339 culam
1233 2303 1282 2350 οἷ,
1315 2316 1431 2354 quam
1473 2303 1712 2341 Florentinus

1058 2373 1146 2396 cum
1168 2360 1245 2396 aliis
1265 2367 1402 2407 tuetur,
1421 2358 1581 2409 deleam,
1602 2375 1714 2412 prae-

1055 2417 1184 2453 sertim
1224 2430 1313 2453 cum
1351 2415 1599 2454 antecedente
1634 2419 1714 2470 syl-

1056 2474 1142 2510 laba
1185 2488 1221 2512 οι
1262 2473 1372 2510 facile
1421 2475 1611 2511 absorberi
1641 2488 1711 2526 po-

1057 2531 1298 2566 tuerit.—ln
1319 2544 1425 2583 seqq.
1446 2530 1493 2568 ad
1507 2530 1711 2568 formulam

1056 2582 1195 2638 χάριτα
1233 2586 1369 2638 (quam
1404 2589 1604 2625 accusativi
1635 2588 1712 2625 for-

1055 2656 1160 2679 mum
1193 2652 1299 2681 notat
1328 2643 1464 2685 Matth,
1494 2647 1560 2682 Gr.
1592 2646 1656 2686 Gr.
1675 2646 1710 2690 §-

1056 2703 1106 2740 73
1129 2714 1166 2750 p.
1200 2701 1296 2749 164)
1328 2702 1516 2740 τίθεσθαι
1544 2700 1619 2742 vid.
1639 2702 1706 2748 IX,

1054 2759 1106 2796 60
1128 2764 1162 2793 et
1185 2757 1232 2794 ad
1248 2759 1362 2795 verba
1384 2753 1501 2798 ου’ὃὲν
1525 2755 1707 2798 ἕτιπλέον

1053 2811 1203 2866 ἐγένετο
1225 2816 1326 2855 conf.
1349 2816 1409 2866 VI,
1431 2813 1498 2855 42.
