1839 3292
367 257 435 294 nr:
464 254 589 293 vrrA
618 252 693 290 ET
722 250 955 290 SCRIPTIS
985 252 1265 292 HERono-rt.
1477 258 1562 305 419

82 382 158 422 que
177 368 373 406 certiorem
395 364 517 404 redire
536 364 682 404 maluit.
738 364 797 401 Ac
816 363 920 401 iuvat
938 363 1016 414 ipsa
1034 363 1104 402 viri
1120 365 1428 415 praestantissimi
1445 373 1560 412 verba

80 425 158 464 huc
174 436 360 475 apponere
377 435 387 460 τ
419 423 460 473 *)
492 424 645 471 „Quum
660 421 827 472 primum
848 420 1042 458 Herodoto
1062 420 1294 458 recensendo
1325 436 1461 462 manus
1488 427 1560 464 ad-

81 481 310 531 „movissem
323 509 333 528 ,
363 478 461 516 lianc
484 478 580 515 mihi
600 479 726 515 leuem
744 478 985 528 scripseram,
1014 484 1057 514 ut
1075 477 1205 514 formis
1225 479 1428 518 verborum
1450 495 1560 520 com-

81 537 298 588 ,‚muuibus‚
329 537 442 572 etiam
462 543 545 573 tum
565 548 654 572 cum
673 532 820 570 codices
839 540 1007 570 tacerent
1026 534 1189 584 expulsis
1205 562 1215 582 ,
1244 537 1391 574 Ionicas
1410 539 1562 576 suffice-

82 606 202 642 „rem.
259 594 372 629 Hunc
392 605 540 628 morem
560 593 598 628 in
616 590 798 641 prioribus
817 590 977 639 plagulis
996 597 1210 627 constanter
1224 593 1342 631 tenui.
1373 594 1451 632 Sed
1466 608 1561 635 mox

80 650 265 700 „instituti
284 662 347 685 me
365 650 559 699 poenitere
579 647 720 697 coepit3
744 645 917 694 planeque
933 648 1083 693 cognovi
1093 646 1329 697 Herodotum,
1353 652 1501 699 perinde
1517 667 1562 692 ac

81 709 234 756 „ceteros
263 707 444 755 scriptores
472 705 646 749 Graecos,
685 701 872 738 dialectum
901 701 949 738 ad
967 706 1235 750 grammaticam
1265 700 1470 757 ἀκρίβειαν
1490 722 1560 748 non

82 775 152 813 „ea
181 763 356 809 exegisse,
385 773 472 810 quae
492 759 600 808 vulgo
626 757 778 796 creditur
803 760 1000 795 constantia
1022 762 1127 808 atque
1154 764 1426 810 perpetuitate.“
1484 765 1560 803 Ga..

81 824 196 856 veant
223 816 311 853 iude
340 818 428 864 sibi,
459 816 522 867 qui
548 815 839 851 inconstantiam
868 815 973 850 illam
993 814 1033 850 in
1061 816 1216 865 singulis
1245 817 1377 856 formis
1407 820 1560 862 obviam

80 874 238 912 librariis
253 874 338 910 solIS
358 885 447 910 cum
467 873 653 918 tribuant,
681 871 720 907 in
740 869 977 907 Herodotum
992 874 1151 921 grassari
1181 879 1401 927 temereque
1432 879 1560 917 omnia

80 929 131 967 ad
149 942 266 966 unam
287 942 402 980 quam
425 929 495 965 sibi
510 928 767 965 constituerint
786 940 963 964 normam
983 928 1137 978 exigere
1163 936 1200 966 et
1226 932 1414 981 corrigere
1428 935 1560 973 velint.

81 986 154 1032 Qui
171 987 419 1022 constantiam
439 998 528 1021 cum
558 991 766 1032 sectentur,
805 997 933 1020 nonne.
961 984 1001 1020 in
1031 986 1242 1023 maximam
1269 987 1562 1029 inconstantiam

79 1055 120 1080 se
151 1040 319 1078 incidere
338 1038 497 1079 vident?
527 1041 557 1078 si
573 1039 730 1092 quidem
749 1047 892 1076 temere
922 1038 984 1077 hic
1011 1041 1125 1078 libros
1145 1043 1298 1093 scriptos
1336 1054 1559 1098 sequuntur,

79 1099 156 1136 illic
177 1097 373 1146 deserunt,
395 1099 500 1134 nulla
520 1098 592 1133 alia
613 1110 661 1133 ex
686 1109 798 1133 causa
812 1126 821 1144 ,
844 1097 916 1133 nisi
943 1095 1047 1148 quod
1066 1098 1248 1135 librorum
1268 1100 1378 1138 lectio
1399 1116 1487 1139 cum
1504 1117 1561 1150 ea,

81 1167 198 1207 quam
229 1155 298 1191 sibi
330 1155 457 1191 animo
483 1153 737 1190 informarunt
764 1153 895 1203 regula
924 1155 1179 1204 praeceptisve
1209 1159 1559 1210 grammaticorum,

79 1223 159 1249 non
180 1211 399 1249 consentiat.
456 1212 588 1262 Neque
609 1222 698 1247 sane
718 1210 842 1259 ipsum
862 1208 1099 1247 Herodotum
1120 1210 1273 1249 credam
1291 1213 1402 1251 istam
1426 1216 1465 1252 in
1480 1217 1561 1253 sin-

80 1268 178 1317 gulis
198 1268 348 1303 Ionicae
372 1266 521 1303 dialecti
541 1266 670 1303 formis
691 1266 941 1302 constantiam
959 1295 969 1314 ,
1001 1279 1116 1318 quam
1145 1267 1378 1319 desiderant,
1412 1274 1561 1311 novisse

80 1322 248 1375 indeque
269 1324 397 1360 omnia
417 1322 464 1360 ad
484 1336 602 1359 unam
623 1321 861 1373 eandemque
875 1335 1053 1359 normam
1072 1325 1252 1374 exegisse,
1282 1339 1379 1377 quae
1396 1330 1563 1368 multum

80 1393 226 1426 vereor,
254 1387 296 1416 ut
308 1379 489 1416 Herodoti
506 1386 626 1416 aetate
641 1380 718 1415 iam
740 1379 930 1426 exstiterit,
951 1378 1026 1430 qua
1046 1378 1195 1417 dialecti
1212 1382 1383 1431 singulae
1401 1385 1563 1424 vixdum

80 1437 133 1473 ita
165 1435 367 1484 discretae,
404 1436 697 1487 uniuscuiusque
716 1435 869 1471 termini
897 1448 940 1471 ac
967 1435 1061 1472 fines
1091 1436 1250 1473 vixdum
1281 1439 1332 1475 ita
1363 1439 1563 1492 diligenter

82 1494 294 1540 constituti,
324 1491 648 1544 quemadmodum
678 1492 888 1542 posterioris
920 1492 1048 1528 aetatis
1077 1494 1413 1542 grammaticorum
1431 1497 1563 1537 studiis

81 1548 122 1586 id
151 1549 293 1585 factum
322 1561 401 1585 esse
428 1549 662 1592 invenimus3
712 1554 754 1584 ut
778 1560 869 1584 sane
897 1560 946 1584 ex
966 1549 1045 1585 aliis
1078 1561 1231 1601 quoque
1262 1549 1427 1590 dialectis
1457 1553 1563 1592 haud

81 1618 203 1656 pauca
230 1606 270 1641 in
298 1603 480 1641 Herodoti
513 1616 730 1641 sermonem
761 1603 947 1641 transiisse
977 1612 1274 1642 consentaneum
1303 1608 1362 1648 sit.
1421 1610 1564 1656 Quodsi

81 1663 195 1712 igitur
217 1663 477 1712 Hermogenes
506 1661 532 1698 l.
560 1673 673 1711 supra
692 1661 719 1698 1.
740 1659 787 1697 de
817 1660 1001 1698 Herodoti
1021 1660 1180 1699 dialecto
1199 1664 1367 1715 loquitur
1385 1667 1564 1723 ποικίλῃ,

79 1717 121 1755 id
141 1717 189 1754 ad
209 1731 294 1754 eam
319 1730 472 1769 quoque
491 1718 674 1754 sermonis
702 1717 920 1755 varietatem
945 1730 1122 1755 revocare
1145 1719 1293 1767 licebit,
1323 1721 1399 1772 qus
1426 1725 1564 1763 Ionicis

80 1775 211 1812 formis
229 1775 316 1810 alias
336 1775 433 1824 epici
452 1781 488 1811 et
506 1775 671 1824 vulgaris
688 1775 871 1811 sermonis
890 1774 1030 1812 formas
1043 1775 1224 1812 Nostrum
1243 1775 1483 1817 admiscuisse
1498 1793 1564 1818 eo-

82 1844 157 1882 que
177 1832 386 1867 orationem
405 1831 564 1868 variasse
583 1831 660 1867 sive
679 1832 832 1867 oratione
860 1833 1004 1868 variata
1030 1844 1142 1868 usum
1171 1846 1249 1870 esse
1269 1841 1468 1884 putemus,
1498 1839 1564 1876 vix

82 1888 161 1923 ullo
181 1894 281 1923 certo
301 1888 341 1922 in
361 1886 543 1937 eligendis
554 1887 709 1936 singulis
729 1887 858 1923 formis
879 1888 1033 1923 consilio
1055 1887 1224 1936 ductum,
1239 1889 1306 1926 sed
1322 1901 1366 1927 ea
1375 1894 1564 1943 recipien-

82 1950 182 1991 tem,
222 1955 470 1994 quaecunque
499 1944 672 1979 animum
691 1943 858 1979 subirent
878 1949 942 1979 aut
961 1944 1130 1993 priorum
1160 1946 1386 1996 scriptorum
1405 1962 1476 1986 usu
1501 1951 1564 1986 in-

83 1998 257 2036 troducta
275 2006 408 2049 sponte
428 2013 506 2035 sese
532 1998 726 2039 offerrent.
747 1995 821 2049 Μ)
877 2001 957 2036 Nec
972 2001 1060 2036 talia
1079 2001 1208 2048 nobis,
1248 2003 1401 2052 opinor,
1433 2006 1564 2043 rimari

83 2056 232 2100 licebit,
263 2068 358 2106 quae
380 2068 400 2091 a
420 2056 599 2106 peculiari
618 2055 805 2104 scriptoris
827 2056 954 2092 animo
978 2068 1021 2092 ac
1041 2069 1154 2093 sensu
1177 2057 1368 2108 pendeant
1395 2060 1563 2113 indeque

83 2113 195 2148 unice
225 2110 420 2148 diiudicari
447 2113 602 2162 possint.
662 2112 782 2147 Mixto
810 2112 924 2161 igitur
943 2125 1015 2148 nec
1034 2112 1182 2205 finibss
1200 2115 1308 2151 certis
1328 2115 1564 2155 circumscri-

83 2175 149 2219 pto
174 2168 349 2204 orationis
380 2180 519 2217 genere
546 2166 783 2204 Herodotum
810 2181 922 2205 usum
953 2180 1033 2205 esse
1052 2169 1115 2206 vol
1185 2182 1228 2206 us
1251 2183 1322 2207 nec
1353 2172 1563 2225 quidquam

85 2223 187 2260 aliud
224 2225 332 2261 nobis
364 2223 587 2260 faciundum
615 2237 695 2261 esse
723 2223 891 2271 videtur,
923 2225 995 2261 nisi
1017 2224 1121 2277 quod
1148 2226 1403 2264 Gaisfordium
1431 2230 1563 2268 fecisse

84 2280 318 2317 invenimus:
350 2278 524 2317 codicum
543 2281 746 2317 meliorum
766 2287 802 2316 et
820 2282 1077 2332 antiquiorum
1100 2288 1143 2318 ut
1167 2296 1371 2334 sequamur
1399 2287 1564 2323 auctori-

85 2342 214 2383 tatem,
233 2349 281 2372 ne
301 2337 592 2374 inconstantiam
612 2336 823 2374 constanti-<⁴1
841 2337 972 2374 tollere
993 2351 1080 2374 cum
1100 2339 1271 2388 velimus,
1305 2341 1376 2392 ipsi
1394 2344 1564 2381 maxime

86 2392 338 2430 inconstantes
365 2395 599 2444 reperiamur
614 2422 625 2443 ,
662 2392 976 2448 Herodotumque
1002 2396 1061 2432 sui
1078 2395 1192 2447 ipsius
1211 2397 1379 2435 maxime
1399 2397 1563 2437 dissimi-

88 2600 216 2684 ΧΧΙῖΙ)
253 2600 331 2635 vid.
364 2601 514 2637 Praefat.
546 2614 627 2649 pag.
648 2604 693 2639 V.
725 2604 856 2639 Probat
877 2603 1190 2648 Schweighaeuser.
1212 2604 1364 2640 Praefat.
1387 2604 1415 2648 Ι,
1438 2608 1461 2643 2
1484 2618 1562 2654 pag.

178 2715 228 2759 ”J
253 2713 433 2747 Meierotto
456 2714 510 2757 Lj.
535 2726 567 2759 p.
593 2716 658 2750 596
673 2728 768 2762 seqq.
795 2716 837 2750 de
859 2715 1027 2750 Herodoti
1050 2715 1194 2750 dialecto
1218 2715 1385 2752 disserens
1409 2719 1491 2754 haec
1503 2720 1564 2753 ad-

88 2760 157 2794 dit:
184 2765 351 2805 „peut-on
375 2771 414 2792 en
439 2760 604 2804 conclure,
628 2762 708 2807 qu’il
732 2762 798 2796 suit
821 2763 865 2796 ici
889 2774 954 2795 une
976 2761 1071 2806 regle
1094 2762 1262 2806 generale,
1286 2763 1564 2809 l'nsagereeu,sa

88 2805 231 2849 langue,
260 2816 320 2838 son
344 2804 505 2848 dialecte‚
538 2817 582 2840 ou
602 2807 714 2852 plutot.
735 2808 1007 2853 nefaudra-t-il
1030 2819 1094 2853 pas
1121 2808 1196 2843 dire
1222 2808 1307 2853 qu’il
1332 2812 1481 2846 consulte
1503 2823 1564 2846 son

91 2853 208 2888 oreille
221 2855 256 2886 et
272 2852 309 2886 la
329 2850 416 2886 suite
428 2850 446 2884 ?
457 2853 480 2871 ‘⁶

1205 2898 1296 2942 27*
