1839 3292
568 214 883 252 URANIA
941 215 1071 254 VIII.
1350 221 1432 261 199

189 324 363 373 σθέντες
410 325 498 365 τῶν
533 323 716 377 λογίων,
758 322 817 374 ὥς
862 334 997 379 σφεας
1041 323 1168 379 χρεόν
1206 322 1296 366 ἐστι
1344 324 1433 379 ἅμα

185 396 298 434 τοῖσι
328 389 494 433 ἄλλοισι
523 394 742 443 Δωριεῦσι
770 391 986 434 ἐκπίπτειν
1025 391 1071 434 ἐκ
1099 390 1442 447 Πελοποννήσου

186 457 274 503 ὑπὸ
309 457 481 512 Μήδων
511 473 553 499 τε
583 457 655 500 καὶ
688 456 958 512 Ἀθηναίων,
1017 456 1156 511 κάρτα
1184 474 1228 501 τε
1268 457 1439 501 ἔδεισαν

185 524 243 580 μή
284 522 584 579 ὁμολογήσωσι
625 527 689 580 τῷ
726 524 875 581 Πέρσῃ
911 524 1154 578 Ἀθηναῖοι,
1198 524 1352 568 αὐτίκα
1389 532 1491 568 τε9ο

154 598 269 646 Ξσφι
299 592 415 642 ἔδοξε
445 591 628 646 πέμπειν
648 589 865 646 ἀγγέλους.
909 591 981 635 καὶ
999 590 1051 646 δή
1071 592 1299 635 συνέπιπτε
1324 591 1432 636 ὥστε

185 658 299 714 ὁμοῦ
337 658 484 714 σφέων
522 660 722 713 γίνεσθαι
761 656 842 712 τήν
878 657 1151 701 κατάστασιν.
1212 657 1431 713 ἐπανέμει-

186 742 271 769 ναν
299 725 383 781 γοὶρ
416 727 458 768 οἱ
482 723 709 781 Ἀθηναῖοι
739 727 1055 781 διατρίβοντες,
1086 721 1136 770 εὖ
1158 725 1431 781 ἐπιστάμενοι

184 792 249 836 ὅτι
277 793 454 847 ἔμελλον
483 791 820 848 Λακεδαιμόνιοι
857 791 1094 837 πεύσεσθαι
1121 793 1284 850 ἥκοντα
1312 792 1432 848 παρα

182 863 262 902 τοῦ
291 859 519 915 βαρβάρου
549 860 733 915 ἄγγελον
760 859 824 903 ἐπ’
854 859 1083 917 ὁμολογίῃ,
1112 859 1355 916 πυθόμενοί
1383 875 1428 903 τε

151 927 367 981 3πέμψειν
395 926 503 970 κατα
534 928 658 983 τάχος
685 927 903 983 ἀγγέλους.
950 926 1139 982 ἐπίτηδες
1168 922 1231 971 ὧν
1256 929 1428 972 ἐποίευν
1439 935 1484 971 95

181 992 504 1049 ἐνδεικνύμενοι
544 1000 656 1038 τοῖσι
691 996 1079 1049 Λακεδαιμονίοισι
1123 994 1201 1050 τὴν
1253 995 1426 1039 ἑωυτῶν

18 1063 114 1108 142
179 1060 367 1117 γνώμην.
422 1059 499 1113 Ὡς
529 1062 574 1105 δὲ
604 1061 820 1105 ἐπαύσατο
844 1061 980 1116 λέγων
997 1060 1296 1116 Ἀλέξανδρος,
1332 1065 1423 1107 δια·
1478 1066 1590 1094 Eorum
1607 1067 1645 1095 δᾶ
1662 1075 1754 1105 popu-

1479 1101 1541 1129 lum
1558 1102 1663 1130 oratio.

180 1128 405 1182 δεξάμενοι
435 1129 582 1185 ἔλεγον
611 1132 654 1172 οἱ
672 1128 757 1172 ἀπὸ
782 1127 986 1185 Σπάρτης
1015 1128 1212 1185 ἄγγελοι·
1242 1130 1423 1185 ,ξΗμέας

178 1196 252 1250 ,,δὲ
282 1196 475 1250 ἔπεμψαν
493 1196 831 1252 Λακεδαιμόνιοι
854 1196 1142 1252 δεησομένους
1157 1195 1318 1252 ὑμέων,
1350 1197 1425 1253 μή-

177 1278 250 1315 ,,τε
278 1262 488 1320 νεώτερον
516 1263 677 1308 ποιέειν
694 1264 829 1320 μηδὲν
857 1263 965 1307 κατὰ
995 1262 1074 1318 τὴν
1092 1261 1290 1318 Ἑλλάδα,
1320 1264 1452 1321 μήτεΙ

121 1436 342 1487 Suspicatur
369 1442 496 1472 autem
515 1435 580 1472 Vir
599 1436 768 1472 Praeno-

119 1494 330 1541 bilsssimus,
350 1493 463 1528 Liber
488 1493 586 1528 Baro
607 1491 654 1528 de
677 1493 768 1529 Rei-

111 1544 297 1597 μΖε-ἰῃεῐείῃ,
329 1547 446 1585 hocce
467 1549 661 1584 oraculum
681 1555 764 1598 post

118 1605 286 1642 Cimonis
318 1617 489 1655 pugnam
515 1603 563 1641 ad
603 1605 768 1641 Cnidum

117 1662 357 1698 commissam
405 1660 549 1697 editum
598 1660 768 1713 adeoque

115 1725 201 1768 post
221 1725 398 1755 eventum
410 1716 448 1755 h.
462 1719 486 1754 l.
498 1718 767 1768 interpolatum

117 1786 209 1811 esse.
265 1773 326 1810 Ad
345 1775 460 1811 verba
487 1770 539 1824 μή
570 1770 768 1826 ὁμολογή-

118 1842 215 1869 σωσι
232 1829 309 1868 vid.
323 1829 457 1868 Matth.
477 1831 542 1867 Gr.
553 1831 618 1874 Gr,
640 1831 767 1876 §.518

173 1962 240 2003 καὶ
258 1960 308 2015 δή
330 1962 538 2004 συνέπιπτε
556 1960 653 2003 ὥστε
669 1978 706 2003 κ.
730 1977 764 2003 τ.

116 2021 170 2069 L]
202 2019 287 2058 Vid.
307 2033 418 2070 supra
436 2021 534 2057 VIII.
560 2021 622 2068 15,
652 2028 688 2057 et
718 2019 765 2057 de

115 2089 211 2115 voce
240 2073 473 2123 κατάστασις
495 2077 603 2113 allata
624 2076 672 2113 ad
698 2078 763 2124 ΙΙΙ,

116 2131 184 2173 46.
227 2132 375 2170 Accidit
407 2131 527 2181 (haec
556 2134 671 2169 nostri
692 2133 765 2169 loci

117 2189 333 2238 sententia),
362 2193 402 2225 ut
423 2191 560 2238 utrique
573 2190 676 2226 simul
697 2190 763 2238 (in

116 2253 288 2282 senatum
303 2259 332 2282 s.
352 2246 391 2281 in
403 2247 639 2292 concionem)
661 2247 764 2283 verba

111 2301 253 2351 facturi
290 2302 601 2339 introducerentur.
661 2303 765 2347 Quae

117 2361 342 2408 sequuntur:
363 2357 767 2409 ἐπανέμειναν-δια-

117 2414 314 2463 τρίβοντες
335 2416 471 2451 excitat
498 2415 710 2454 Blomfield.
725 2417 765 2451 in

119 2469 280 2506 Glossar.
293 2469 339 2506 ad
357 2469 532 2522 Aeso-hyl.
549 2473 653 2508 Pers.
671 2474 764 2519 812,

117 2523 206 2561 hinc
234 2533 366 2562 notans
396 2527 497 2577 apud
533 2526 764 2579 Aeschylum

118 2581 311 2632 aliquoties
331 2585 481 2632 reperiri
491 2585 647 2621 verbum
669 2597 764 2621 con-

117 2643 280 2674 tractum
299 2637 520 2689 ἐπαμμένω.

170 2725 350 2776 ἐπίτηδες
367 2721 422 2765 οἶν
434 2726 590 2768 ἐποίευν
609 2744 644 2767 κ.
660 2744 692 2770 τ.
708 2729 761 2778 λ.]

116 2783 143 2824 i.
163 2796 198 2820 e.
219 2783 261 2821 de
277 2783 457 2822 industria
477 2785 764 2836 itafeceru12t‚ut

819 1435 1110 1473 Lacedaemoniis
1138 1435 1200 1471 hoc
1233 1435 1333 1472 modo
1378 1447 1479 1473 suam

820 1497 960 1529 mentem
1001 1491 1228 1528 declararent.
1287 1492 1345 1527 De
1383 1505 1478 1528 voce

821 1547 1000 1599 ἐπίτηδες
1039 1547 1136 1585 conf.
1169 1548 1234 1595 111,
1265 1550 1356 1587 130.
1396 1548 1479 1596 VH,

821 1604 889 1645 44.
913 1606 990 1644 168
1022 1611 1058 1640 et
1081 1603 1127 1640 de
1139 1604 1255 1641 verbo
1277 1602 1478 1643 ἐνδείκνυ-

823 1664 920 1700 σθαι
960 1660 1071 1696 allata
1101 1658 1149 1696 ad
1179 1661 1244 1707 111,
1272 1662 1363 1700 128.
1406 1660 1473 1697 Cr.

822 1718 960 1753 excitat
978 1717 1112 1756 Liban.
1127 1717 1244 1754 Tom.
1255 1716 1308 1754 IV
1317 1730 1357 1767 p.
1372 1716 1477 1758 1057

821 1772 951 1811 Reisk.

1013 1863 1106 1913 cap.
1137 1861 1288 1899 CXLII.

880 1936 1155 1990 διαδεξάμενοι
1173 1953 1225 1977 sc.
1245 1936 1315 1980 τὸν
1335 1934 1477 1990 λόγον]

819 1997 847 2035 i.
868 2011 902 2034 e.
938 1999 1142 2047 excipientes
1170 1997 1308 2033 illorum
1344 2008 1473 2032 sermo-

820 2066 895 2092 nem
920 2054 998 2091 sive
1019 2055 1140 2090 statim
1153 2057 1232 2103 post
1250 2053 1342 2089 illos.
1409 2050 1473 2088 Ad

819 2111 934 2148 verba
954 2105 1145 2160 νεώτερον
1156 2108 1304 2148 ποιέειν
1316 2107 1416 2144 conf.
1427 2108 1473 2155 V,

822 2167 873 2208 35
904 2167 1032 2217 ibique
1068 2167 1144 2202 citt.
1182 2171 1218 2201 et
1248 2163 1295 2201 ad
1325 2160 1474 2214 κόσμον

821 2221 958 2273 φέρειν
987 2223 1086 2269 VIII,
1118 2223 1170 2261 60
1199 2221 1279 2260 init.
1343 2222 1473 2256 Locu-

819 2281 966 2316 tionem
988 2275 1053 2316 δισῖ
1070 2273 1230 2315 πάντων
1261 2279 1363 2326 (prae
1380 2280 1474 2313 cete-

820 2333 887 2387 ris)
910 2336 1015 2384 attigi
1043 2333 1090 2370 ad
1117 2333 1215 2381 VIII,
1237 2335 1302 2372 37.
1362 2330 1473 2377 Quod

818 2405 909 2430 vero
949 2404 1016 2442 pro
1047 2386 1136 2429 οὔτε
1160 2404 1204 2441 γε
1234 2389 1399 2426 Werfer.
1430 2389 1473 2423 iu

819 2449 920 2487 Acts.
941 2446 1048 2498 phill.
1068 2448 1240 2482 Monacc.
1274 2445 1291 2479 I
1319 2458 1355 2494 p.
1377 2443 1474 2484 259.

819 2507 898 2544 261
931 2505 1006 2553 legi
1039 2503 1185 2539 mavult
1207 2497 1256 2539 οὕ
1274 2515 1311 2538 τι
1335 2514 1400 2551 γε,
1431 2506 1473 2536 ut

818 2561 882 2606 IV,
905 2563 958 2600 76
995 2555 1048 2610 μή
1085 2571 1123 2597 τι
1155 2571 1218 2610 γε,
1242 2557 1321 2604 (ubi
1339 2563 1471 2593 tamen

819 2615 895 2653 vid.
915 2622 1024 2662 nott„
1054 2626 1145 2650 nam
1166 2626 1255 2649 eum
1273 2614 1399 2662 ipsum
1420 2612 1470 2649 ob

818 2672 949 2709 locum
971 2673 1017 2708 G.
1038 2672 1248 2707 Hermann.
1271 2668 1318 2705 ad
1336 2670 1465 2718 Viger.

818 2740 907 2779 pag.
923 2728 1002 2767 948
1021 2725 1060 2765 h.
1090 2727 1116 2761 l.
1151 2722 1262 2764 οὔτοι
1279 2740 1320 2777 γε
1338 2725 1470 2775 reponi

819 2780 917 2836 vult)
940 2783 1023 2820 libri
1043 2783 1168 2834 scripti
1187 2794 1265 2819 uon
1289 2780 1469 2819 addicunt
