1839 3292
391 201 476 243 328
791 200 1258 239 HERODOTI

392 311 606 367 λαβόντας
643 308 833 360 πολλοὺς
872 307 992 362 παρὰ
1010 307 1243 362 Ἀρτύυτεω
1280 312 1363 353 τοῦ
1392 311 1658 365 Μαρδονίου

363 378 556 429 8παιδός
587 378 658 420 δια
690 380 821 419 τοῦτο
843 376 892 418 τὸ
918 376 1057 429 ἔργον.
1102 375 1219 427 ὅστις
1249 377 1396 432 μέντοι
1423 380 1479 433 ἦν
1511 377 1658 422 αὐτῶν

395 445 418 490 6
450 444 713 498 ὑπελόμενός
742 460 786 487 τε
816 444 889 487 καὶ
917 446 1065 494 θάψας
1095 443 1172 488 τόν
1201 444 1356 499 νεκρὸν
1379 444 1458 488 τὸν
1480 450 1659 503 Μαρδο-

393 515 495 556 νίου
516 546 527 565 ,
560 512 614 556 οὐ
646 511 836 567 δύναμαι
867 510 1077 565 ἀτρεκέως
1105 511 1342 556 πυθέσθαι.
1374 512 1456 568 ἔχει
1487 514 1531 556 δέ
1560 520 1716 557 τινα25

395 579 529 636 φάτιν
574 581 646 623 καὶ
695 580 1061 636 Διονυσοφάνης,
1105 580 1217 637 ἀνὴρ
1261 577 1471 635 Ἐφέσιος,
1514 579 1660 631 θάψαι

391 647 670 702 Μαρδόνιον.
732 645 818 690 ἀλλ’
855 646 878 691 ὁ
909 648 988 702 μὲν
1018 647 1167 706 τρόπῳ
1198 647 1391 704 τοιούτῳ
1421 645 1571 703 ἐτάφη.
1608 648 1662 690 Οἱ

64 715 340 784 ξξῖυῆξξῦὸἓζῄᾶᾖθ
397 717 443 760 δὲ
461 716 665 773 Έλληνες
699 714 754 767 ὦς
797 715 844 759 ἐν
883 719 1128 773 Πλαταιῃσι
1163 716 1242 772 τήν
1271 719 1398 773 ληίην
1432 716 1660 767 διείλοντο,

63 783 340 847 ffiffispggjjfggass
398 784 592 828 ἔθαπτον
620 783 724 834 τούς
753 782 944 835 εωυτῶν,
980 786 1109 839 χωρὶς
1140 785 1327 828 ἕκαστοι
1389 782 1662 838 Λακεδαιμό-

66 859 184 886 Pugnae
227 859 342 881 emm·
400 869 488 896 νιοι
518 853 597 908 μὲν
625 850 770 907 τριξὰς
799 850 1058 907 ἐποιήσαντο
1088 851 1245 909 θήκας.
1304 853 1413 896 ἔνθα
1452 851 1529 906 μὲν
1558 851 1718 901 τοὺς30

401 920 547 975 ἰρένας
577 919 763 971 ἔθαψαν,
791 924 880 963 τῶν
909 920 981 963 καὶ
1013 920 1309 971 Ποσειδώνιος
1344 920 1417 963 καὶ
1438 917 1664 975 Ἀμομφά-

266 651 332 699 85

65 891 132 919 cta,
150 890 240 915 testes
260 888 344 915 vani-

65 906 137 947 tati}
147 921 343 951 Graecorum.

366 995 525 1044 Ξρετος
554 982 665 1045 ἦσαν
693 988 768 1032 καὶ
800 988 1028 1032 Φιλοκύων
1066 1004 1110 1033 τε
1139 989 1213 1033 καὶ
1245 987 1556 1045 Καλλικράτης.

522 1253 615 1304 Cap.
636 1254 834 1293 LXXXV.

404 1329 507 1370 ἔνθα
526 1330 598 1384 μὲν
624 1330 720 1380 τούς
743 1331 877 1386 ἰρένας
905 1331 1005 1373 ἔθα-

345 1387 463 1439 ψαν]
496 1389 520 1425 i.
543 1403 577 1425 e.
612 1394 685 1426 tum
708 1391 844 1440 quidem
869 1390 1005 1438 (tribus

343 1446 424 1483 scil.
456 1445 673 1483 conditoriis
695 1448 800 1484 factis
830 1447 876 1484 ad
898 1461 1006 1484 mor-

345 1508 502 1538 tuorum
542 1503 725 1541 cadavera
763 1504 1007 1555 excipienda)

345 1559 577 1609 sepeliverunt
623 1562 759 1598 iuvenes
805 1575 833 1598 s.
891 1562 1007 1598 duces.

346 1615 422 1651 Ubi
443 1617 609 1666 primum
638 1617 732 1654 illud
766 1631 918 1666 moneo,
944 1632 1007 1655 se-

347 1672 519 1709 cundum
548 1675 776 1710 Pausaniam
810 1676 878 1721 IX,
906 1678 932 1715 2
968 1676 1005 1721 ξ.

347 1728 373 1769 4
398 1743 437 1779 p.
464 1730 544 1771 715
590 1730 913 1768 Lacedaemonios
951 1739 1011 1768 at-

349 1798 424 1836 que
444 1785 694 1824 Athenienses
712 1801 821 1825 suam
839 1802 1010 1841 quosque

350 1839 527 1880 habuisse
547 1845 805 1894 sepultunQam
845 1846 1010 1897 reliquos

350 1900 515 1937 Graecos
527 1914 644 1937 uuam
656 1915 817 1954 eamque
833 1915 1011 1939 commu-

347 1968 453 1993 nem.
466 1958 640 1994 Alterum
662 1958 710 1995 ad
721 1958 901 1996 Herodoti
924 1966 1012 1995 tex—

350 2019 434 2049 tum
471 2015 622 2062 attinet,
686 2016 726 2052 in
767 2029 842 2068 quo
879 2029 1012 2053 omues

352 2069 467 2107 codd.
489 2070 656 2108 offerunt
677 2069 771 2119 τούς
792 2071 899 2123 ἱρέας
926 2074 952 2111 ἱ.
974 2086 1008 2110 e·

352 2127 562 2175 sacerdotes,
606 2130 735 2180 quales
765 2130 940 2181 nuspiam
971 2130 1012 2166 iu

352 2183 631 2234 Spartanorum
658 2187 807 2237 proeliis
840 2199 1015 2223 comme-

353 2249 572 2289 morantur3
622 2255 714 2279 nam
745 2250 872 2280 vatem
912 2241 1015 2295 quod

354 2296 395 2333 in
409 2297 712 2348 expeditionibus
727 2313 855 2336 secum
866 2298 1014 2336 habue-

353 2360 465 2402 ruut,
520 2354 559 2391 id
595 2354 670 2392 huc
709 2356 838 2392 referri
868 2357 1014 2408 nequit.

354 2410 480 2455 Quare
495 2410 801 2460 Valckenaerius,
825 2413 904 2450 aliis
921 2426 1015 2450 con-

353 2467 506 2505 iecturis
554 2470 696 2514 missis,
751 2470 863 2506 scribi
910 2470 1015 2506 iussit

354 2520 450 2571 τούς
480 2522 622 2577 ἰρένας,
643 2532 679 2562 et
699 2526 796 2562 infra
818 2526 858 2565 οἷ
875 2525 1014 2575 ἰρένες,

354 2579 471 2631 idque
534 2583 707 2632 probavit
759 2584 1015 2633 Wesselingio

359 2636 473 2685 (Diss.
490 2638 633 2676 Herod.
663 2653 702 2691 p.
724 2640 825 2689 206)
860 2647 898 2677 et
925 2640 1016 2676 reli-

361 2694 444 2743 quis
481 2694 698 2734 editoribus.
765 2698 848 2742 Quo
888 2703 1016 2734 autem

358 2749 424 2786 Vir
451 2754 711 2800 sagacissimus
732 2754 934 2804 praecipue
953 2753 1017 2789 ni-

358 2805 459 2857 titur,
487 2815 542 2846 est
571 2810 703 2848 Glossa
731 2809 948 2848 Herodotea
966 2810 1020 2849 sic

1613 1002 1660 1031 ἓν

1061 1227 1267 1272 concepta:
1300 1215 1453 1291 Ειρην·
1496 1233 1603 1285 παρα
1632 1215 1722 1259 Λα·-

1060 1279 1327 1329 κεδαιμονίοις
1360 1276 1401 1316 ἐν
1431 1291 1484 1330 τῳ
1510 1271 1652 1330 πρώτῳ
1683 1274 1723 1316 ἔ-

1060 1338 1209 1389 νιαυτῷ
1242 1332 1265 1374 6
1287 1337 1381 1380 παῖς
1407 1333 1725 1385 ρωβίδαςκαλεῖ-

1059 1407 1135 1440 ται,
1166 1394 1221 1445 τῷ
1248 1389 1416 1444 δευτέρῳ
1438 1386 1725 1441 προκομιζὸμε-

1060 1464 1152 1496 νος,
1174 1451 1226 1500 τῷ
1250 1449 1366 1515 τρίτῳ
1389 1442 1649 1498 μικιζόμενος,
1669 1461 1723 1497 τῳ

1063 1503 1232 1557 τετάρτω
1252 1501 1448 1573 πρόπαις,
1486 1505 1541 1556 τῷ
1562 1502 1725 1571 πέμπτῳ

1063 1566 1180 1609 παῖς,
1213 1563 1266 1615 τῷ
1289 1559 1383 1614 ἕκτῳ
1404 1544 1620 1628 μελείρην.
1652 1554 1727 1597 'E-

1065 1602 1250 1669 φηβεύει
1261 1615 1303 1656 δὲ
1323 1612 1413 1667 παρ’
1432 1612 1566 1662 αυτοῖς
1596 1614 1728 1662 ὀπαῖς

1066 1671 1144 1715 ano*
1163 1674 1259 1714 ετῶν
1281 1669 1328 1713 ιδ’
1342 1673 1452 1724 μέχρι
1476 1688 1543 1711 και
1559 1667 1614 1711 ”.κ
1645 1674 1727 1711 Βα-

1069 1728 1247 1783 ρυτόνως
1302 1728 1343 1769 δὲ
1385 1727 1486 1780 [τό]
1529 1729 1726 1797 μελείρην,

1069 1786 1200 1839 ὥσπερ
1213 1783 1395 1839 πυθμην,
1407 1801 1488 1825 απυ
1482 1782 1618 1835 ἰθ-μην·
1650 1780 1728 1824 av'-

1067 1860 1165 1897 χην,
1218 1842 1424 1894 υψαυχην.
1482 1843 1625 1888 Quibus
1657 1840 1729 1879 ad·-

1069 1902 1164 1939 dunt
1187 1899 1381 1938 Plutarch.
1410 1902 1576 1952 Lycurg.
1612 1902 1661 1940 17
1689 1912 1729 1949 p.

1068 1960 1121 2001 50
1142 1960 1203 2007 1).,
1233 1959 1300 1995 ubi
1330 1956 1424 1994 haec
1446 1963 1618 1993 exstant:
1649 1955 1728 1995 Εἰ·-

1069 2014 1188 2067 ρένας
1218 2012 1261 2054 δὲ
1287 2016 1473 2062 καλοῦσι,
1519 2009 1614 2059 τούς
1645 2010 1729 2059 ε’τος

1068 2069 1148 2137 ἤδη
1171 2067 1394 2122 δεύτερον’
1377 2086 1418 2110 εκ
1436 2069 1592 2109 παίδων
1616 2083 1730 2121 γεγο-

1069 2124 1201 2174 νότας.
1261 2126 1508 2179 Μελείρενας
1542 2123 1611 2170 δὲ,
1648 2127 1730 2165 τῶν

1070 2185 1227 2224 παίδων
1268 2186 1362 2229 τους
1417 2176 1729 2234 πρεσβυτάτους,

1068 2241 1288 2292 Et)1n010g-
1320 2241 1446 2289 Magn.
1477 2253 1514 2289 p.
1538 2241 1631 2286 303,
1662 2241 1730 2279 37

1069 2296 1234 2349 Hesych.
1264 2298 1299 2333 ΙΙ
1319 2309 1406 2347 pag.
1428 2298 1493 2336 69.
1525 2294 1658 2346 ἰ’ρανες
1690 2293 1734 2333 οἷ

1072 2354 1251 2418 εἴρωνες·
1284 2353 1325 2392 οἱ
1345 2350 1531 2404 αρχοντες
1564 2349 1730 2403 ηλικιώ-

1069 2427 1145 2459 ται,
1169 2405 1382 2456 διώκοντες
1395 2409 1481 2446 coll.
1501 2407 1571 2459 lp.
1597 2406 1729 2448 1114:

1073 2462 1292 2518 εἰρηναζει·
1330 2469 1475 2518 κρατεῖ.
1541 2463 1652 2502 Unde
1685 2464 1729 2502 C.

1072 2525 1117 2563 Ο.
1143 2524 1290 2560 Miiller.
1311 2525 1402 2560 Dor.
1431 2522 1467 2558 11
1488 2536 1524 2572 p.
1547 2523 1624 2562 301
1648 2533 1730 2557 nou

1070 2582 1227 2618 iuvenes
1247 2581 1324 2617 sive
1356 2579 1631 2624 adolescentes,
1661 2575 1729 2614 sed

1072 2637 1251 2675 ordinum
1272 2637 1386 2685 duces,
1411 2635 1529 2688 qualis
1549 2647 1639 2671 sane
1658 2634 1729 2670 fuit

1070 2692 1405 2744 Amompharetus‚
1443 2692 1603 2741 intelligi
1632 2690 1727 2728 vult.

1071 2754 1129 2789 De
1159 2750 1344 2788 Posidonio
1370 2748 1447 2787 vid.
1469 2750 1537 2795 IX,
1570 2749 1642 2795 713
1679 2744 1728 2783 de

1075 2808 1336 2859 Amomplaareto
1353 2807 1423 2856 IX,
1444 2805 1496 2846 53
1525 2816 1604 2856 seq.
