1839 3292
380 234 438 273 86

382 339 560 396 ἀνδρῶν
597 340 784 396 μάλιστά
824 358 878 397 κη
909 345 1200 397 τρισμυρίων·

782 235 1242 273 HERODOTI

1239 342 1580 401 ἆποθωυμάζειν
1607 346 1653 390 τὲ

384 422 520 465 σφεας
549 408 626 452 τὸν
648 408 898 462 κονιορτόν,
927 409 1063 453 ὅτεών
1092 426 1192 454 κοτε
1209 413 1273 465 εἴη
1292 411 1558 466 ἀνθρώπων,
1580 415 1655 458 καὶ

384 475 529 530 πρόκα
557 492 601 519 τε
631 480 783 531 φωνῆς
811 476 1004 527 ἀκούειν,
1035 479 1109 520 καί
1137 480 1181 522 οἱ
1203 480 1441 534 φαίνεσθαι
1458 480 1538 537 τὴν
1560 499 1655 538 φω-

355 542 471 598 Ξνὴν
501 548 613 586 εἰναι
643 543 720 587 τόν
749 545 962 600 μυστικὸν
991 548 1159 602 ἴακχον.

384 614 472 654 τῶν
502 612 612 664 ἷρῶν
641 616 731 654 τῶν
762 613 808 655 ἐν
827 612 1039 658 Ἐλευσῖνι
1060 614 1137 658 τὸν
1155 615 1434 672 Δημάρητον,
1465 617 1712 670 ε’ίρεσθαίόο

384 696 429 724 τε
461 679 597 724 αὐτὸν
628 680 654 724 ὅ
682 699 723 725 τι
752 681 801 726 τὸ
833 682 1139 740 φθεγγόμενον
1162 686 1226 740 εἴη
1254 688 1410 728 τοῦτο·
1442 682 1575 736 αὐτὸς
1609 684 1656 728 δὲ

388 909 458 951 τόν
490 910 681 962 μυστικὸν
719 912 875 965 ἴακχον]
921 916 991 951 Di-

332 982 444 1006 caeus
474 969 646 1014 dicebat,
677 970 859 1009 clamorem
884 973 992 1008 illum

332 1027 402 1063 sibi
411 1026 523 1063 viden·
532 1039 600 1064 esse
618 1030 802 1078 mysticum
812 1028 992 1066 Iacchum.

332 1085 389 1120 lta
399 1084 431 1119 V
434 1082 650 1121 alckenaer.
680 1087 773 1136 „qui
789 1085 893 1137 quod
907 1093 994 1122 aute

331 1138 402 1177 has
445 1153 557 1178 voces
601 1142 764 1178 verbum
809 1138 994 1194 ᾀδόντων

333 1195 439 1236 vel’
423 1198 513 1248 ega,
519 1193 644 1236 όντων
684 1197 867 1235 excidisse
903 1199 997 1235 olim

332 1260 552 1304 putaverat,
582 1261 712 1304 postea
740 1256 823 1291 iure
843 1256 999 1292 1etraxit

332 1311 603 1350 coniecturam.
670 1311 821 1349 Iacchus
840 1342 850 1360 ,
895 1311 1000 1364 quod

332 1368 422 1403 satis
443 1374 612 1414 constat,
645 1368 686 1404 in
719 1370 905 1420 mysteriis
927 1371 999 1406 At-

333 1424 415 1460 ticis
466 1423 662 1461 dicebatur
697 1424 860 1463 Bacchus
898 1439 1000 1476 puer,

335 1481 443 1518 cuius
463 1487 627 1517 statuam
657 1483 769 1520 variis
799 1484 910 1519 rebus
937 1496 1001 1519 or-

336 1544 467 1574 natam
489 1551 508 1574 e
532 1538 750 1586 Ceramico,
780 1541 846 1577 ubi
874 1539 1002 1577 Iacchi

337 1593 450 1631 aedes
469 1601 561 1640 erat,
584 1596 622 1631 in
641 1596 882 1634 Eleusinium
901 1604 1003 1634 tem-

337 1650 447 1702 plum
481 1659 590 1688 sexto
620 1653 905 1691 Eleusiniorum
942 1653 1002 1690 die

338 1706 494 1760 quando
508 1707 731 1746 deferebant
749 1712 884 1748 initiati
917 1724 1003 1748 ma-

338 1764 416 1815 gnai
447 1778 491 1802 ac
516 1767 679 1802 solemni
701 1780 841 1819 pompa
864 1798 873 1815 ‚
929 1766 1005 1819 hy-

338 1833 475 1858 mnum
488 1823 527 1858 in
539 1822 694 1859 laudem
704 1825 831 1862 Iacchi
843 1838 1005 1876 compo-

338 1880 482 1927 situm,
526 1881 678 1931 qualem
709 1895 745 1919 v.
783 1896 817 1923 c,
851 1881 1005 1919 exhibet

339 1934 612 1986 Aristophanes
643 1939 740 1975 Ran.
772 1938 876 1983 401,
913 1952 1007 1975 can-

340 1997 475 2040 tantes,
497 1992 536 2030 id
556 1994 781 2032 vocabant’
766 1991 918 2047 εξαγειν
934 2010 1004 2034 τον

329 2045 508 2099 Ἴακχον·
552 2049 600 2086 de
635 2065 710 2102 quo
748 2053 856 2102 pluia
896 2053 1005 2089 attuli

343 2104 393 2142 ad
412 2105 606 2144 Plutarch.
627 2108 816 2147 Alcibiad.
848 2123 886 2160 p.
908 2109 1005 2150 245.

342 2163 409 2200 Tu
457 2162 533 2200 vid.
570 2167 789 2214 praesertim
831 2166 1007 2203 Creuzer.

343 2219 593 2270 Symb01.1V
625 2235 714 2272 pag.
747 2222 841 2263 528.
900 2224 1007 2259 Tum

341 2288 435 2314 vero
476 2278 592 2313 etiam
619 2279 697 2329 ipse
732 2279 795 2314 ille
827 2278 1007 2330 hymnus,

345 2345 464 2385 quem
485 2334 523 2370 in
544 2335 706 2371 solemni
735 2348 876 2387 pompa
915 2350 1007 2372 can-

344 2391 415 2427 tari
434 2389 610 2434 diximus,
627 2391 849 2429 vocabatur'
851 2390 1009 2444 ’[ακχος,

346 2453 441 2483 teste
461 2446 625 2499 Hes)·.cl1
657 2463 686 2486 s.
708 2463 742 2487 v.
775 2451 809 2485 II
849 2463 936 2501 pag.
969 2451 1010 2512 5'.

347 2504 415 2539 ubi
434 2504 598 2555 legimus
621 2505 718 2542 inter
750 2506 842 2543 alia·
886 2505 954 2545 καὶ
982 2523 1007 2558 η

349 2554 453 2610 ωδη,
484 2557 537 2611 ἣν
565 2561 606 2601 οἱ
618 2562 862 2613 μεμυημένοι
883 2560 1009 2602 (ἔδου-

350 2625 390 2653 σι
412 2617 498 2654 coll.
520 2618 630 2655 Suid.
649 2633 680 2656 s.
711 2634 748 2657 v.
766 2621 802 2656 11
831 2633 919 2672 pag.
943 2623 1010 2660 87.

349 2670 445 2708 Inde
484 2686 639 2740 quoque
679 2672 877 2727 ἰακχαζειν
907 2676 1011 2714 idem

352 2727 458 2779 quod
480 2727 591 2782 ᾄδειν
608 2747 678 2771 τον
696 2731 868 2784 Ἴακχον,
894 2734 1012 2770 inter-

352 2791 459 2834 prete
480 2786 647 2837 Hesych.
665 2802 694 2825 s.
723 2804 758 2829 v,
792 2785 840 2829 δι’
863 2786 1013 2842 αγορᾶς

353 2842 371 2878 1
408 2854 497 2893 pag.
525 2845 619 2884 939.
657 2844 786 2887 Schol.
818 2845 1011 2899 Aristoph.

1048 915 1146 951 Rau.
1176 913 1270 954 324.
1302 922 1338 952 et
1371 916 1494 953 Gloss.
1515 915 1714 964 Herodot.,

1050 972 1114 1007 ubi
1127 969 1391 1021 ιάκχοῖζουσιν·
1404 971 1575 1023 λέγουσι,
1589 976 1715 1022 φλυα-

1052 1031 1183 1079 ροῦσι,
1205 1041 1304 1080 quae
1327 1028 1462 1065 eadem
1483 1028 1598 1067 habet
1621 1030 1713 1067 Sui-

1053 1084 1119 1121 das
1149 1085 1175 1121 l.
1207 1086 1234 1125 l.
1292 1087 1426 1138 Itaque
1461 1087 1499 1122 in
1529 1086 1714 1124 Herodoti

1052 1139 1126 1178 hoc
1146 1141 1231 1178 loco
1258 1140 1330 1181 τόν
1351 1140 1543 1192 μυστικόν
1558 1140 1715 1194 Ἴακχον

1053 1198 1198 1247 accipio
1219 1197 1266 1234 de
1283 1201 1451 1236 carmine
1462 1213 1582 1249 sacro,
1604 1201 1717 1252 quale

1055 1255 1095 1290 in
1133 1255 1196 1290 illa
1235 1254 1361 1292 Iacchi
1404 1269 1544 1307 pompa
1579 1270 1717 1294 cauere

1054 1312 1228 1348 solebant
1260 1313 1421 1361 initiati,
1455 1326 1578 1364 eoque
1604 1314 1719 1350 etiam

1055 1367 1178 1404 refero
1188 1369 1349 1405 verbum
1363 1366 1602 1419 ἰακχάζουσι,
1615 1370 1721 1422 quod

1056 1425 1325 1474 infralegitur:
1356 1427 1418 1463 hoc
1428 1439 1566 1464 carmen
1582 1428 1621 1464 in
1639 1427 1721 1465 Iac-

1059 1483 1117 1519 cln‘
1135 1482 1276 1519 laudem
1295 1487 1449 1531 canunt,
1479 1484 1557 1520 sive
1576 1491 1619 1521 ut
1629 1484 1722 1521 Val-

1060 1537 1172 1576 cken.
1196 1538 1340 1576 reddit:
1374 1541 1464 1576 istoc
1496 1537 1721 1592 (clamore)

1059 1599 1207 1633 utuntur
1227 1596 1283 1633 <lie
1294 1595 1389 1647 sesto
1398 1595 1568 1635 Iacchum
1579 1600 1722 1649 saepius

1057 1653 1303 1691 inclamantes.

1118 1705 1220 1749 εἶναι
1240 1705 1274 1748 δ’
1289 1705 1544 1760 ἀδαήμονα]
1571 1710 1648 1746 Pro
1665 1705 1723 1748 εἶ-

1060 1781 1129 1806 ναι
1144 1768 1341 1804 Villoison.
1361 1766 1409 1803 ad
1432 1767 1490 1804 St.
1511 1767 1628 1804 Croix
1644 1768 1723 1803 Re-

1063 1822 1218 1861 chen-ch.
1246 1837 1310 1861 sur
1334 1825 1360 1860 l.
1391 1830 1506 1875 myst.
1527 1823 1564 1862 d.
1582 1836 1724 1874 pagan.

1062 1882 1092 1917 Ι.
1121 1895 1160 1931 p.
1186 1883 1266 1921 327
1309 1881 1484 1918 substitui
1503 1881 1586 1918 vult
1607 1879 1722 1928 ἰέναι,

1062 1944 1105 1974 ut
1133 1936 1223 1974 inde
1241 1938 1322 1974 scil.
1351 1939 1486 1974 existat
1511 1937 1722 1974 sententia:

1062 2006 1201 2043 „vocem
1230 1996 1390 2032 emissam
1425 2009 1496 2032 esse
1523 2009 1548 2032 a
1577 1995 1725 2044 mystico

1060 2051 1230 2088 ΒαεεΙιο(ι
1281 2065 1357 2103 quo
1415 2065 1507 2088 sane
1563 2052 1724 2087 minime

1063 2121 1168 2158 opus.
1227 2110 1306 2145 Nec
1335 2110 1456 2158 magis
1484 2121 1578 2158 opus
1605 2108 1726 2159 parti-

1065 2166 1162 2215 cipio
1202 2163 1447 2216 γινομένων,
1482 2163 1587 2216 quod
1640 2170 1725 2215 post

1064 2235 1178 2259 voees
1221 2223 1302 2259 ταῖν
1341 2220 1382 2260 ἐν
1409 2217 1601 2260 Ἐλευσῖνι
1635 2221 1725 2258 vul—

1065 2291 1115 2328 go
1143 2280 1326 2315 insertum
1343 2285 1475 2314 tenent
1514 2276 1724 2325 Schaefer„

1063 2334 1200 2372 Matth.
1241 2342 1277 2372 et
1315 2333 1484 2373 Bekker.
1532 2333 1725 2386 Equidem

1065 2405 1155 2429 cum
1176 2390 1393 2442 Schweigh.
1435 2398 1472 2427 et
1501 2392 1618 2428 Gaisf.
1638 2404 1726 2428 ver—

1065 2450 1159 2486 bum
1173 2462 1192 2485 e
1203 2447 1361 2496 scholio,
1382 2455 1423 2484 ut
1435 2447 1598 2496 videtur,
1614 2449 1725 2484 inve-

1066 2513 1171 2543 ctum
1193 2507 1314 2542 omisi.
1372 2506 1613 2542 Florentinus
1631 2505 1726 2541 liber

1067 2562 1180 2599 dabat
1201 2561 1441 2613 γενομένων.
1466 2561 1589 2598 —Ad
1607 2562 1726 2613 parti-

1067 2620 1175 2656 culae
1205 2633 1245 2657 τε
1274 2632 1384 2656 usum
1421 2626 1505 2670 post
1548 2618 1726 2671 εἴρεσθαι

1067 2677 1169 2713 cons.
1196 2677 1306 2712 allata
1329 2674 1377 2712 ad
1395 2677 1482 2723 VII,
1508 2678 1600 2716 188.

1127 2728 1241 2778 αὐτὸς
1263 2731 1305 2771 δὲ
1324 2732 1463 2782 εἰπεῖν]
1487 2732 1612 2771 εἰπεῖν
1637 2745 1726 2768 cum

1068 2791 1186 2827 Gaisf.
1209 2797 1245 2826 et
1265 2789 1401 2826 Matth.
1427 2788 1515 2827 dedi
1543 2789 1728 2825 librorum

1069 2861 1118 2884 ex
1158 2848 1394 2885 auctoritate.
1451 2846 1576 2897 Vulgo
1609 2841 1729 2886 εἶπαι.

1219 544 1331 590 εἶναι
1352 546 1386 591 δ’
1420 546 1652 605 ἀδαήμονα
1710 542 1791 584 648
