1839 3292
386 206 440 246 16

793 203 1252 241 HERODOTI

384 315 533 371 ρέουσι
562 315 652 356 τῶν
683 311 942 369 βαρβάρων,
981 311 1055 354 καὶ
1083 309 1162 353 τόν
1192 310 1365 368 Γόργου
1403 317 1484 356 τοῦ
1514 318 1710 366 Σαλα-45

384 385 541 440 μινίων
581 381 781 438 βασιλέος
820 379 1035 433 οἷδελφεόν
1081 377 1299 431 Φιλάονα,
1340 379 1419 423 τὸν
1457 380 1654 436 Χέρσιος,

354 450 569 506 3λόγιμον
598 449 724 492 ἐόντα
751 448 798 491 ἐν
825 449 886 502 τῷ
920 446 1195 503 στρατοπέδῳ
1225 445 1377 502 ἄνδρα.
1405 454 1578 503 πρῶτος
1606 452 1653 495 δὲ

381 517 599 573 Ἑλλήνων
637 515 715 558 νέα
753 518 842 557 τῶν
879 516 1102 570 πολεμίων
1141 512 1226 558 εἷλε
1267 513 1381 570 ἁνήρ
1422 514 1654 574 Ἀθηναῖος

384 583 645 640 Λυκομήδης
664 581 894 638 Αἰσχρὲου,
922 583 997 627 καὶ
1023 583 1071 628 τὸ
1100 581 1328 639 ἅρισπήϊον
1357 583 1480 641 ἔλαβε
1510 581 1655 639 οὗτος.

330 718 388 766 gel
410 719 447 754 in
475 716 535 752 der
559 712 670 751 Mitte
693 711 986 761 gegeneinander,

330 773 402 823 aus
427 773 493 809 das
514 772 632 807 zwez'te
655 769 810 806 Zeiclzen
828 771 919 818 ging
941 782 987 817 es,

328 830 481 879 obgleicla
509 830 557 864 sie
583 838 692 874 engen
711 825 834 863 Raum
855 827 987 873 hatten,

327 886 461 936 gerade
500 897 567 921 von
607 896 709 920 vome
745 881 861 933 draus
895 883 988 921 los.“

332 941 738 992 Schweighaeuserus,
789 940 855 992 qui
895 940 989 976 olim

329 1007 413 1051 post
432 1012 542 1036 voces
572 993 670 1036 και-οἳ
692 993 818 1048 στόμα
844 996 989 1048 aliquid

327 1055 559 1093 intercidisse
579 1060 740 1105 putarat,
775 1060 906 1105 postea
921 1052 988 1091 has

329 1115 425 1165 ipsas
436 1126 546 1150 voces
578 1109 891 1148 antecedentibus
917 1123 989 1147 an-

328 1171 429 1207 necti
441 1170 571 1216 voluit,
583 1181 652 1220 pro
676 1169 730 1204 uti
738 1168 777 1204 iu
788 1168 885 1204 libro
895 1168 988 1204 Flo-

330 1228 479 1264 rentino
492 1225 586 1263 haec
606 1226 788 1276 leguntur
807 1225 913 1260 nulla
926 1222 987 1260 di-

328 1285 529 1322 stinctione
558 1284 705 1334 posita,
741 1283 793 1319 ita
820 1288 863 1318 ut
891 1279 986 1317 haec

331 1341 467 1379 evadat
478 1341 664 1378 sententia
676 1351 685 1375 :
701 1343 759 1386 „et
772 1338 823 1375 ibi
832 1340 988 1387 triginta

327 1412 351 1437 a
367 1399 490 1450 fronte
508 1410 617 1434 naves
635 1399 795 1446 ceperunt
817 1396 988 1432 barbaro-

327 1456 444 1493 rum.“
476 1453 555 1492 Sed
572 1454 609 1489 in
622 1451 986 1489 LexicoHerodoteo

328 1511 402 1548 haic
416 1510 603 1548 sententia
617 1509 768 1556 reiecta,
790 1505 890 1548 κατοὲ
903 1504 989 1549 στό-

330 1585 384 1620 μα
406 1568 532 1605 denuo
552 1580 573 1603 a
593 1567 837 1618 sequentibus
858 1567 989 1603 seiun-

331 1627 371 1676 gi
387 1632 424 1662 et
440 1623 751 1661 antecedentibus
767 1623 878 1660 adiici
893 1624 987 1671 vult,

333 1696 424 1720 cum
445 1681 658 1718 Herodotus
685 1680 854 1718 indicare
875 1681 990 1717 volu-

332 1741 401 1776 erit
421 1741 457 1776 in
476 1741 551 1789 ipso
571 1736 676 1775 oreid
698 1745 762 1785 est,
780 1752 796 1775 e
814 1740 987 1788 proscz‘mO,

332 1798 485 1834 cominus
510 1795 698 1832 admodum
722 1797 831 1832 cincti
850 1802 886 1831 et
907 1808 990 1831 con-

332 1853 424 1891 clusi
435 1856 546 1899 erant,
569 1859 610 1888 ut
628 1853 667 1887 in
680 1850 853 1903 Euripid.
874 1850 989 1888 Rhes.

331 1908 427 1950 408.
453 1907 645 1961 Equidem
666 1906 764 1947 κατὰ
786 1904 910 1959 στόμα
930 1921 991 1945 ac-

332 1967 455 2017 cipio:
487 1979 529 2003 ex
553 1965 716 2010 aduerso,
740 1979 763 2002 a
786 1966 911 2016 fronte
930 1965 991 2015 (ut

330 2024 371 2060 in
386 2023 538 2074 Polybii
549 2023 640 2059 locis
654 2035 674 2058 a
687 2021 990 2072 Schweighaeu-

331 2093 415 2118 sero
437 2081 555 2116 allatis
580 2081 627 2127 11,
648 2082 701 2120 27
723 2080 760 2124 ξ.
782 2081 819 2118 8.
841 2079 989 2126 XXXI,

330 2139 384 2177 26
407 2138 443 2182 ξ.
469 2138 520 2176 10
541 2137 625 2173 coll.
657 2134 838 2186 Xenoph.
864 2136 990 2173 Anab-

331 2194 398 2240 ΙΙΙ,
431 2192 456 2234 4
497 2193 534 2238 ξ.
566 2192 631 2233 42.
653 2194 698 2240 V,
728 2196 754 2233 2
787 2194 822 2238 §.
846 2195 915 2233 26.
944 2193 989 2240 V,

331 2248 357 2289 4
380 2251 418 2295 §.
435 2252 499 2295 22,
522 2250 588 2285 ubi
609 2248 655 2286 de
676 2250 768 2286 aciei
789 2250 912 2286 fronte
933 2250 994 2285 lo-

334 2308 435 2343 cutio
461 2304 679 2356 adhibetur)
723 2305 839 2358 idque
874 2306 992 2355 iuugo

337 2362 649 2400 antecedentibus
682 2362 796 2414 ἔργου
828 2361 992 2412 εἴχοντο,

337 2421 387 2455 ita
406 2427 447 2456 ut
468 2421 604 2457 vocula
624 2418 690 2459 καὶ
706 2418 921 2470 explicandi
939 2420 993 2455 si-

337 2477 416 2512 mul
455 2478 653 2513 notionem
692 2478 906 2514 contineat:
960 2480 994 2513 et

338 2533 483 2581 quidem.
531 2536 601 2581 „In
622 2534 759 2585 pu'gnis
781 2532 992 2580 navalibus,

340 2589 389 2623 ait
423 2588 876 2640 Schweighaeuser.
909 2589 994 2640 ple-

339 2657 501 2694 rumque
532 2658 550 2680 a
581 2648 696 2684 latere
726 2649 894 2698 primum
924 2658 995 2696 ag-

340 2699 607 2749 grediebantur
654 2718 768 2741 naves
827 2702 994 2751 hostiles,

341 2755 550 2796 διέκπλουν
583 2759 772 2808 facientes,
809 2767 846 2798 et
870 2772 994 2797 remos

340 2821 519 2851 conantes
551 2812 767 2866 detergere,
804 2824 888 2854 tum
917 2817 994 2854 sre-

1047 719 1210 764 quenter
1243 713 1389 764 puppin
1418 711 1563 752 hostilis
1601 717 1708 753 navis

1046 776 1166 806 rostro
1208 771 1409 820 petebant:
1468 785 1573 808 nunc
1609 771 1648 808 hi
1685 785 1708 810 a

1046 826 1171 863 fronte
1187 826 1288 864 sacto
1298 828 1456 877 impetu,
1477 830 1604 866 rostris
1616 841 1708 866 sua-

1046 896 1134 920 rum
1163 884 1322 921 navium
1347 884 1388 920 in
1416 883 1570 923 hostiles
1600 886 1707 923 iuxta

1045 953 1199 991 proram
1238 941 1432 991 impactis,
1471 943 1552 979 illas
1593 956 1708 993 cepe·

1046 999 1177 1034 runt.“
1214 999 1470 1034 Locutionem
1490 997 1606 1050 ἔργου
1627 999 1707 1050 ἔχε-

1047 1058 1146 1093 σθαι
1173 1055 1389 1092 invenimus
1418 1056 1466 1102 11,
1500 1058 1575 1096 121
1611 1057 1647 1101 §.
1684 1058 1703 1095 1

1046 1112 1133 1148 coll.
1154 1112 1254 1160 VIII,
1278 1114 1378 1160 1083
1413 1112 1578 1149 verbum
1605 1108 1708 1152 α’πο-

1045 1167 1309 1218 λαμφθέντες,
1346 1167 1450 1220 quod
1480 1167 1518 1210 h.
1547 1170 1573 1206 l.
1604 1168 1709 1206 idem

1043 1224 1124 1260 fere
1153 1225 1253 1262 valet
1287 1231 1401 1276 atque
1434 1222 1710 1278 περιεχόμενοι

1045 1280 1212 1330 (exclusi,
1224 1281 1439 1332 intercepti),
1459 1283 1505 1330 V,
1520 1285 1596 1322 101
1621 1283 1709 1320 coll.

1044 1339 1144 1386 VIII,
1166 1340 1233 1379 97.
1259 1340 1349 1378 108.
1367 1339 1437 1386 ΙΧ,
1460 1337 1528 1380 51.
1561 1338 1624 1376 Ad
1639 1352 1711 1389 ge-

1044 1395 1210 1433 nitivum
1250 1391 1505 1449 σημήναντος
1547 1395 1709 1446 intellig.

1044 1453 1118 1491 τοῦ
1154 1447 1332 1503 κήρυκος
1375 1465 1405 1490 s-
1454 1453 1711 1505 σαλπιγκτοῦ,

1047 1508 1152 1561 quod
1183 1507 1290 1545 idem
1327 1521 1423 1546 mox
1451 1508 1711 1559 supplendum

1046 1564 1095 1603 ad
1124 1560 1312 1619 ἐσήμῃνε.
1374 1567 1432 1602 De
1478 1578 1554 1618 qua
1589 1567 1712 1618 ellipsi

1044 1622 1123 1661 vid.
1144 1621 1280 1661 Matth.
1308 1623 1374 1660 Gr.
1405 1624 1470 1661 Gr.
1502 1623 1539 1668 §.
1562 1622 1643 1664 295
1672 1626 1710 1663 1.

1044 1682 1142 1717 Lex.
1162 1677 1411 1730 Xenophont.
1427 1679 1479 1716 IV
1498 1693 1536 1730 p.
1561 1682 1623 1720 16.
1641 1683 1710 1721 27.

1044 1735 1230 1774 Herodot.
1247 1737 1346 1784 VIII,
1363 1736 1416 1776 25
1432 1737 1514 1774 init.
1539 1758 1589 1764 —-
1616 1738 1712 1774 Mox

1046 1792 1227 1846 βασιλέος
1249 1792 1337 1831 dedi
1365 1806 1435 1844 pro
1455 1794 1560 1844 vulg.
1595 1794 1712 1845 βασι-

1046 1854 1158 1903 λῆος.

1102 1901 1352 1958 Λυκομήδης
1370 1904 1588 1959 Αἷσχρέου]
1619 1907 1713 1943 Plu-

1046 1963 1180 2002 tarcho
1221 1971 1376 2001 auctore
1413 1965 1454 2000 in
1492 1965 1567 2000 Vit.
1601 1962 1712 2001 The-

1046 2022 1209 2059 mistocl.
1237 2022 1287 2062 15
1309 2020 1374 2057 fin.
1395 2035 1433 2071 P·
1458 2023 1536 2061 119
1558 2021 1600 2057 F.
1627 2020 1712 2070 Ly-

1048 2079 1200 2115 comedes
1215 2076 1457 2113 Atheniensis
1482 2077 1523 2111 in
1544 2076 1711 2113 Salami-

1046 2135 1111 2171 nia
1132 2147 1263 2185 pugna
1282 2135 1427 2184 primus
1443 2132 1621 2170 hostilem
1642 2146 1708 2170 ce-

1048 2192 1103 2242 pit
1148 2203 1288 2227 navem
1336 2191 1494 2242 eiusque
1547 2191 1713 2240 insignia

1048 2248 1218 2298 Apollini
1245 2245 1444 2285 dedicavit.
1499 2247 1573 2283 Ubi
1607 2245 1712 2283 haud

1049 2305 1150 2341 male
1189 2305 1398 2354 suspicatur
1431 2304 1610 2350 Sintenis‚
1648 2304 1712 2339 in—

1049 2363 1198 2410 signem
1254 2374 1421 2398 errorem
1479 2360 1711 2398 commisisse

1049 2416 1311 2465 Plutarchum,
1353 2429 1486 2470 quum,
1524 2429 1622 2469 quae
1662 2414 1711 2452 ad

1049 2475 1297 2512 Artemisium
1313 2473 1536 2520 acciderint,
1567 2472 1615 2510 ad
1637 2473 1712 2510 Sa-

1049 2533 1247 2569 laminiam
1276 2544 1447 2582 pugnam
1466 2530 1710 2568 transtulerit.

1049 2589 1125 2625 Pro
1147 2588 1342 2640 Αἰσχρέου
1363 2588 1488 2638 plures
1509 2586 1621 2623 codd.
1637 2585 1711 2624 Αἰ-

1050 2646 1237 2695 σχραίους
1279 2645 1439 2682 alterum
1475 2651 1577 2681 recte
1611 2642 1710 2679 tueri

1049 2702 1200 2739 videtur
1219 2701 1528 2749 Valckenaerius,
1551 2711 1708 2749 compa—

1050 2772 1136 2795 rans
1174 2760 1311 2795 similia
1359 2759 1518 2795 nomina
1553 2757 1706 2793 Attica:

1052 2813 1236 2868 Χαιρέας,
1255 2814 1429 2867 Δημέας,
1456 2811 1642 2866 Ταυρέας.
