1839 3292
47 856 106 900 ll

554 211 882 247 URANIA
942 211 1065 247 VIII.
1390 215 1442 252 15

172 326 285 365 τοῖσι
316 319 506 374 ’Έλλησι,
539 318 740 370 ἀέκοντές
770 335 815 362 τε
844 318 1170 373 ἐστρατεύοντο,
1202 319 1439 374 συμφορήν

172 405 215 432 τε
248 388 473 431 ἐποιεῦντο
515 386 707 444 μεγάλην
746 385 947 442 ὁρέοντες
987 387 1319 442 περιεχομένους
1360 385 1439 429 αὐ-

171 455 284 506 τοὺς,
314 455 388 499 καὶ
417 455 691 511 ἐπιστάμενοι
713 454 772 505 ὠς
794 454 938 505 οὐδεὶς
960 455 1107 498 αὐτῶν
1128 452 1418 509 ἀπονοστήσει
1433 461 1497 494 ’35

171 522 285 566 οὕτω
318 522 504 567 ἀσθενέα
534 535 614 578 σφι
644 523 846 577 ἐφαίνετο
881 521 994 566 εἶναι
1026 524 1080 566 τὰ
1107 527 1196 566 τῶν
1222 521 1441 578 Ἑλλήνων

139 591 412 648 δπρήγματα.
473 589 618 633 ὅσοισι
648 591 693 633 δὲ
723 591 796 633 καὶ
827 589 1079 646 ἡδομένοισι
1108 586 1164 646 ἦν
1193 590 1241 634 τό
1272 589 1438 647 γινόμε·

166 676 259 711 νον,
291 659 474 713 ἅμιλλαν
503 657 730 702 ἐποιεῦντο
755 657 867 709 ὅκως
898 657 1030 710 αὐτὸς
1052 659 1231 709 ἕκαστος
1260 661 1435 711 πρῶτος

166 729 241 770 νέα
268 726 457 782 Ἀττικήν
487 725 618 779 ἑλών,
650 727 768 780 παροὶ
799 726 1000 782 βασιλέος
1041 728 1163 780 δῶρα
1201 724 1434 782 λάμψεται·

165 794 408 850 Ἀθηναίων
439 794 523 850 γὰρ
556 792 728 837 αυτοῖσι
757 795 885 850 λόγος
925 789 982 850 ἦν
1021 798 1219 844 πλεῖστος
1261 791 1347 836 ανοὶ
1382 809 1436 835 τα

167 860 449 916 στρατόπεδα.
513 866 636 906 Τοῖσι
677 861 722 905 δὲ
749 862 925 918 Ἐλλησι
956 879 1014 913 ως
1044 861 1251 918 ἐσήμῃνε,
1281 863 1435 942 πρώτα
1492 862 1572 900 624

1493 912 1571 938 Hinc
1589 920 1690 947 pugna
1709 915 1767 941 ori

165 946 256 985 μεν,
287 928 556 985 ἀντίπρωροι
584 935 698 974 τοῖσι
727 929 990 986 βαρβαροισι
1019 931 1272 985 γενόμενοι,
1312 928 1356 978 ἐς
1385 926 1665 973 vd4lt-1ruavsan
1669 947 1766 981 ‚war-

1495 983 1526 1005 te
1538 986 1676 1018 pugnata
1688 982 1769 1008 auci-

164 998 298 1054 μέσον
333 997 410 1049 τάς
448 997 649 1054 πρύμνας
689 998 961 1054 συνήγαγον·
1011 997 1191 1051 δεύτερα
1222 997 1267 1040 δὲ
1297 995 1435 1052 σημῄ-
1491 1013 1545 1047 piti
1565 1019 1594 1040 et
1620 1021 1706 1041 nome
1725 1015 1767 1042 li-

1493 1048 1767 1077 re1ma,Graecis

165 1082 345 1117 ναντος,
389 1066 522 1122 ἔργον
553 1068 735 1121 εἴχοντο,
767 1065 814 1108 ἐν
846 1064 979 1123 ὀλίγῳ
1010 1081 1090 1120 περ
1121 1064 1434 1120 ἀπολαμφθέν-
1494 1081 1623 1107 Artemi
1611 1082 1685 1108 ium
1690 1083 1766 1114 bar-

1492 1113 1572 1140 baris
1609 1116 1725 1149 ΛΡΜ-[ο
1728 1125 1742 1143 ει

137 1139 248 1186 Ξτες,
278 1135 352 1177 καὶ
381 1136 491 1178 κατὰ
521 1133 672 1190 στόμα.
729 1131 946 1177 Ἐνθαῦτα
975 1133 1211 1190 τριήκοντα
1239 1133 1340 1184 νέας
1371 1134 1712 1181 aE-re101e1mbus.

149 1337 383 1406 συμφορήν
407 1355 447 1381 τε
472 1340 678 1380 ἕποιενντο
701 1355 771 1392 με-

108 1394 234 1451 γαλην
251 1397 446 1463 ορέοντες]
478 1398 771 1434 Distinctionem

106 1463 191 1506 post
211 1450 386 1506 μεγάλην
408 1456 500 1504 poni
519 1456 669 1491 solitam
690 1468 769 1492 sus-

106 1513 197 1560 tuli,
228 1524 302 1563 quo
323 1512 458 1548 melius
481 1519 679 1562 appareret
706 1518 770 1548 to-

105 1569 178 1605 tius
215 1569 289 1605 loci
333 1575 532 1605 structura.
590 1570 768 1620 Namque

106 1623 280 1676 apodosis
305 1625 439 1676 incipit
472 1638 493 1661 a
518 1626 642 1662 verbis
667 1639 767 1676 συμ-

105 1677 241 1733 φορήν
263 1696 303 1720 τε
324 1681 542 1730 ἐποιεῦντο,
563 1684 616 1719 ita
636 1690 678 1719 ut
698 1696 766 1733 per

104 1753 145 1778 τε
163 1760 220 1765 —
235 1738 302 1777 καὶ
330 1739 540 1789 iungantur
569 1741 766 1790 participia

106 1793 284 1847 ὁρέοντες
313 1802 351 1832 et
380 1792 644 1846 ἐπιστάμενοι,
666 1810 766 1848 quae

104 1865 193 1890 vero
215 1853 390 1902 proxime
411 1852 662 1890 antecedunt:
696 1849 763 1892 (Ξέ-

103 1907 240 1954 κοντές
259 1923 300 1947 τε
328 1906 620 1960 ε’στρατευοντο,
651 1923 695 1946 ea
716 1909 764 1947 ad

103 1966 271 2022 protasio
283 1967 510 2015 pertineant,
531 1963 689 2004 verbis
677 1963 764 2006 όσοι

103 2023 264 2072 -ήσαν
275 2019 410 2062 εὔνοοι
423 2023 675 2061 annectenda.
689 2025 764 2060 Ubi

102 2079 266 2128 simplex
285 2093 325 2117 τε
345 2080 396 2116 ita
416 2081 582 2130 ponitur,
603 2088 645 2118 ut
665 2081 763 2129 Vm,

102 2137 138 2175 6
178 2137 304 2186 Ipsam
333 2136 568 2174 locutionem
605 2150 764 2188 συμφο-

103 2187 180 2242 ρὴν
210 2196 418 2231 ποιεῖσθαι
449 2195 554 2245 attigi
585 2194 634 2232 ad
655 2196 698 2244 V,
721 2194 762 2237 5.

102 2247 203 2287 Add.
222 2250 322 2297 VIII,
348 2253 442 2290 100·

159 2301 290 2345 ὅσοισι
310 2303 352 2344 δὲ
373 2305 440 2345 καὶ
456 2304 689 2358 ηδομένοισι
705 2301 759 2359 ἧν

102 2375 145 2400 το
167 2360 399 2413 γινόμενον]
442 2363 504 2400 Ad
523 2365 758 2401 locutionem

100 2417 176 2455 vid.
196 2418 330 2456 Matth.
349 2421 414 2456 Gr.
429 2421 493 2458 Gr.
508 2422 547 2466 ξ.
570 2423 650 2461 388
667 2435 755 2472 pag.

102 2474 193 2513 712.
196 2475 379 2513 Herodot.
390 2478 446 2513 IX
451 2478 530 2525 ,,46
542 2476 604 2514 Ad
613 2491 757 2528 prono-

99 2529 204 2567 mina
214 2527 358 2579 αὕτοςε
345 2532 504 2581 ’καστος
515 2535 757 2584 conf.111‚8.2

99 2585 179 2633 VII,
200 2589 250 2627 19
267 2589 359 2626 etad
370 2590 535 2627 formam
555 2589 754 2643 λάμψεται

98 2649 192 2679 nott.
207 2643 255 2680 ad
274 2645 339 2693 ΙΙΙ,
353 2645 446 2686 146.
475 2649 551 2686 Pro
563 2649 754 2700 βασιλῆος

97 2701 249 2768 reposui
281 2701 475 2751 βασιλέος.

147 2751 377 2813 Ἀθηναίων
404 2773 491 2826 γαρ
509 2757 665 2800 αυτοῖσι
685 2757 753 2801 λό-

95 2826 165 2864 γος
183 2814 238 2864 ἠν
265 2817 444 2862 πλεῖστος
464 2810 544 2855 οἴνα
564 2815 612 2857 τοὶ
634 2830 752 2869 στρα-

827 1337 995 1388 τόπεδα]
1037 1340 1062 1377 i.
1084 1353 1119 1376 e.
1149 1354 1232 1377 nam
1266 1344 1303 1378 in
1335 1340 1489 1392 (Persa-

826 1396 933 1445 rum)
968 1399 1124 1433 eoeercz'tu
1150 1396 1255 1433 Iones
1293 1395 1487 1448 (αὐτοῖσι)

825 1456 1017 1490 maa-imam
1036 1454 1296 1491 Atheniensium
1315 1455 1489 1493 habebant

825 1513 1003 1558 rationem,
1021 1512 1171 1547 maximi
1182 1511 1405 1548 Athenienses
1417 1511 1488 1561 fa-

825 1569 974 1607 ciebant.
1014 1567 1157 1604 Similis
1186 1567 1371 1619 loquendi
1391 1570 1486 1605 ratio

822 1626 886 1672 lv,
904 1625 983 1665 135
994 1625 1090 1672 init„
1102 1624 1167 1660 ubi
1182 1625 1258 1662 vid.
1273 1624 1375 1662 Add.
1386 1626 1486 1673 VIII,

826 1684 919 1721 102.
960 1683 1028 1725 IX,
1052 1683 1106 1721 80
1134 1682 1220 1719 coll.
1252 1683 1282 1731 Ι,
1306 1684 1372 1723 19.
1407 1685 1486 1722 120

822 1739 952 1791 ibique
978 1744 1073 1776 nott.

1061 1828 1154 1879 cap.
1184 1830 1257 1867 XI.

877 1909 1016 1958 πρῶτα
1029 1905 1113 1959 μὲν,
1128 1903 1373 1961 ἀντίπρωροι
1381 1912 1484 1949 τοῖσι

821 1963 1060 2016 βαρβάροισι
1089 1961 1296 2017 γενόμενοι
1316 1982 1352 2007 κ.
1374 1982 1406 2004 τ.
1428 1967 1482 2015 λ]

820 2022 853 2057 Ε
870 2021 1185 2072 praecedentibus
1207 2019 1482 2073 τοῖσιἝλλησι

820 2086 950 2115 mente
970 2077 1028 2116 his
1049 2078 1271 2116 addendum
1293 2076 1483 2130 οἴΈλλη-

821 2150 900 2182 νες.
951 2137 1023 2181 Qui
1052 2137 1162 2186 signo
1195 2135 1282 2173 dato
1310 2138 1481 2186 primum

821 2191 979 2244 quidem
999 2194 1119 2243 proris
1140 2192 1305 2230 adversis
1328 2194 1367 2229 in
1390 2195 1480 2230 bar-

818 2250 929 2286 baros
943 2250 1154 2299 (conversi)
1174 2263 1321 2301 puppes
1340 2251 1381 2286 in
1394 2263 1480 2286 me-

817 2305 925 2343 ditun
941 2313 1232 2356 contraxeruut3
1256 2306 1394 2343 deiude
1410 2320 1479 2344 ve·-

815 2377 879 2412 ro,
922 2364 1060 2400 iterum
1096 2365 1205 2414 signo
1254 2363 1342 2400 dato
1384 2377 1478 2415 opus

816 2421 1037 2471 (proelium)
1079 2421 1245 2471 aggressi
1283 2426 1395 2468 sunt,
1435 2421 1476 2456 in

816 2479 956 2528 exiguo
987 2479 1160 2529 quamvis
1191 2478 1277 2513 loco
1307 2477 1475 2514 concIusi

815 2541 852 2571 et
863 2548 911 2571 ex
922 2533 1080 2571 adverso
1103 2534 1311 2583 (impetum
1327 2534 1475 2571 facien-

812 2592 897 2639 tes).
944 2591 1157 2628 vernacule
1190 2602 1280 2626 eum
1309 2591 1349 2626 in
1384 2603 1474 2627 1110—

813 2647 907 2684 dum
941 2647 1123 2697 expressit
1151 2648 1309 2697 Lange:
1372 2646 1480 2698 „Aus

812 2704 879 2741 das
906 2707 994 2740 erste
1013 2703 1166 2740 Zeichen
1190 2717 1285 2752 nun,
1316 2705 1471 2741 stelleten

810 2761 883 2797 sich
902 2760 957 2796 die
972 2759 1161 2808 Hellenen,
1190 2760 1246 2797 die
1273 2760 1468 2798 Sclmaebel

811 2818 877 2854 den
897 2815 1052 2854 Feinden
1068 2816 1258 2867 zugekelzrt
1281 2818 1338 2856 die
1358 2817 1466 2868 Spic-
