1839 3292
386 252 454 287 nn
483 249 606 286 vrrA
635 248 707 285 ET
737 246 970 285 SCRIPTIS
1000 248 1278 287 HERODOTI.
1481 258 1567 309 433,

83 363 300 402 Editionem
321 361 463 399 curavit
484 367 520 397 et
538 372 622 398 suas
640 361 809 413 itemque
824 359 955 396 Ludw.
969 358 1071 410 Casp.
1100 358 1342 399 Valet-onmia·
1358 364 1472 400 Notas
1492 367 1562 404 ad-

84 422 172 458 iecit
197 420 322 457 Petrus
351 416 608 466 W'essel2·11gz·us.
666 417 866 454 Accedunt
893 424 1042 467 praeter
1080 415 1193 453 Vitam
1217 417 1365 456 Homeri
1391 422 1493 456 varia
1515 437 1563 460 ex

83 478 211 529 priscis
237 476 477 526 scriptoribus
509 474 556 510 de
587 476 732 522 Persis,
767 474 984 524 Aegyptiis,
1022 473 1125 520 Nilo,
1165 473 1343 526 Indisque
1361 477 1563 527 Excerpta,

85 541 122 571 et
141 534 360 584 praesertim
389 546 437 567 ex
458 532 619 568 Ctesia.“
678 531 747 566 Cui
768 530 855 566 add.
878 529 979 565 Petra·
1007 529 1229 578 Wesselz'ngz‘i
1245 532 1462 570 Dissertatio
1486 536 1566 570 He-

84 588 239 627 rodotea
273 587 322 625 ad
358 589 448 625 Tib.
478 585 823 632 Hemsterhusium,
863 586 1030 621 Traiect.
1052 585 1100 621 ad
1128 586 1252 624 Rhen.
1280 588 1394 634 1758,
1416 592 1454 630 8.
1521 593 1566 628 In

84 645 156 684 hac
176 645 341 682 editione
361 645 533 681 omnium
549 643 863 694 praestantissima
884 640 1018 677 dubius
1037 654 1128 677 sane
1147 640 1321 692 haereas,
1353 646 1566 683 wesselin-

85 705 138 754 gii
157 703 362 739 sollertiam
381 700 650 736 industriamve
669 700 789 748 magis
810 697 940 734 laudes
963 710 1011 733 an
1032 697 1294 735 Valckenaerii
1322 704 1567 751 sagacitatem

85 761 126 796 in
147 756 386 795 emendando
406 763 533 802 textu,
571 756 764 806 utriusque
785 754 996 791 doctrinam
1016 755 1149 791 tamin
1169 756 1391 794 illustrando
1421 772 1491 795 usu
1512 760 1569 797 di-

87 814 199 853 cendi
226 813 441 851 Herodoteo
472 824 587 864 quam
618 812 657 847 in
699 809 932 861 explicandis
960 811 1071 847 rebus
1100 812 1146 848 ab
1176 812 1373 849 Herodoto
1411 815 1569 855 traditis.

85 873 166 909 Nec
183 870 276 908 illud
305 869 558 918 Wesselingio
588 868 868 919 exprobrarim,
897 866 1002 919 quod
1030 868 1068 903 in
1089 869 1197 905 novis
1226 870 1452 908 lectionibus
1473 875 1570 910 reci-

85 927 232 979 piendis
252 927 394 963 cautior
413 938 491 963 esse
511 925 645 963 maluit
666 937 783 977 quam
798 923 989 973 audacior,
1020 925 1237 964 obscuriore
1252 939 1342 964 saue
1363 934 1399 964 et
1419 927 1571 968 duriore

86 984 264 1022 orationis
280 996 419 1034 genere
439 995 481 1018 us
487 995 539 1019 us.

195 1052 287 1088 Post
313 1050 635 1099 Wesselingium,
681 1055 724 1086 ut
753 1047 800 1086 de
831 1047 1018 1087 Borheckiz·
1050 1050 1148 1087 curis
1176 1051 1216 1087 in
1243 1050 1482 1090 Herodotum
1511 1062 1573 1092 ta-

87 1121 213 1152 ceam,
231 1104 275 1159 ²⁶²)
305 1106 396 1144 Fal.
423 1107 524 1155 Volg.
547 1106 698 1142 Reizius
718 1105 901 1143 Herodoti
922 1106 1145 1154 editionem,
1185 1109 1224 1143 in
1256 1122 1331 1161 qua
1361 1111 1574 1148 Wesselin-

86 1166 140 1215 gii
158 1171 308 1200 textum
329 1170 371 1199 ut
392 1170 678 1213 recognosceret
703 1176 869 1214 eumque
885 1162 947 1199 hic
968 1164 1043 1199 illic
1064 1164 1266 1214 refingeret
1281 1194 1291 1212 ,
1331 1167 1401 1202 sibi
1432 1181 1574 1219 propo-

86 1227 232 1267 suerat,
260 1220 440 1266 instituit3
472 1218 611 1270 prodiit
630 1219 840 1256 Voluminis
860 1220 972 1270 primi
990 1221 1081 1256 Pars
1102 1221 1204 1270 prior
1232 1222 1379 1271 Lipsiae
1405 1227 1509 1265 1778
1533 1227 1574 1262 in

89 1280 148 1325 8.,
194 1277 308 1313 altera
338 1289 422 1326 pars
451 1283 534 1326 post
554 1276 671 1312 Reizii
699 1283 864 1313 mortem
894 1282 1049 1312 curante
1079 1276 1126 1313 G.
1147 1276 1200 1316 H.
1233 1278 1425 1328 Sclutefero
1456 1284 1575 1328 1800,

88 1335 154 1385 qui
175 1335 287 1369 etiam
308 1333 423 1382 priori
436 1334 531 1382 parti
549 1333 686 1369 iterum
704 1334 800 1383 typis
812 1331 1018 1383 descriptae
1042 1334 1160 1373 1807.
1175 1336 1279 1374 1816
1296 1342 1332 1371 et
1344 1336 1450 1372 alteri
1469 1339 1576 1377 1816

87 1390 273 1441 praefuit3
310 1389 500 1425 Volumen
538 1387 749 1425 secundum
784 1402 872 1425 cum
904 1390 1039 1425 Latina
1062 1389 1191 1425 vallae
1229 1392 1401 1428 versione
1438 1392 1576 1443 prodiit

92 1448 221 1492 182ος
259 1446 448 1482 Volumen
477 1446 630 1482 tertium
663 1444 1028 1493 animadversiones,
1061 1457 1152 1496 quas
1176 1447 1325 1484 Reizius
1340 1451 1575 1498 promiserat,

89 1503 344 1552 complectens
363 1515 562 1552 nunquam
582 1503 707 1537 lucem
735 1501 841 1541 vidit.
901 1500 980 1539 Sed
1007 1502 1087 1551 ipse
1121 1501 1333 1552 Seliaeferus
1370 1518 1463 1541 mox
1494 1505 1578 1543 edi-

89 1559 234 1596 tionem
253 1559 398 1609 paravit
418 1557 693 1606 nitidissimam,
711 1560 816 1594 cuius
842 1559 912 1595 tria
934 1558 1150 1606 Volumina,
1168 1572 1265 1610 quae
1287 1562 1400 1597 verba
1418 1563 1576 1611 Graeca,

90 1622 250 1666 excepto
270 1628 373 1651 nono
389 1615 496 1662 libro,
508 1617 713 1662 continent,
727 1613 948 1665 prodierunt
962 1615 1111 1665 Lipsiae
1134 1617 1253 1655 1800.
1277 1619 1378 1657 1801
1402 1625 1438 1654 et
1458 1620 1579 1659 1803.

89 1671 276 1717 Quartum
296 1672 485 1709 Volumen
507 1684 596 1708 cum
613 1684 716 1708 nono
736 1672 832 1708 libro
860 1672 1035 1723 notisque
1055 1670 1205 1708 editoris
1225 1685 1304 1708 non
1325 1674 1474 1723 prodiit,
1505 1688 1579 1710 ne-

89 1741 164 1780 que
193 1729 364 1765 Lexicon
396 1727 681 1776 Herodoteum,
721 1727 824 1779 quod
857 1727 1085 1765 Schaeferus
1119 1729 1364 1778 promiserat:
1408 1732 1472 1782 qui
1502 1731 1579 1782 quai

88 1786 234 1821 ratione
254 1785 294 1820 in
309 1784 493 1821 Herodoti
513 1791 621 1821 textu
641 1784 904 1822 constituendo
934 1791 1102 1822 versatus
1121 1786 1187 1833 sit,
1219 1786 1334 1836 ipsius
1355 1789 1478 1824 verbis
1499 1790 1577 1825 iam

89 1840 340 1878 indicavimus
359 1854 471 1891 supra
493 1843 529 1886 ξ.
555 1839 618 1880 14.
677 1840 872 1878 Schaeferi
901 1842 1162 1878 recensionem
1190 1844 1403 1880 maximam
1431 1852 1579 1894 partem

91 1904 239 1934 secutus
263 1904 317 1934 est
335 1897 496 1934 Davides
517 1896 651 1934 schulz
670 1898 710 1933 in
731 1911 774 1933 ea
796 1896 962 1933 editione
976 1928 986 1945 ,
1018 1911 1115 1949 quae
1136 1899 1240 1935 Halis
1271 1901 1388 1939 1809.
1419 1904 1458 1941 8.
1504 1899 1579 1938 hoc

92 1954 162 1990 sub
192 1954 299 1989 titulo
331 1952 490 2003 prodiit:
542 1952 752 2000 „Herodoti
782 1951 1024 1990 historiarum
1054 1955 1160 2000 libri,
1199 1955 1266 2005 qui
1301 1959 1580 1994 enarrationem

92 2022 310 2060 pugnarum
348 2010 447 2045 inter
486 2010 649 2046 Graecos
677 2016 713 2046 et
753 2011 886 2046 Persas
930 2011 1248 2060 complectuntur.
1307 2014 1450 2049 Graece
1490 2027 1580 2051 cum

93 2065 309 2104 animadvv.
340 2067 499 2102 aliorum
530 2072 642 2117 atque
666 2067 740 2102 suis
781 2065 840 2105 ed.
870 2068 966 2104 Dav.
999 2065 1156 2104 Schulz.
1185 2068 1277 2104 Acc.
1308 2068 1355 2104 de
1395 2069 1580 2107 Herodoti

92 2123 197 2170 Vita,
234 2122 394 2159 dialecto
429 2129 466 2158 et
494 2121 682 2159 scribendi
711 2122 893 2172 genere.“
951 2123 1078 2174 Atque
1110 2137 1158 2160 ex
1186 2123 1369 2161 Herodoti
1398 2126 1499 2162 libris
1523 2134 1581 2163 et-

92 2179 171 2215 iam
189 2179 374 2215 nonnulla
388 2185 613 2229 receperunt
641 2178 845 2228 Io.‚Mattl1.
867 2180 1008 2216 Gesner.
1037 2181 1076 2216 in
1094 2179 1437 2217 Chrestomathiam
1458 2184 1580 2219 Grae-

95 2248 203 2284 cam,
234 2234 373 2277 Frz'edr.
397 2235 512 2274 Andr.
529 2235 653 2274 Stroth
671 2236 973 2288 inAegyptiaca,
995 2249 1093 2289 quae
1105 2236 1252 2274 Gothae
1276 2240 1383 2280 1782
1405 2238 1581 2290 prodiere

187 2446 216 2488 ')
243 2445 407 2480 Ediderat
428 2446 483 2480 ille
496 2446 659 2481 Herodot.
679 2447 840 2491 Lemgov.
855 2449 940 2482 1781
966 2448 1013 2482 ita
1023 2452 1061 2482 ut
1084 2449 1119 2483 in
1141 2449 1236 2483 libris
1253 2453 1397 2494 quatuor
1414 2449 1582 2494 prioribus

95 2490 534 2535 Reizianamrecensionem,
557 2494 592 2526 in
615 2493 754 2538 reliquis
766 2494 1068 2537 Wesselingianam
1091 2502 1310 2539 sequeretur3
1335 2496 1443 2528 altera
1468 2497 1581 2537 editio,

97 2537 140 2569 de
151 2539 217 2580 qua
234 2544 326 2570 recte
338 2537 500 2571 iudicasse
524 2545 606 2582 puto
634 2539 992 2582 Schweighaeuseruni
1011 2541 1162 2574 Praefat.
1186 2543 1211 2580 Ι,
1230 2544 1251 2574 Ξ
1275 2541 1444 2584 pxxw.
1470 2543 1582 2583 XXV3

97 2582 221 2626 prodiit
245 2582 325 2614 ibid.
351 2583 437 2615 1809
461 2584 569 2617 tribus
592 2585 824 2618 voluminibus.
849 2585 913 2618 His
938 2587 1081 2618 accessit
1093 2590 1292 2630 Apparatus
1303 2587 1348 2619 ad
1372 2588 1582 2621 Herodotum

97 2628 362 2671 intelligendum
378 2633 412 2660 et
428 2629 733 2672 interpretandum,
759 2631 905 2675 quinque
929 2632 1162 2668 voluminibus,
1178 2632 1580 2675 Lerngov.1795—1798‚

97 2685 238 2718 quorum
262 2673 420 2716 primum:
449 2674 679 2719 Chronologia
703 2683 736 2709 et
758 2677 864 2709 crisis
882 2677 1098 2717 Hermoton,
1131 2677 1296 2710 Lai-cheri
1321 2678 1581 2721 disputationem

97 2720 139 2751 de
164 2718 329 2751 Herodoti
351 2719 582 2763 chronologia,
616 2734 635 2754 e
657 2721 789 2754 Gallico
812 2722 844 2754 in
869 2722 1024 2754 Latinum
1050 2735 1234 2756 sermonem
1272 2735 1467 2756 conversam
1502 2737 1582 2757 con-

97 2764 204 2804 tinet,
227 2763 355 2806 reliqua
379 2764 537 2797 exhibent
559 2767 777 2809 Apparatum
793 2768 947 2800 criticum
963 2768 1009 2800 ad
1029 2769 1300 2802 constituendam
1329 2770 1481 2803 lectionis
1506 2771 1583 2803 He·-

97 2810 254 2844 rodoteae
271 2810 526 2852 integritatem,
555 2811 580 2844 i.
602 2823 632 2845 e.
655 2813 768 2846 varias
791 2813 951 2846 lectiones
976 2825 995 2848 e
1018 2814 1236 2858 lVesseiingii
1260 2814 1417 2856 editione,
1446 2817 1583 2849 wesse-

97 2855 188 2899 lingii
213 2861 248 2888 et.
270 2854 506 2889 Valckenaerii
528 2861 624 2892 notas
647 2862 683 2893 et
698 2858 764 2893 alia
787 2858 962 2903 quaedam.

153 2905 374 2941 Hnuono'r.
392 2904 459 2942 IV.
1252 2910 1306 2949 28
