1839 3292
495 214 958 256 CALLIOPE.
1015 215 1095 254 lx.

1344 218 1427 258 271

144 324 478 385 5γινωσκομένη.
516 323 729 378 ,,Λοκέειν
745 339 790 368 τε
819 323 900 379 γάρ
920 326 1070 381 πολλῷ
1086 322 1298 380 κρέσσονα
1319 321 1432 368 εἶναι

170 394 275 450 „miv
305 392 516 449 σφετέρην
545 392 751 449 στρατιήν
779 395 854 449 τῆς
867 391 1143 449 Ἑλληνικῆς,
1174 391 1488 448 συμβάλλειν45

166 478 236 517 „ve
263 462 342 518 τὴν
370 462 573 517 ταχίστην
589 494 599 512 ,
629 461 735 517 μηδὲ
762 463 974 514 περιορᾶν
1005 459 1349 515 συλλεγομένους
1371 460 1432 504 ἔτι

166 533 382 583 ,,πλεῦνας
409 533 497 572 τῶν
517 529 877 584 συλλελεγμένων·
908 526 961 568 τά
977 542 1037 576 τε,
1051 526 1215 582 σφάγια
1236 528 1290 571 τὰ
1304 526 1430 585 ‘Hym-

165 597 425 651 ,,σιστροὲτου
443 597 519 640 ἐᾶν
545 597 734 651 χαίρειν,
767 593 874 651 μηδὲ
893 594 1141 650 βιάζεσθαι,
1167 593 1276 639 ἄλλα
1305 596 1428 654 νόμῳ

40 656 104 701 42
161 669 254 723 »τῷ
282 665 488 719 Περσέων
515 663 786 720 χρεωμένους
813 660 1117 717 συμβάλλειν.“
1181 662 1354 707 Τούτου
1384 663 1432 708 δὲ

166 732 281 777 οὕτω
298 734 590 783 δικαιεῦντος,
620 729 815 786 ἀντέλεγε
843 727 1007 782 οὐδεὶς,
1039 729 1147 774 ὥστε
1174 729 1345 787 ἐκράτεε
1373 735 1428 790 τῇ

106 894 181 948 yolo
210 896 340 949 πολλῷ
375 892 566 945 κρέσσονα
594 889 696 933 εἶναι
725 907 762 933 κ.

105 968 138 990 τ.
168 955 218 1000 L,
248 952 288 988 in
327 952 462 1003 quibus
501 951 684 1001 particula
722 963 763 988 τε

105 1009 280 1059 congruit
305 1021 395 1044 cum
429 1009 552 1044 verbis
585 1002 763 1059 συμβάλ-

105 1067 187 1104 λειν
211 1079 260 1104 τε
279 1061 352 1115 τήν
369 1064 567 1115 ταχίστην,
598 1077 642 1100 ea
664 1076 762 1115 pen-

106 1121 197 1158 dent
243 1121 290 1157 ab
339 1119 578 1157 antecedenti
623 1118 762 1174 γνώμη

104 1179 406 1229 sententiamque
438 1178 544 1214 illam
574 1177 764 1215 Mardonii

104 1236 290 1272 acriorem
308 1233 490 1271 indicant.

160 1342 211 1386 τά
223 1361 265 1386 τε
289 1341 439 1398 σφάγια
459 1369 508 1375 --
541 1344 641 1398 μηδὲ
669 1343 763 1397 βιοῖ-

106 1403 261 1452 ζεσθαι]
296 1399 344 1441 τοὶ
362 1398 511 1455 σφάγια
537 1410 625 1440 sunt
645 1416 761 1450 sacra,

103 1462 286 1508 victimae,
326 1458 430 1495 unde
467 1472 546 1495 non
581 1458 761 1496 differunt

99 1512 147 1554 τοὶ
171 1512 256 1566 ἱερά
270 1544 280 1564 ,
302 1515 402 1554 conf.
421 1516 500 1564 IX,
520 1514 588 1555 45.
610 1517 674 1555 61.
693 1518 760 1556 62.

98 1573 351 1609 Locutionem
375 1571 448 1611 ἐᾶν
475 1571 626 1623 χαίρειν
655 1570 760 1624 (mis-

98 1641 173 1665 sum
194 1627 334 1678 facere,
372 1642 442 1665 uon
474 1628 615 1678 curare)
658 1643 757 1681 quae

98 1686 213 1721 etiam
236 1691 355 1722 exstat
373 1686 451 1732 IX,
476 1683 552 1733 45,
582 1685 688 1737 attigi
708 1685 757 1723 ad

96 1742 167 1789 1V,
201 1744 293 1781 112.
338 1740 633 1778 Valckenaerius
670 1744 756 1780 lau—

98 1796 252 1835 daverat
281 1799 431 1837 Platon.
463 1799 551 1836 crit.
590 1812 679 1850 pag.
700 1798 753 1841 45

97 1854 147 1891 A.
175 1854 259 1903 (ubi
289 1855 516 1892 Stallbaum.
553 1869 641 1906 pag.
675 1859 750 1896 111

96 1917 292 1961 praeterea
320 1910 450 1948 laudat
478 1912 675 1952 Heindorf.
706 1911 756 1949 ad

96 1966 298 2005 Theaetet.
324 1980 413 2019 pag.
443 1966 520 2006 441
563 1976 599 2006 et
630 1971 757 2020 ipsum

95 2022 343 2062 Valckenaer.
377 2023 426 2061 ad
456 2025 628 2076 Euripid.
658 2027 758 2077 Hip-

95 2081 218 2131 polyt.
262 2084 356 2126 113)
396 2083 549 2119 Isocrat.
589 2084 753 2134 Trapez,

96 2149 183 2186 pag.
225 2135 306 2176 364
335 2137 376 2176 C.
418 2139 495 2188 [cp.
528 2136 579 2178 14
615 2141 650 2185 ξ.
683 2139 753 2190 29]

96 2191 277 2243 Xenoph.
305 2194 431 2232 Anab.
456 2195 525 2230 Vll
541 2224 551 2243 ‚
587 2199 611 2236 3
643 2197 679 2242 ξ.
700 2199 753 2237 23

100 2247 185 2298 [ubi
220 2250 268 2286 of.
297 2251 478 2301 Kriiger]
521 2259 557 2288 et
595 2254 754 2294 Lucian.

97 2304 116 2339 Ῑ
144 2318 181 2356 p.
203 2308 283 2346 727
314 2307 403 2355 (Pro
423 2309 535 2359 Laps.
565 2310 605 2345 in
627 2310 750 2349 Salut.

99 2361 139 2398 2.
167 2360 221 2410 3.)
270 2363 379 2407 Quod
412 2378 502 2401 vero
542 2380 612 2416 pro
651 2364 751 2416 μηδὲ

99 2413 304 2465 βιάζεσθαι
336 2420 428 2457 olim
456 2422 539 2473 quis
576 2425 749 2472 coniecit,

97 2473 281 2521 probante
299 2476 450 2527 Negris,
481 2477 580 2528 μηδὲ
606 2478 753 2531 φράζε-

99 2532 198 2567 σθαι
216 2542 322 2580 neque
354 2534 572 2576 considerare
592 2550 619 2573 s.
642 2551 752 2587 neque

97 2584 147 2620 ad
185 2584 249 2622 illa
288 2589 439 2626 animum
476 2591 667 2641 advertere,
705 2607 750 2631 eo

95 2638 201 2677 haud
221 2655 332 2692 aegre
353 2646 571 2686 carebimus.
624 2651 754 2687 Noluit

96 2699 199 2733 enim
230 2698 294 2734 ille
321 2702 390 2737 vim
416 2702 543 2752 inferre
569 2709 751 2757 auspiciis,

96 2760 138 2791 ut
156 2755 235 2791 scil.
257 2756 374 2793 invita
389 2757 547 2796 litarent.
576 2762 632 2798 Ea
649 2765 752 2800 enim

95 2811 317 2860 significatio
340 2821 393 2850 est
411 2815 515 2852 verbi
529 2813 750 2869 βιάζεσθαι,

821 890 950 929 addito
985 893 1199 931 accusativo
1230 889 1280 932 τοὶ
1305 890 1480 947 σφᾶγιατ

820 947 868 985 de
900 962 974 1001 quo
1001 949 1080 987 vid.
1111 949 1297 1001 disputata
1318 950 1367 988 ad
1389 954 1482 990 Plu-

816 1005 938 1043 tarch.
987 1005 1230 1057 Philopoem,
1275 1021 1365 1059 pag.
1414 1012 1482 1050 18.

818 1062 1020 1111 Matthiae,
1053 1065 1118 1114 qui
1148 1061 1247 1115 μηδὲ
1267 1062 1480 1115 βιάζεσθαι

817 1118 924 1155 idem
945 1133 1023 1156 esse
1047 1119 1193 1157 dixerat
1223 1127 1338 1172 atque
1378 1120 1480 1174 μηδὲ

819 1175 890 1214 ἐᾶν
927 1173 1137 1226 βιάζεσθαι
1170 1175 1337 1225 ἑαυτούς
1368 1193 1479 1230 neque

810 1234 1035 1283 permittere,
1062 1238 1103 1270 ut
1123 1236 1287 1271 victimae
1315 1235 1385 1273 sibi
1407 1239 1479 1274 vz'm

818 1289 994 1338 afferant,
1045 1296 1082 1326 et
1120 1303 1273 1341 pugnae
1320 1293 1479 1343 cupidos

818 1358 839 1380 a
860 1358 989 1395 pugna
1010 1344 1243 1396 deterreant,
1264 1348 1363 1385 bene
1383 1351 1478 1386 sub-

817 1402 917 1448 iicit,
946 1397 1156 1452 βιάζεσθαι
1184 1401 1231 1443 τοὶ
1253 1400 1407 1458 σφάγια
1434 1420 1478 1442 e-

818 1458 911 1494 tiam
933 1471 1040 1508 posse
1061 1472 1140 1496 esse
1161 1462 1229 1498 vim
1255 1461 1387 1510 afferre
1419 1465 1479 1500 υί-

817 1516 933 1551 ctimis
953 1521 990 1551 et
1008 1516 1052 1552 iis
1072 1516 1198 1553 invitis
1234 1514 1348 1568 (πρὸς
1368 1519 1476 1570 βίαν)

815 1584 1003 1621 pugnare.
1052 1571 1149 1608 Mihi
1167 1571 1242 1610 hoc
1265 1587 1388 1611 unum
1408 1590 1481 1612 ve-

813 1640 901 1664 rum
922 1642 1001 1665 esse
1020 1628 1179 1668 videtur.
1227 1629 1341 1668 Addo
1365 1633 1478 1669 Gailii

812 1680 1164 1736 interpretationem
1192 1687 1272 1728 1.1.
1313 1689 1348 1726 V
1384 1703 1476 1741 pag.
1545 1713 1550 1718 ·

812 1741 917 1782 255:
949 1741 1193 1789 „Illarclonz'us
1225 1744 1350 1794 dz'soz't,
1389 1747 1477 1797 qu'z'l

813 1798 896 1834 e‘toz't
927 1798 1041 1836 ‹Z’avz's
1073 1800 1257 1852 d’envoyer
1295 1815 1475 1852 promener

811 1852 860 1890 les
878 1856 1010 1893 oracles
1029 1860 1061 1892 et
1081 1857 1121 1894 de
1140 1872 1182 1895 ne
1194 1872 1265 1907 pas
1295 1872 1329 1896 se
1349 1860 1475 1898 laz’sser

804 1909 904 1960 faire
939 1912 1087 1950 violence
1126 1919 1160 1951 et
1193 1915 1234 1952 de
1267 1915 1375 1954 n’e‘tre
1404 1931 1474 1968 pas

812 1968 945 2005 esclave
982 1970 1042 2007 des
1074 1972 1141 2007 rz’ts
1169 1975 1202 2009 et
1245 1985 1376 2021 usages
1413 1975 1472 2011 cles

813 2024 960 2062 Grecs.“
1015 2025 1077 2062 Ad
1096 2028 1218 2077 ipsam
1237 2031 1474 2068 locutionem

812 2087 899 2130 apte
960 2082 1237 2134 Wesselingius
1299 2087 1474 2125 attulerat

811 2137 1008 2175 Plutarchi
1037 2140 1165 2177 locum
1193 2143 1252 2188 11,
1281 2156 1370 2194 pag.
1390 2142 1474 2183 244

814 2194 856 2231 C.
880 2195 914 2233 εἰ
933 2192 975 2233 δὲ
995 2192 1050 2246 μή
1063 2198 1212 2250 χαίρειν
1238 2199 1310 2239 εὀἶν
1331 2199 1398 2238 καὶ
1416 2196 1474 2251 μή

812 2248 1142 2302 προσβιάζεσθαι.
1206 2255 1275 2294 Cr.
1309 2257 1472 2293 conferri

811 2308 893 2345 vult
912 2309 1042 2359 Toup.
1074 2310 1122 2348 ad
1141 2312 1363 2364 Longinum
1381 2327 1473 2364 pag.

812 2366 894 2405 332
925 2372 962 2402 et
992 2367 1154 2405 Coraem
1184 2368 1233 2406 ad
1271 2369 1469 2407 Heliodori

805 2420 1011 2473 Aethiopp.
1040 2425 1110 2461 VII
1145 2438 1233 2477 pag.
1265 2424 1370 2476 248,
1401 2428 1469 2480 qui

807 2480 961 2530 corrigit
980 2477 1216 2529 ἰδιάζεσθαι.

1015 2571 1106 2622 Cap.
1137 2573 1259 2611 XLII.

866 2645 1010 2689 τούτου
1031 2648 1073 2689 δὲ
1087 2646 1190 2690 οὕτω
1203 2652 1467 2705 δικαιεῦντος]

809 2708 834 2744 i.
861 2721 893 2744 e.
925 2707 986 2743 illo
1015 2712 1131 2744 autem
1165 2710 1216 2746 sic
1241 2713 1414 2748 statuente
1436 2723 1468 2748 s-

810 2777 914 2814 quum
940 2764 1000 2800 ille
1033 2766 1087 2801 ita
1111 2765 1331 2815 faciundum
1351 2780 1469 2805 cense-

810 2824 875 2858 ret.
933 2819 1019 2858 vid.
1040 2822 1149 2871 VIII,
1188 2825 1280 2873 126,
1309 2837 1359 2860 ne
1380 2824 1468 2874 plu-
