1839 3292
101 958 134 1003 8

541 235 887 272 URANIA.
946 236 1072 272 VIII.

201 361 285 391 που
297 362 305 369 ”

1414 241 1466 278 11

364 346 437 387 ἵνα
466 345 518 399 δὴ
549 343 849 399 περιλάβοιεν,
882 345 926 387 οἷ
953 343 1051 399 μὲν,
1082 343 1220 400 ταύτῃ
1253 341 1467 397 ἀπικόμε-

201 430 294 464 νοι,
348 413 420 455 καὶ
457 411 699 466 φράξαντες
738 410 884 454 αὐτῶν
921 410 1004 467 τὴν
1047 409 1188 454 ὀπίσω
1235 411 1463 466 φέρουσαν

174 483 332 533 Ξὸδὸν,
377 485 500 535 σφεῖς
539 480 606 531 ὁὲ,
647 479 929 534 ἐπισπόμενοι
968 479 1010 530 ἐξ
1046 479 1259 534 ἐναντίης.

1326 482 1467 520 ταῦτα

200 549 543 608 βουλευσάμενοι
571 547 823 602 ἀπέπεμπον
857 551 947 588 τῶν
974 550 1087 590 νεῶν
1119 547 1194 597 τὰς
1224 548 1464 601 ταχθείσας,
1477 553 1522 585 90

203 619 330 662 αὐτοὶ
359 616 438 660 οὐκ
468 617 514 659 ἐν
542 615 630 672 νόῳ
662 616 831 671 ἔχοντες
860 613 1018 669 ταύτης
1049 618 1124 669 τῆς
1157 614 1319 670 ἡμέρης
1349 620 1464 656 τοῖσι

189 687 366 743 ’Έλλησι
399 683 708 739 ἐπιθήσεσθαι,
740 682 843 725 οὐδὲ
874 681 1091 735 πρότερον
1123 681 1151 737 ἢ
1180 681 1229 724 τὸ
1262 681 1465 737 σύνθημά

203 767 282 809 σφι
322 754 466 807 ἔμελλε
504 751 780 807 φανήσεσθαι
837 750 957 803 παρὰ
1005 753 1094 792 τῶν
1129 750 1468 802 περιπλωόντων

170 822 262 872 Sais
286 821 498 876 ἡκόντων.
555 818 713 870 ταύτας
741 818 819 875 μὲν
849 817 901 873 δή
938 818 1251 872 περιέπεμπον·
1292 822 1381 860 τῶν
1420 818 1467 861 δὲ

200 889 388 934 λοιπέων
419 890 533 931 νεῶν
563 886 610 930 ἐν
638 891 737 944 τῇσι
771 886 972 943 Ἀφέτῃσι
1001 886 1222 929 ἐποιεῦντο
1265 885 1523 941 ἄριθμόν.95

197 957 269 1001 Ἐν
299 958 344 1001 δὲ
373 956 515 1011 τούτῳ
545 959 606 1010 τῷ
636 953 794 1011 χρόνῳ,
827 955 874 997 ἐν
905 949 940 1010 ᾧ
969 949 1093 997 οὗτοι
1127 953 1322 1008 ἀριθμὸν
1352 955 1466 998 ἐποι-

200 1030 327 1069 εῦντο
357 1027 444 1067 τῶν
472 1027 610 1074 νεῶν,
649 1019 704 1078 ἦν
731 1021 814 1079 γάρ
845 1022 892 1065 ἐν
928 1025 990 1079 τῷ
1021 1022 1298 1078 στρατοπέδω
1327 1023 1466 1079 τούτῳ

203 1094 422 1149 Σκυλλίης
461 1096 732 1142 Σκιωναῖος,
781 1090 910 1146 δύτης
948 1094 1038 1133 τῶν
1076 1090 1171 1134 τότε
1214 1089 1468 1144 ἀνθρώπων

202 1161 397 1214 ἄριστος·

458 1159 505 1210 ὃς
536 1161 609 1203 καὶ
638 1160 686 1203 ἐν
715 1162 767 1214 τῇ
796 1159 983 1214 ναυηγίῃ
1012 1162 1065 1216 τῇ
1085 1158 1194 1202 κατα
1223 1159 1270 1203 τὸ
1295 1159 1466 1214 Πήλιον

201 1229 412 1285 γενομένῃ
434 1227 574 1270 πολλὰ
595 1228 673 1280 μὲν
694 1227 824 1269 ἔσωσε
854 1230 943 1269 τῶν
961 1226 1194 1282 χρημάτων
1218 1232 1330 1270 τοῖσι
1354 1228 1467 1280 Πέρ-

204 1309 329 1352 σῃσι,
372 1295 513 1338 πολλοὶ
556 1295 601 1337 δὲ
641 1295 713 1338 καὶ
754 1294 886 1346 αὐτὸς
922 1293 1221 1350 περιεβάλετο·
1274 1292 1404 1346 οὗτος
1445 1295 1502 1339 61

204 1366 422 1420 Σκυλλίης
451 1363 498 1406 ἐν
527 1363 617 1419 νόῳ
654 1363 733 1415 μὲν
760 1361 843 1417 εἶχε
872 1363 960 1416 ἄρα
989 1363 1063 1405 καὶ
1093 1363 1311 1416 πρότερον
1341 1364 1468 1407 αὑτο-

203 1431 408 1486 μολήσειν
436 1431 478 1480 ἐς
507 1430 610 1480 τοὺς
635 1429 866 1485 “Ἐλληνας,
899 1428 986 1473 ἄλλ’
1020 1429 1072 1473 οὐ
1101 1430 1184 1485 γάρ
1207 1433 1250 1473 οἱ
1269 1432 1464 1486 παρέσχε,

170 1497 263 1550 Ξῶς
290 1497 396 1542 τότε.
455 1497 562 1553 ὅτεῳ
590 1497 669 1553 μὲν
690 1499 743 1554 δὴ
762 1496 912 1555 τρόπῳ
941 1497 990 1541 τό
1022 1498 1226 1542 ἐνθεῦτεν
1246 1499 1330 1556 ἤδη
1360 1499 1464 1543 ἆπί-
1523 1494 1603 1533 623

214 1698 233 1706 ἢ
367 1649 459 1700 Cap.
480 1650 581 1688 Vm.

202 1707 256 1756 ἠν
276 1701 350 1757 γὰρ
374 1705 416 1744 ἐν
438 1708 491 1759 τῷ
510 1704 756 1760 στρατοπέδῳ
766 1721 803 1745 κ.

145 1778 175 1801 τ.
197 1763 250 1811 λ.]
287 1764 405 1799 oratio
428 1758 711 1811 ἄνακόλουθος
734 1777 804 1800 eo-

143 1818 235 1855 dem
265 1818 381 1859 modo
410 1819 684 1870 intelligenda,
726 1833 804 1873 quo

147 1876 245 1922 VIII,
268 1876 292 1916 5
314 1877 381 1912 ubi
399 1875 479 1913 vid.

204 1933 402 1982 Σκυλλίης
416 1933 659 1981 Σκιωναῖος]
698 1932 806 1984 Scy&

148 1988 230 2035 lias,
242 1989 306 2038 qui
320 1988 444 2031 Scione
453 1991 558 2037 urbe,
571 1992 676 2027 cuius
691 2004 806 2027 men-

147 2045 201 2080 tio
218 2044 299 2093 VlI,
314 2048 394 2086 122
410 2046 588 2083 oriundus
612 2054 702 2094 erat,
725 2060 805 2084 nou

149 2100 350 2151 Sicyonia-e,
374 2110 415 2140 ut
434 2104 528 2142 falso
547 2102 670 2141 reddit
685 2105 806 2152 Valla,

147 2159 413 2197 celeberrimus
426 2160 540 2197 fuisse
553 2160 704 2197 videtur
723 2163 805 2198 uri-

146 2221 268 2262 nator,
289 2216 394 2253 cuius
416 2218 529 2254 etiam
544 2219 804 2255 meminerunt

146 2271 311 2314 Pausau,
342 2274 392 2320 X,
417 2274 537 2314 1981.
569 2273 711 2311 Athen.
733 2276 804 2312 VII

146 2340 185 2376 p.
205 2329 285 2367 296
307 2329 349 2365 F.
379 2328 589 2380 Antholog.
611 2332 678 2368 Gr.
698 2332 729 2374 I,
750 2333 802 2371 69

147 2384 220 2432 Ep.
246 2387 281 2431 1,
303 2386 368 2421 ubi
387 2385 466 2422 vid.
485 2389 630 2428 Iacobs.
652 2389 691 2423 in
704 2389 805 2424 Ani-

149 2438 352 2479 madverss.
373 2442 424 2479 T.
443 2444 491 2491 11,
516 2449 534 2484 1
560 2443 685 2495 (VIII)
717 2457 804 2495 pag.

151 2496 232 2535 363
252 2509 329 2548 seq.
367 2498 478 2535 Unde
505 2502 673 2537 camnine
693 2502 805 2537 illum

152 2547 379 2591 honoratum
401 2569 481 2592 esse
494 2556 672 2594 discimus
695 2565 731 2596 et
743 2565 805 2595 ta·-

153 2605 242 2642 bula
253 2609 349 2656 picta
361 2621 695 2662 repraesentatum,
711 2616 807 2653 Del-.

152 2660 312 2713 pilisque
330 2667 426 2704 illius
447 2676 609 2707 statuam
628 2672 804 2721 positam.

152 2718 239 2754 vid.
250 2720 484 2771 PollucNss,
499 2729 590 2771 137,
611 2729 677 2778 qui
692 2730 808 2764 etiam

152 2787 287 2811 vocem
299 2776 319 2815 δ
325 2773 347 2814 v'
352 2792 417 2827 της
429 2783 562 2831 attigit,
585 2797 660 2834 quo
671 2786 808 2821 Noster

152 2843 239 2871 usus
269 2840 344 2882 est,
374 2843 506 2874 contra
531 2840 808 2880 Grammatico<

857 1664 958 1698 rum,
982 1658 1026 1688 ut
1045 1649 1208 1699 videtur,
1229 1658 1445 1702 praecepta.
1468 1674 1524 1680 ———-

858 1708 922 1745 Ad
941 1721 1053 1745 voces
1084 1711 1165 1747 τῶν
1186 1705 1270 1748 τότε
1289 1704 1524 1757 α’νθρώπων

861 1766 976 1812 confi,
993 1767 1023 1802 si
1035 1766 1129 1802 tanti
1143 1773 1208 1812 est,
1229 1764 1364 1803 Matth.
1378 1767 1442 1803 Gr.
1456 1767 1524 1803 Gr.

863 1824 901 1869 ᾗ.
923 1825 1006 1863 272
1026 1823 1110 1859 init.
1133 1836 1172 1873 p.
1194 1823 1289 1864 557.

920 1875 964 1925 ὃς
979 1878 1046 1917 καὶ
1062 1878 1104 1918 έν
1121 1882 1172 1934 τῇ
1192 1879 1365 1932 ναυηγίῃ
1382 1882 1432 1934 τῇ
1451 1895 1525 1918 κα·

863 1932 911 1974 τὰ
932 1933 975 1975 τό
999 1932 1157 1986 Πήλιον
1178 1935 1390 1991 γενομένῃ]
1438 1936 1524 1974 vid.

862 1993 945 2037 VII,
978 1995 1057 2033 188
1079 2006 1184 2045 seqq.
1218 2000 1254 2030 et
1285 1992 1333 2030 ad
1365 1994 1526 2031 verbum

863 2045 1117 2101 περιεβάλετο
1148 2050 1251 2089 conf.
1267 2057 1364 2087 nott.
1387 2049 1435 2086 ad
1459 2052 1525 2097 ΙΙΙ,

863 2109 932 2147 71.
965 2129 1016 2134 ——
1064 2108 1107 2143 In
1136 2120 1243 2158 seqq.
1280 2108 1417 2144 vocula
1448 2104 1527 2154 ἄρα

861 2163 1035 2213 pluribus
1054 2165 1263 2214 postposita
1283 2164 1461 2211 vocibus,
1483 2169 1526 2200 ut

862 2221 926 2267 VI,
938 2223 1002 2260 62.
1024 2219 1188 2268 V11‚35.
1208 2223 1299 2260 130.
1315 2220 1418 2268 VIII,
1432 2223 1524 2260 111.

864 2279 956 2317 136.
995 2278 1065 2322 IX,
1100 2278 1178 2316 108
1219 2277 1306 2315 coll.
1350 2276 1417 2318 58.
1455 2278 1523 2316 90.

859 2332 1039 2384 Aeschyl.
1053 2334 1130 2370 S.c.
1142 2331 1320 2374 Th.487.
1332 2335 1522 2383 Hartung.

865 2388 992 2430 Lehre
1011 2404 1049 2428 v.
1072 2389 1109 2427 d.
1122 2390 1186 2428 Gr.
1208 2391 1386 2440 Parth.
1399 2388 1496 2430 446.

919 2442 1000 2484 ἀλλ’
1016 2442 1064 2486 ού
1086 2441 1160 2498 γάρ
1177 2446 1218 2485 οἷ
1231 2445 1416 2497 παρέσχε]
1448 2446 1473 2483 i.
1492 2459 1522 2483 e.

860 2515 968 2553 neque
997 2516 1077 2541 vero
1102 2505 1241 2552 potuit,
1271 2516 1398 2554 neque
1420 2503 1522 2539 enim

863 2561 897 2596 ei
925 2561 1009 2597 talis
1041 2561 1175 2609 obtigit
1203 2561 1363 2607 occasio,
1403 2560 1523 2610 qualis

864 2623 956 2653 tunc
988 2612 1229 2668 (obtigerat).
1278 2617 1413 2668 Itaque
1442 2629 1522 2653 non

865 2672 1141 2723 tecipiendum,
1164 2670 1267 2723 quod
1287 2674 1326 2710 in
1343 2685 1421 2709 uno
1438 2672 1524 2710 cod.

865 2730 1080 2766 iuvenitur:
1104 2725 1184 2767 ἀλλ’
1200 2726 1314 2769 οὔπω
1335 2745 1358 2768 κ
1371 2745 1395 2767 α
1408 2744 1420 2767 ι
1434 2745 1454 2779 ρ
1470 2726 1490 2767 ὁ
1502 2745 1522 2774 ς

865 2785 1046 2836 παρέσχε.
1086 2786 1151 2821 Tu
1170 2784 1247 2825 vid,
1267 2794 1365 2823 nott.
1387 2785 1434 2822 ad
1454 2787 1521 2835 ΙΙΙ,

866 2845 920 2882 73
943 2848 980 2879 et
999 2841 1048 2880 ad
1067 2843 1168 2891 VIII,
1188 2842 1255 2884 25.
1281 2846 1373 2883 100.
1394 2841 1485 2884 140.

1526 943 1572 969 Re
1590 950 1644 977 per
1657 942 1799 977 Scylliam

1524 977 1708 1003 minatorem

1526 1011 1709 1036 Graecorum
1746 1010 1797 1037 du-

1526 1044 1609 1071 cibus
1628 1044 1758 1078 prodita,
