1839 3292
248 201 332 243 428
792 198 1174 236 COMMENTATIO

248 313 363 351 simos
382 310 523 350 librarii
540 324 682 349 errores
703 317 740 348 et
756 308 1070 347 hallucinationes
1089 321 1157 359 pro
1182 308 1348 358 genuina
1367 305 1552 345 Herodoti
1570 307 1733 360 scriptu-

248 383 312 419 ra,
336 382 451 422 quam
473 369 519 405 ab
540 369 602 405 illo
623 366 753 404 codice
772 379 850 402 uuo
872 366 992 402 ubivis
1013 366 1282 416 repraesentari
1299 365 1370 402 sibi
1389 372 1642 415 persuaserat,
1662 363 1734 402 ha-

247 427 355 465 beret
372 424 537 476 indeque
557 426 695 460 librum
715 424 897 473 scriptum
916 421 992 458 fide
1012 422 1248 458 exactissima
1275 422 1315 456 in
1344 428 1452 458 textu
1469 421 1577 458 reddi
1606 422 1734 463 vellet.

248 484 334 529 Quo
353 483 433 533 ipso
454 482 663 517 multorum
678 480 847 516 virorum
867 478 1066 516 doctorum
1096 479 1136 514 in
1166 475 1501 528 reprehensionem
1529 477 1633 515 haud
1662 479 1735 514 im-

247 541 385 577 merito
414 538 583 576 incurrit.
639 536 787 573 Sufficit
812 535 874 572 hic
895 548 939 572 ea
969 548 1183 586 apponere,
1214 547 1312 585 quae
1336 533 1383 570 de
1402 532 1476 570 hoc
1491 535 1586 572 libro
1605 535 1736 572 statuit

247 595 525 644 Wesselingius
546 594 737 630 Dissertat.
756 591 900 630 Herod.
928 594 986 628 IX
1005 606 1043 642 p.
1066 594 1114 631 91
1132 604 1142 628 :
1181 591 1510 639 „celebratissima
1528 591 1615 628 MS.
1642 592 1735 627 Flo—

247 652 387 690 rentini
414 651 516 687 fama
535 656 609 687 est:
646 650 792 698 unicus,
823 650 997 686 omnium
1017 649 1200 698 optimus,
1222 648 1523 699 antiquissimus,
1553 648 1615 684 cui
1638 646 1735 684 nihil

248 722 317 760 par
337 714 401 744 aut
420 706 644 753 secundum,
678 713 714 743 et
736 720 784 743 ex
804 719 879 758 quo
900 707 980 743 solo
1000 704 1217 742 Herodotea
1245 705 1407 741 suavitas
1429 710 1466 740 et
1485 704 1674 754 elegantia
1693 704 1734 740 iu

247 767 441 815 integrum
460 764 604 800 restitui
619 764 744 813 possit,
765 762 913 799 habitus
932 763 962 799 is
983 763 1077 799 liber
1098 769 1164 800 est.
1222 762 1298 798 Iac.
1329 761 1562 805 Gronovius,
1592 762 1649 799 vir
1668 773 1734 797 ce-

248 822 483 868 leberrimus,
505 833 617 872 quem
640 821 785 856 iuvenis
815 818 1017 856 docentem
1037 817 1186 864 audivi,
1216 831 1258 855 ac
1280 817 1485 854 admiratus
1514 830 1613 865 sum,
1645 830 1735 854 eum

250 878 534 928 diligentissime
564 876 725 913 versavit
754 883 792 912 et
812 877 1009 926 complura
1039 875 1128 911 iude
1151 876 1256 911 bonis
1285 875 1416 911 avibus
1435 875 1593 924 pristina
1614 872 1735 912 dona-

246 937 302 973 vit
318 936 495 972 sanitate:
534 934 585 968 ita
606 939 735 969 tamen
758 933 835 969 eius
857 932 1080 968 excellentia
1103 932 1290 981 abreptus,
1320 935 1371 979 ut,
1404 929 1508 982 quod
1532 933 1612 981 ipse
1632 931 1732 978 alibi,

246 993 327 1028 fere
363 992 482 1027 nimio
513 989 628 1026 studio
663 990 700 1025 in
733 988 917 1025 Mediceas
937 989 1151 1025 membranas
1183 989 1355 1025 abductus
1379 988 1453 1024 dici
1471 992 1587 1038 queat.
1645 989 1733 1024 Non

246 1047 343 1085 mihi
364 1047 564 1083 consilium
595 1052 668 1093 est,
701 1044 747 1081 de
767 1046 993 1095 praestantia
1014 1046 1092 1081 eius
1114 1044 1251 1081 codicis
1273 1043 1484 1095 quidquam
1511 1042 1731 1081 detrahere:

246 1105 376 1143 multis
397 1104 590 1153 egregiam
609 1114 765 1152 operam
785 1103 986 1152 praestitit,
1016 1102 1142 1138 lucem
1159 1102 1238 1137 aliis
1257 1101 1458 1150 adspersit,
1489 1101 1674 1137 nonnulla
1693 1101 1734 1137 in

247 1161 449 1212 desperatis
470 1158 619 1207 habita,
652 1159 772 1196 salute
792 1158 957 1206 reddita,
986 1158 1197 1195 felicissime
1218 1157 1374 1196 adiuvit.
1434 1157 1575 1194 Omnes
1604 1164 1734 1194 tamen

247 1219 315 1255 uni
334 1224 580 1268 postponere,
610 1222 653 1252 ut
672 1222 855 1268 tanquam
870 1216 1028 1252 umbrae
1048 1216 1205 1252 volitent
1225 1216 1395 1266 nullique
1414 1215 1469 1250 rei
1488 1215 1583 1261 sint,
1605 1214 1732 1251 nescio

247 1274 340 1327 quid
361 1273 498 1311 dicam.
555 1274 680 1309 Immo
702 1286 792 1310 vero
827 1274 962 1323 opinor
1001 1273 1066 1309 vix
1087 1272 1209 1307 ullum
1235 1273 1378 1321 priscae
1397 1272 1589 1308 vetustatis
1612 1271 1734 1321 scrip-

246 1339 370 1369 torem
391 1330 493 1377 dari,
526 1331 591 1381 qui
614 1331 654 1365 in
673 1337 777 1367 tanta
797 1343 924 1366 rerum
945 1328 1200 1367 vicissitudine
1222 1336 1257 1364 et
1285 1336 1339 1365 tot
1361 1329 1594 1378 corruptelae
1624 1340 1733 1364 occa-

245 1389 412 1426 sionibus
438 1400 602 1423 unarum
621 1400 692 1436 ope
710 1386 938 1423 schedarum
957 1386 1061 1423 refici
1079 1386 1218 1437 possit,
1247 1384 1314 1422 sed
1340 1385 1500 1421 aliorum
1522 1385 1732 1436 patrocinio

248 1453 361 1498 atque
382 1445 511 1481 auxilii
531 1456 717 1481 concursu
736 1443 947 1493 indigere.“

359 1501 540 1552 Sequitur
559 1501 653 1537 alter
673 1499 796 1538 codex
817 1500 1060 1544 Florentinus,
1090 1500 1194 1537 cuius
1209 1512 1334 1547 usum,
1364 1504 1591 1550 procurante
1613 1497 1734 1534 Creu-

245 1571 353 1606 zero‚
393 1559 476 1595 liber
505 1557 604 1594 Baro
629 1557 671 1595 de
694 1557 959 1595 Sclaellerslzean
987 1556 1350 1607 Schweighaeusero
1373 1556 1576 1602 concessit,
1606 1566 1733 1590 mem-

244 1616 454 1653 branaceus
474 1613 654 1665 idemque
673 1615 957 1661 vetustissimus,
978 1621 1019 1650 ut
1039 1615 1097 1650 vel
1120 1615 1316 1650 literarum
1341 1611 1474 1648 ductus
1487 1641 1497 1659 ‚
1525 1612 1733 1661 scripturae

243 1671 404 1717 modus,
437 1672 508 1706 alia
522 1672 609 1707 satis
628 1670 809 1709 indicant.
866 1669 1045 1706 Eundem
1081 1684 1159 1706 esse
1183 1669 1377 1716 codicem,
1408 1670 1512 1705 cuius
1536 1668 1734 1704 Montfau-

244 1741 318 1765 con
338 1729 378 1764 iu
406 1728 504 1763 Bibl.
526 1729 543 1762 Ι
565 1741 604 1778 p.
624 1726 706 1767 414
726 1729 773 1763 D.
795 1726 852 1763 his
873 1728 995 1764 verbis
1014 1728 1210 1762 meminit:
1260 1725 1419 1773 „Codex
1441 1726 1592 1774 elegans
1612 1725 1649 1760 X
1671 1737 1733 1760 se-

243 1786 320 1822 culi
338 1785 672 1821 membranaceus:
704 1783 886 1820 Herodoti
907 1782 1123 1827 historiae‚“
1159 1785 1368 1833 suspicatur
1390 1780 1733 1831 Schweighaeuse-

243 1855 327 1889 rus,
359 1842 424 1893 qui
445 1840 491 1877 de
508 1839 582 1877 hoc
609 1839 738 1877 codice
758 1842 810 1877 ita
831 1840 971 1877 iudicat
991 1840 1173 1889 (praefat.
1195 1842 1223 1883 Ι,
1246 1843 1272 1880 2
1291 1853 1325 1889 p.
1347 1840 1529 1886 XXXVI)
1547 1852 1557 1885 ς
1615 1839 1733 1885 „Esse

242 1897 347 1935 hunc
369 1897 541 1934 codicem
561 1911 610 1933 ex
629 1896 764 1933 eadem
781 1911 869 1933 cum
884 1896 990 1934 Pass.
1007 1896 1092 1934 Ask.
1110 1904 1144 1932 et
1157 1896 1258 1933 DIesl.
1280 1897 1435 1941 familia,
1453 1909 1473 1931 e
1492 1895 1730 1941 lectionibus,

244 1969 337 2007 quas
356 1954 445 1991 inde
465 1955 704 2005 protulimus,
724 1955 834 1990 facile
856 1953 1023 2004 adparet.
1080 1955 1159 1989 Nec
1179 1966 1269 1990 vero
1291 1966 1311 1988 e
1332 1951 1503 1989 Mediceo
1525 1951 1732 2001 descriptus

243 2019 315 2061 est,
348 2025 437 2048 cum
470 2024 546 2062 quo
577 2010 624 2048 de
656 2012 869 2061 principatu
894 2012 1008 2047 etiam
1036 2009 1186 2047 videtur
1205 2009 1436 2045 contendere
1460 2021 1591 2060 posse3
1621 2007 1688 2045 sed
1711 2021 1732 2044 e

242 2070 446 2106 vetustiore
474 2069 580 2104 fonte
609 2067 798 2105 derivatus
825 2068 962 2118 probas
981 2068 1120 2103 multas
1148 2067 1290 2118 profert
1325 2067 1529 2113 lectiones,
1579 2066 1645 2102 ubi
1666 2070 1731 2101 aut

243 2126 283 2162 in
312 2127 402 2162 vitio
441 2123 572 2162 haeret
598 2124 813 2171 Mediceus,
845 2131 909 2161 aut
936 2125 1002 2160 ubi
1032 2123 1129 2159 nihil
1159 2130 1260 2160 certe
1287 2136 1308 2158 a
1349 2124 1540 2159 Gronovio
1577 2135 1597 2158 e
1625 2120 1731 2158 Med.

243 2183 436 2233 prolatum
465 2188 539 2231 est,
569 2180 674 2234 quod
694 2194 716 2218 a
740 2182 864 2218 minus
879 2181 999 2233 proba
1018 2181 1213 2230 scriptura,
1232 2193 1329 2231 quae
1349 2180 1442 2216 olim
1462 2179 1616 2228 vulgata
1638 2184 1729 2228 erat,

243 2238 452 2276 discedat.“

356 2295 490 2332 Tertio
510 2295 594 2331 loco
614 2295 808 2345 posuerim
826 2293 980 2331 Askewz'i
990 2307 1016 2330 s.
1031 2292 1220 2343 Sancroftz'
1240 2291 1412 2329 codicem
1433 2292 1670 2342 alterumque
1681 2291 1731 2327 li-

242 2353 354 2390 brum
387 2351 592 2389 cardinalis
618 2351 823 2399 Passz'onez'‚
852 2357 1057 2402 utrumque
1076 2351 1154 2385 iam
1179 2363 1200 2385 a
1219 2349 1473 2398 W‘esselingio
1504 2347 1728 2396 adhibitum,

243 2410 309 2461 qui
330 2408 377 2445 de
405 2409 597 2445 Passionei
616 2408 712 2444 libro
740 2409 791 2444 sic
820 2408 947 2444 scribit
966 2408 1004 2442 in
1026 2407 1189 2443 Praefat.
1206 2420 1241 2457 p.
1259 2408 1358 2442 XX:
1389 2407 1515 2453 „circa
1534 2406 1730 2442 saeculum

244 2465 516 2502 duodecimum
535 2466 574 2501 iu
598 2463 726 2501 charta
745 2477 975 2515 pergamena
995 2465 1040 2500 ab
1064 2462 1174 2500 docto
1197 2464 1317 2500 scriba
1339 2469 1513 2499 exaratus
1534 2469 1599 2508 est,
1621 2474 1730 2511 prae-

243 2524 376 2558 stantia
396 2522 569 2559 Mediceo
588 2520 684 2558 nihil
706 2521 856 2568 cedens,
886 2534 998 2571 saepe
1017 2521 1227 2571 superior.“
1284 2521 1390 2557 Alter
1410 2521 1505 2556 liber
1536 2518 1730 2555 Guilielmi

243 2579 433 2616 Sancrofti
454 2580 546 2616 olim
567 2579 639 2615 suit
659 2577 929 2629 archiepiscopi
950 2579 1224 2624 Cautum-ensis,
1247 2591 1350 2614 nunc
1372 2576 1633 2625 cantabrigiae
1649 2587 1730 2611 ser-

241 2642 350 2672 vatus
364 2664 374 2682 ,
405 2637 510 2673 cuius
533 2636 775 2672 collationem
794 2637 884 2671 Aut.
904 2633 1058 2672 Askew.
1078 2647 1197 2670 manu
1225 2635 1366 2671 factam
1393 2639 1587 2683 acceperat
1614 2632 1729 2668 Wes-

243 2692 443 2741 selingius,
476 2691 604 2729 addito
629 2693 825 2729 corollario
848 2704 896 2727 ex
922 2692 1036 2742 ipsius
1056 2690 1199 2727 Askew
1226 2691 1365 2728 Codice
1385 2689 1583 2727 chartaceo
1605 2700 1727 2724 anno-

242 2761 330 2784 rum
360 2750 680 2799 quingentorum,
717 2750 909 2799 „primore
938 2747 1094 2800 quidem
1123 2749 1253 2784 Musae
1283 2749 1428 2798 primae
1455 2753 1560 2798 parte
1588 2756 1727 2782 manco

244 2803 312 2842 sed
329 2806 528 2856 perutili‚“
558 2813 601 2844 ut
626 2807 681 2845 ait
707 2806 997 2856 WVesselingius‚
1019 2806 1085 2858 qui
1103 2802 1215 2842 huius
1244 2806 1329 2842 libri
1353 2805 1533 2843 lectiones
1561 2800 1727 2849 Askewii,
