1839 3292
222 214 309 254 658
792 213 1150 249 ADDENDA

218 335 296 369 pag.
324 323 389 357 173
412 322 446 356 b.
472 321 528 355 lin.
552 322 574 357 7
600 332 662 367 pro
689 318 709 353 ὑ
724 318 889 364 συχᾶζειν
912 321 981 365 leg.
1005 317 1219 363 ἡσυχάζειν.

217 382 296 416 pag.
323 370 389 403 190
411 380 443 402 a.
469 368 522 401 lin.
547 369 569 402 4
593 369 635 401 ab
659 369 717 400 inf.
745 379 806 411 pro
836 368 958 408 1'111,
983 367 1025 400 37
1049 378 1162 412 repon.
1195 366 1298 406 Vll,
1321 366 1377 401 37.
1394 384 1439 390 —-
1458 375 1528 410 pag
1569 364 1632 398 194
1659 364 1712 398 lin.

440 416 491 448 12.
518 416 561 447 cs.
588 414 748 447 Lelmcrt.
775 413 827 445 De
852 414 942 446 l'oed.
967 413 1070 446 lonic.
1097 424 1128 456 p.
1154 412 1209 446 36.

218 473 296 507 pag.
322 462 389 495 213
412 460 470 493 lin.
495 462 526 494 2.
552 459 678 502 Negris
704 470 764 502 pro
789 457 890 492 κατ’
923 455 1041 492 αὐτὸν
1065 458 1201 502 scripsit
1223 453 1319 499 μετ’
1344 453 1472 490 αὐτόν.

216 521 295 554 pag.
322 508 388 541 214
412 507 443 540 b.
469 506 525 539 liu.
552 507 591 538 11
619 516 680 549 pro
706 504 756 545 X,
781 505 835 538 85.
861 505 925 549 leg.
953 504 1033 545 IX,
1058 503 1112 538 85.
1138 503 1214 547 (ubi
1238 513 1324 536 nunc
1349 502 1437 535 cons.
1464 501 1568 544 nott.)
1593 521 1638 526 —
1662 500 1713 534 Ad

435 564 467 596 p.
498 552 564 585 217
589 562 661 594 seq.
699 550 743 583 de
775 551 902 584 Croeso
939 550 1082 584 flammis
1108 551 1234 582 tradito
1270 550 1313 582 cf.
1350 548 1521 581 Welcker.
1558 547 1591 580 in
1621 547 1713 580 Mus.

434 597 588 630 Rlienan.
612 596 658 637 ll,
683 597 715 629 4.
742 607 820 640 pag.
845 597 913 630 504
936 602 1018 633 not..
1049 596 1090 629 ad
1119 597 1276 629 Graecas
1300 594 1432 627 fabulas
1455 594 1523 628 ista
1547 593 1712 626 referens.

215 657 293 692 pag.
321 645 386 678 219
410 643 464 675 liu.
490 643 522 677 3.
572 643 637 675 Pro
662 638 812 685 ἡσυχίης
838 643 964 683 Negris
987 642 1091 674 edidit
1114 639 1364 682 λειποψυχίης.

215 703 294 739 pag.
319 692 387 724 220
410 689 466 743 liq.
489 690 522 742 9.
572 688 639 721 Pro
673 685 789 732 ἀρχὴν
823 689 953 722 Barker
985 689 1017 721 in
1043 688 1153 721 Closs.
1178 688 1289 721 lourn.
1325 688 1345 722 l.
1371 685 1392 719 1.
1427 695 1460 729 p.
1485 684 1552 719 375
1584 682 1714 717 mavult

435 746 543 778 ανηρ.

215 794 294 828 pag.
319 783 386 816 226
409 781 443 814 b.
468 781 523 813 lin.
548 780 579 814 2.
627 780 694 813 Pro
720 780 747 819 1,
774 781 806 814 8.
832 779 897 823 leg.
923 780 952 820 1,
980 780 1074 813 107.

215 841 291 874 pag.
318 829 385 862 236
409 838 460 872 cp.
485 827 542 860 93.
568 825 644 858 init.
668 825 791 859 Mirum
815 825 849 858 in
874 825 1006 858 modum
1030 826 1114 858 haec
1137 827 1249 859 tentat
1274 823 1418 858 Barker.
1443 821 1466 856 l.
1490 821 1514 858 l.
1536 832 1569 866 p.
1596 820 1675 855 375.

215 886 293 920 pag.
318 875 383 908 239
408 884 438 906 a.
464 870 519 905 lin.
548 874 577 905 1.
602 872 632 904 2.
683 872 763 903 Post
791 872 976 904 Uzandler.
1002 871 1109 904 adde.-
1136 872 1230 914 (cap.
1256 872 1326 911 78.)

215 932 295 966 pag.
321 921 388 954 242
412 919 468 951 lin.
498 919 526 950 1.
551 919 584 950 2.
634 916 684 949 Ad
707 928 823 950 vocem
847 917 990 949 πεσσῶν
1016 917 1104 949 conf.
1132 916 1297 950 Matthiae
1322 917 1385 948 Gr.
1412 915 1476 949 Gr.
1501 923 1579 957 pag.
1606 911 1681 946 150.

214 978 292 1012 pag.
317 966 383 1000 245
407 965 440 998 b.
467 963 525 996 lin.
551 964 592 996 21
622 963 665 995 ab
684 962 744 995 inf.
770 973 830 1006 pro
853 964 1027 1006 pri-vatus
1051 962 1220 995 scribend.
1242 962 1361 1005 privat
1372 972 1406 1001 a,
1431 966 1466 993 et
1488 960 1589 1004 paulo
1612 968 1715 1001 supe-

433 1009 504 1042 rius
528 1009 636 1052 Atqui
660 1020 720 1053 pro
747 1012 789 1042 At
818 1011 888 1052 qui.

213 1069 292 1104 pag.
315 1056 384 1091 274
407 1061 477 1088 not.
522 1056 572 1087 Ad
600 1065 714 1087 vocem
737 1055 849 1099 Spaco
874 1057 1014 1087 annotat
1036 1054 1206 1087 Hammer.
1229 1052 1264 1085 in
1288 1050 1418 1086 Annali.
1442 1049 1562 1082 Vienn.
1585 1047 1712 1081 XLIX.

436 1104 516 1135 Anz.
544 1100 591 1133 ΒΙ.
619 1112 650 1145 p.
677 1100 731 1134 24.
758 1101 848 1145 apud
876 1101 1000 1133 Persas
1025 1101 1205 1132 etiamnum
1231 1110 1346 1131 canem
1371 1095 1486 1129 vocari
1510 1095 1623 1129 Isbah.

213 1161 293 1195 pag.
321 1148 387 1183 275
413 1148 445 1181 b.
470 1147 526 1180 lin.
555 1148 597 1180 17
621 1147 663 1179 ab
688 1146 746 1178 inf.
774 1158 835 1191 pro
860 1143 1052 1189 yavcuncig
1070 1144 1244 1180 scribend.
1270 1140 1471 1188 γυναικὸς.

214 1207 292 1240 pag.
316 1196 382 1229 301
409 1195 440 1227 b.
467 1193 523 1226 lin.
549 1193 579 1225 4.
630 1192 696 1225 Pro
726 1193 766 1232 V,
792 1192 826 1227 3.
852 1193 908 1227 92.
936 1192 1106 1225 scribend.
1136 1192 1175 1232 Γ,
1200 1192 1244 1224 92
1269 1193 1301 1233 ᾗ.
1325 1190 1356 1224 3.

213 1253 291 1286 pag.
316 1241 383 1274 312
408 1252 439 1273 a.
465 1239 521 1272 lin.
550 1240 601 1272 10.
650 1238 718 1271 Pro
735 1241 835 1281 frus-t
847 1250 896 1271 ra
919 1239 1089 1272 scribend.
1111 1241 1250 1281 frusta.

213 1299 292 1333 pag.
317 1287 384 1321 317
408 1286 465 1319 lin.
490 1286 523 1319 7.
570 1284 672 1324 Quod
696 1283 743 1317 ibi
768 1295 842 1318 cum
867 1285 1192 1327 Schweighaeusero
1217 1282 1313 1327 posui
1335 1279 1494 1325 μάλιστα
1518 1289 1579 1323 pro
1603 1275 1716 1321 μάλα,

433 1329 608 1376 postmodo
632 1330 702 1362 vidi
736 1330 779 1364 ab
806 1330 878 1375 ipso
903 1331 1228 1374 Schweigliaeusero
1253 1327 1400 1362 damnari
1433 1328 1468 1360 in
1495 1325 1619 1358 Lexico
1644 1324 1716 1356 He-

432 1377 540 1410 rodot.
567 1376 619 1413 11,
645 1387 677 1420 p.
704 1376 779 1415 81,
804 1377 863 1409 ubi
887 1389 1002 1411 vocem
1026 1374 1186 1419 μάλιστα
1211 1387 1251 1408 ex
1275 1376 1574 1418 interpretamento
1597 1371 1633 1403 in
1658 1381 1716 1402 co-

430 1423 541 1456 dicem
564 1422 920 1456 Scbellersliemianum
943 1423 1112 1456 invectam
1138 1422 1250 1455 videri
1275 1420 1415 1454 iudicat.

213 1494 290 1528 pag.
314 1481 383 1516 323
406 1483 475 1514 not.
502 1481 535 1514 b.
560 1479 616 1513 lin.
641 1480 663 1513 3
688 1480 730 1512 ab
754 1479 813 1512 inf.
848 1479 935 1513 Add.
964 1480 1135 1513 Hammer.
1165 1479 1198 1511 in
1223 1478 1354 1511 Annali.
1381 1476 1499 1510 Vienn.
1524 1474 1654 1509 LXVII
1678 1485 1713 1517 p.

432 1526 497 1568 35,
525 1526 582 1571 qui
605 1526 691 1558 idem
717 1525 951 1569 Mongolorum
976 1526 1084 1570 legem
1109 1537 1129 1559 a
1153 1525 1379 1569 Zingischaue
1402 1526 1506 1558 latam
1530 1527 1716 1560 memorat;

434 1584 476 1605 ne
507 1572 541 1605 in
565 1583 686 1616 aquam
711 1573 912 1616 mingereut.

214 1631 293 1666 pag.
318 1620 386 1654 327
409 1617 468 1652 lin.
492 1618 524 1651 4.
575 1618 640 1650 Pro
664 1617 726 1651 καὶ
754 1616 870 1661 ἀρχὴν
895 1617 1036 1651 Baiker.
1062 1616 1082 1650 l.
1108 1617 1128 1650 l.
1155 1616 1258 1650 scribi
1283 1616 1356 1649 vult
1378 1613 1456 1649 κατ’
1486 1611 1612 1657 ἀρχήν.

213 1678 292 1712 pag.
317 1665 395 1700 334.
443 1664 496 1697 De
524 1663 687 1707 Triopico
711 1665 864 1707 Apolline
899 1665 943 1696 cf.
968 1663 1108 1696 Censor.
1134 1663 1314 1696 Halensem
1342 1663 1439 1696 1834.
1475 1662 1626 1704 Erganz.
1661 1659 1713 1693 ΒΙ.

435 1720 488 1743 nr.
514 1710 578 1743 112
604 1721 681 1753 pag.
708 1711 771 1743 891
799 1721 894 1754 seqq.

144 1780 146 1783 v
215 1769 294 1803 pag.
319 1756 387 1791 334
405 1757 444 1790 b.
471 1755 528 1788 lin.
555 1755 597 1788 14
620 1756 662 1788 ab
687 1755 745 1788 inf.
792 1755 859 1788 Pro
886 1755 1099 1799 immigratz's
1122 1765 1239 1799 repon.
1265 1752 1441 1797 ingressis.
1490 1751 1575 1785 Ibid.
1601 1763 1633 1785 a.
1657 1750 1716 1785 lin.

436 1803 457 1835 2
482 1801 523 1834 ab
548 1800 609 1834 inf.
633 1801 698 1843 leg,
725 1797 975 1844 ἀρχηγέτην,

215 1860 295 1894 pag.
321 1848 388 1882 338
413 1848 446 1880 b.
471 1847 530 1879 lin.
553 1846 574 1879 9
600 1847 643 1880 ab
668 1847 727 1879 inf.
779 1848 844 1879 Pro
870 1848 954 1879 Riro
980 1846 1083 1879 scrib.
1115 1845 1208 1877 Piro.

216 1906 295 1940 pag.
321 1894 388 1929 345
414 1896 483 1926 not.
509 1893 542 1926 b.
564 1891 620 1925 lin.
646 1893 667 1925 2
691 1903 785 1937 seqq.
814 1892 864 1925 De
888 1894 1037 1936 Smyrna
1063 1893 1150 1924 conf.
1179 1890 1366 1924 Prokesch.
1387 1889 1420 1923 in
1441 1888 1572 1924 Annall.
1595 1887 1715 1922 Vienn.

435 1937 565 1972 LXVII
590 1940 675 1971 Anz.
700 1938 753 1973 ΒΙ.
778 1950 810 1983 p.
833 1940 877 1972 60
901 1951 972 1983 seq.
997 1940 1040 1972 71
1067 1949 1162 1982 seqq.

218 1998 295 2031 pag.
320 1986 387 2020 367
413 1997 442 2018 a.
467 1984 525 2018 lin.
551 1985 571 2018 8
597 1989 675 2028 post
696 1984 847 2018 Flamin.
873 1985 1041 2018 inserend.
1066 1994 1169 2027 pag.

218 2044 295 2077 pag.
319 2033 385 2066 367
410 2044 442 2065 a.
467 2030 524 2063 lin.
558 2032 600 2063 10
624 2031 666 2063 ab
692 2030 750 2063 inf.
784 2031 870 2064 Add.
895 2031 1009 2064 Micali
1026 2030 1142 2063 Storia
1167 2028 1238 2061 Vol.
1256 2028 1302 2069 Π,
1327 2039 1402 2073 cap.
1427 2026 1495 2062 XX
1520 2039 1554 2071 p.
1583 2026 1628 2061 54
1643 2037 1716 2071 seq.

436 2077 504 2111 336
528 2087 599 2120 seq.
626 2097 670 2102 —
696 2077 747 2110 De
765 2077 942 2110 Cadmaea
967 2076 1114 2110 victoria
1134 2076 1181 2108 cf.
1208 2075 1298 2107 Plut.
1325 2075 1410 2108 Mor.
1434 2085 1468 2117 p.
1488 2074 1554 2107 488
1575 2074 1615 2107 A.

221 2135 298 2169 pag.
321 2124 389 2158 359
414 2134 466 2167 cp.
496 2123 558 2156 167
582 2122 638 2155 liu.
663 2123 694 2156 6.
721 2124 753 2156 7.
803 2123 916 2156 Micali
941 2122 1085 2165 (Storia.
1111 2122 1144 2154 d.
1168 2121 1245 2154 Ital.
1269 2121 1302 2153 ll
1328 2132 1359 2164 p.
1388 2121 1480 2163 171.)
1504 2119 1591 2152 hanc
1623 2119 1718 2162 lega-

437 2168 559 2201 tionem
577 2168 688 2201 Caere
711 2168 859 2213 Delphos
883 2169 1018 2202 missam
1042 2167 1189 2211 explicat
1216 2179 1235 2199 e
1258 2167 1342 2210 legis
1365 2166 1596 2199 theocraticae
1619 2176 1716 2198 seve·

437 2215 540 2248 ritate
559 2214 693 2247 nimium
717 2221 876 2259 quantum
901 2215 991 2259 apud
1014 2214 1181 2247 Etruscos
1202 2218 1337 2246 veteres
1360 2211 1555 2246 obtinentis.

220 2284 298 2317 pag.
325 2273 392 2307 370
416 2282 490 2316 cap.
519 2272 584 2305 167
607 2271 663 2303 lin.
691 2273 708 2305 1
734 2283 830 2316 seqq.
855 2270 979 2313 Attigit
1002 2270 1085 2303 haec
1107 2270 1196 2302 Gell.
1215 2269 1466 2313 (Topography
1490 2268 1527 2300 of
1543 2268 1628 2301 Rom
1651 2267 1718 2302 and

435 2318 479 2350 its
494 2317 637 2360 vicinity
664 2318 676 2350 Ι
702 2329 779 2361 pag.
805 2318 880 2358 27.)
904 2317 961 2349 ubi
985 2316 1106 2357 locum,
1130 2315 1163 2347 in
1184 2327 1250 2359 quo
1277 2317 1319 2348 ab
1339 2314 1510 2357 Agffllaeis
1536 2314 1607 2347 sive
1628 2315 1718 2348 Cae-

436 2363 559 2396 ritibus
584 2363 616 2396 hi
637 2363 709 2396 ludi
732 2363 866 2405 fuerint*
880 2361 1063 2402 celebrati,
1087 2361 1192 2394 fuisse
1215 2361 1287 2393 vult
1313 2360 1345 2393 in
1367 2360 1525 2404 planitie,
1553 2371 1641 2405 quae
1664 2361 1718 2393 in-

439 2410 493 2442 fra
519 2408 629 2442 Caere
653 2408 741 2452 (sive
766 2412 804 2441 ut
827 2420 913 2441 nuuc
937 2412 1064 2441 vocant
1096 2407 1300 2448 Cervetere)
1326 2417 1418 2440 mare
1442 2417 1562 2439 versus
1586 2406 1716 2448 tendit3

440 2454 487 2488 ibi
519 2466 653 2499 quoque
687 2455 797 2489 adhuc
830 2454 943 2498 plures
982 2465 1058 2486 esse
1093 2454 1240 2486 tumulos
1274 2452 1463 2496 fluviosque
1500 2452 1647 2486 Vaccina
1683 2458 1719 2486 et

440 2501 674 2544 Sanguinara,
711 2500 807 2533 cuius
830 2500 935 2544 ipsius
959 2510 1076 2532 nomen
1101 2499 1144 2532 ad
1169 2500 1255 2533 hanc
1279 2498 1406 2531 cladem
1430 2498 1718 2542 sanguinolentam

440 2547 563 2580 referri
586 2558 685 2591 posse
707 2546 795 2579 idem
819 2545 965 2579 coniicit.

225 2603 301 2637 pag.
326 2594 394 2628 370
419 2604 471 2638 cp.
500 2593 562 2627 167
596 2593 650 2627 lin.
671 2593 703 2626 6.
751 2592 803 2625 De
828 2592 993 2625 Oenotria
1024 2591 1113 2624 conf.
1146 2589 1266 2624 Micali
1297 2590 1320 2623 l.
1354 2592 1377 2624 l.
1411 2589 1428 2623 I
1459 2600 1537 2634 pag.
1562 2590 1617 2624 55.
1650 2590 1719 2625 316

441 2650 536 2683 seqq.
562 2637 724 2683 imprimis
747 2638 832 2679 318,
864 2638 920 2682 qui
947 2637 1143 2670 Oenotriam
1167 2642 1350 2669 extremam
1383 2635 1473 2669 illam
1496 2635 1616 2671 Italiae
1637 2648 1719 2681 par-

443 2691 512 2717 tem
536 2684 613 2717 olim
634 2688 788 2717 vocatam
812 2695 888 2716 esse
912 2689 1040 2724 censet,
1064 2694 1162 2728 quam
1177 2682 1331 2724 Oenotri,
1361 2682 1529 2715 Oscorum
1552 2694 1634 2726 gens
1660 2694 1720 2716 ea-

441 2742 509 2775 que
533 2730 716 2774 primitiva,
741 2729 953 2772 incoluerint,
978 2740 1144 2774 quamque
1160 2728 1286 2761 Graeci
1306 2728 1361 2761 vel
1386 2732 1505 2773 postea
1529 2729 1577 2762 ita
1601 2729 1717 2774 appel-

444 2776 565 2818 larint,
599 2788 700 2820 quum
724 2776 802 2809 nulli
827 2776 969 2820 amplius
993 2775 1137 2809 Oenotri
1159 2774 1193 2808 in
1215 2774 1269 2808 his
1292 2773 1489 2818 regionibus
1512 2774 1717 2809 habitarent.

227 2832 305 2866 pag.
330 2821 397 2855 382
422 2820 477 2857 Ιῐιι.
504 2824 534 2856 1.
559 2833 620 2867 pro
645 2819 729 2856 α’κὸ
755 2824 824 2866 leg.
846 2819 933 2858 οἷπὸ
