1839 3292
39 462 105 508 69

537 205 882 243 URANIA.
939 204 1068 242 VIII.
1371 207 1429 246 93

172 321 306 373 ,,ει’σι,
339 320 382 360 οἳ
411 314 457 358 ἐν
487 313 724 370 συμμάχων
751 310 867 370 λόγῳ
896 312 1095 368 λέγονται
1123 309 1259 365 εἶναι,
1288 310 1431 363 ἐόντες

170 383 430 440 ,,Λι’γυ’πτιοί
468 399 512 426 τε
554 383 627 425 καὶ
663 380 857 437 Κύπριοι
885 381 958 423 καὶ
985 382 1158 431 Κίλικες
1196 379 1271 423 καὶ
1310 379 1487 435 Uetti-25

1482 433 1585 461 Nihilo
1603 435 1699 463 minus
1713 443 1760 463 se-

168 456 344 509 ,,φυλοι,
372 455 462 495 τῶν
491 449 651 506 ὄφελός
683 449 771 492 ἐστι
803 447 974 492 οὐδέν.“
1037 451 1185 491 Ταῦτα
1214 447 1426 504 λεγούσης
1484 469 1589 506 ᾳμῑοω
1616 469 1738 496 consilio

1484 502 1574 530 Xerxi
1593 502 1728 536 probato,

167 519 280 574 πρός
321 518 607 572 Μαρδόνιον,
649 516 747 560 ὅσοι
776 516 855 571 μὲν
883 513 996 572 ἦσαν
1026 516 1176 560 εὔνοοι
1203 519 1256 573 τῇ
1283 514 1424 570 Ἀρτε-
1482 536 1605 563 Persica
1623 536 1728 562 classis

1483 569 1632 595 Graecam
1657 576 1710 603 ag-

167 589 289 644 μισίῃ
324 585 559 643 συμφορήν
599 585 824 628 ἐποιεῦντο
854 583 959 634 τούς
987 583 1168 639 λόγους,
1199 583 1258 634 ὥς
1288 582 1426 627 κακόν
1480 610 1640 640 gressum,

167 672 210 699 τι
239 656 491 711 πεισομένης
519 653 629 708 πρὸς
658 651 868 708 βασιλέος,
900 651 966 694 ὅτι
997 649 1080 694 οὐκ
1109 651 1157 708 ἐᾷ
1185 653 1429 708 ναυμαχίην

169 722 419 766 ποιέεσθαι·
450 724 493 766 οἱ
522 722 567 764 δὲ
595 719 849 775 ἀγαιόμενοί
877 734 922 762 τε
950 719 1024 762 καὶ
1054 719 1319 774 φθονέοντες
1350 719 1485 763 oid-30

170 795 245 847 τῇ,
287 789 359 832 ἅτε
398 789 444 832 έν
479 787 691 843 πρώτοισι
719 787 995 844 τετιμημένης
1036 787 1107 831 διὰ
1136 787 1312 831 πάντων
1340 791 1429 830 τῶν

141 856 425 913 Ξσυμμάχων,
455 858 684 914 ἐτέρποντο
714 859 769 911 τῇ
798 857 928 910 κρίσι,
960 854 1018 908 ὥς
1040 854 1330 913 ἀπολεομένης
1351 853 1428 899 αυ’-

168 1049 298 1102 ἒόντες
309 1050 541 1107 Αἰγύπτιοι]
558 1054 631 1100 Qui
650 1052 769 1091 iidem

112 1113 286 1148 omnium
323 1113 465 1162 optime
493 1125 680 1162 pugnasse
712 1110 768 1146 di-

112 1175 250 1205 cuntur
286 1169 397 1216 VIII,
440 1171 504 1208 17.
552 1167 651 1204 Add.
686 1168 768 1214 ΥΙΙ,

112 1226 179 1264 89.
217 1226 274 1260 De
297 1225 440 1276 Cypriis
469 1223 546 1261 vid.
575 1226 664 1271 VII,
701 1225 767 1271 90,

113 1279 161 1316 de
192 1280 358 1318 Cilicibus
388 1288 423 1318 et
445 1280 652 1331 Pamphylis
685 1280 766 1326 VII,

112 1338 181 1376 91.
215 1337 276 1373 Ad
306 1336 408 1374 hunc
437 1345 563 1374 autem
584 1335 768 1373 Herodoti

111 1392 240 1430 locum
269 1393 515 1434 Valckenaer.
546 1394 659 1429 refert
686 1394 768 1428 De-

111 1456 221 1487 metr.
241 1451 298 1485 De
319 1451 411 1486 eloe.
435 1451 470 1494 ξ.
490 1452 553 1497 63,
579 1448 672 1486 illud
693 1448 764 1485 ad‹

112 1504 203 1542 dens
224 1507 302 1543 vim
324 1507 528 1542 verborum
556 1509 638 1544 ταῖν
667 1502 766 1554 ὄφε-

109 1558 177 1607 λός
194 1561 272 1600 ἐστι
290 1558 406 1601 οὐδὲν
416 1569 498 1599 tum
513 1564 682 1598 maxime
693 1575 764 1612 ap-

108 1630 253 1668 parere,
264 1620 294 1655 si
304 1621 532 1656 contrariam
548 1626 761 1670 spectemus

109 1673 314 1712 dictionem
325 1670 379 1714 ὧν
390 1691 426 1714 τι
437 1674 502 1714 καὶ
516 1671 761 1724 ὅφελόςέστιτ

110 1744 252 1781 quorum
273 1746 357 1769 usus
377 1733 512 1782 quidem
524 1737 584 1780 est,
605 1734 629 1771 i.
648 1746 680 1769 e.
703 1735 765 1781 qui

102 1791 403 1838 praestantissimi
440 1793 544 1839 utque
580 1790 765 1826 utilissimi

108 1848 211 1891 sunt,
240 1846 324 1882 coll.
345 1847 491 1883 Aelian.
521 1847 566 1882 N.
590 1848 636 1882 A.
657 1847 762 1893 XIII,

109 1900 148 1940 4.
168 1901 320 1938 Aristid.
338 1904 387 1941 T.
409 1904 460 1938 111
482 1916 518 1953 p.
535 1905 625 1943 686.
640 1905 764 1939 Hem-

108 1955 266 1996 sterhus.
288 1957 501 1995 adLucian.
519 1960 622 1998 Tim.
647 1960 761 2004 §.55.

108 2013 159 2049 T.
178 2015 196 2048 Ι
216 2027 302 2065 pag.
336 2014 416 2056 436
438 2017 522 2066 Bip.
553 2015 763 2053 Lare-herus

108 2070 250 2106 Gallice
291 2072 343 2108 sic
377 2073 576 2122 expressit:
619 2073 764 2124 peuples

108 2125 224 2164 ldches
245 2131 277 2164 et
300 2129 536 2179 me'prisubleS.

303 2219 395 2270 cap.
415 2220 558 2256 LXIX.

164 2295 378 2349 συμφορήν
410 2298 633 2350 ἐποιεῦντο]
674 2299 761 2338 Vid.

109 2352 184 2389 citt.
206 2353 253 2390 ad
273 2355 322 2402 V,
346 2354 384 2395 5.
416 2356 532 2406 Seqq.
557 2355 609 2403 ὥς
636 2354 761 2396 κακόν

108 2422 146 2446 τι
172 2409 426 2460 πεισομένης,
468 2414 589 2463 attigit
627 2413 761 2451 Matth.

109 2465 174 2500 Gr.
195 2466 258 2504 Gr.
281 2468 315 2512 ς.
338 2468 417 2508 568
445 2481 534 2519 pag.
570 2473 686 2509 1121.
711 2491 760 2498 -

111 2515 185 2559 οὔκ
205 2520 251 2575 ἐᾷ
271 2530 324 2560 est
344 2523 582 2573 dissuadebat,
603 2533 645 2563 ut
664 2528 763 2575 VIII,

164 2628 410 2684 ἄγαιόμενοι]
440 2637 465 2674 i.
488 2652 522 2675 e.
544 2640 758 2687 invidentes,

108 2694 353 2727 succensentes.
386 2693 493 2731 Conf.
523 2696 664 2733 Herod.
694 2698 756 2743 Vl,

108 2747 158 2785 61
192 2753 228 2782 et
255 2746 426 2784 Eustath.
456 2749 503 2787 ad
532 2752 639 2789 Iliad.
669 2755 758 2790 XIV

106 2813 146 2851 p.
186 2803 289 2852 957,
320 2806 374 2844 20
402 2805 491 2843 Bas.
539 2808 623 2857 (ubi
660 2810 759 2846 inter

825 1055 897 1090 alia
918 1052 1011 1091 hoc:
1045 1048 1131 1106 ἆγαῖ
1154 1050 1208 1093 ’td
1245 1054 1395 1103 φθονῶ
1415 1050 1485 1091 καὶ

825 1111 1031 1162 μέμφομαι
1070 1105 1120 1149 οὗ
1159 1106 1400 1162 παράγωγον
1438 1106 1484 1148 τᾶ

826 1163 970 1218 οἷγαίω)
994 1174 1029 1203 et
1049 1166 1097 1204 ad
1116 1166 1224 1204 Iliad.
1245 1167 1375 1203 XXIV
1393 1179 1483 1217 pag.

828 1227 953 1271 1363,
976 1226 1000 1264 9
1028 1237 1056 1260 5.
1082 1224 1183 1264 1501
1203 1251 1215 1271 ‚
1257 1226 1292 1263 1.
1315 1223 1385 1260 Cr.
1407 1222 1482 1259 huc

824 1280 987 1316 conferri
1007 1281 1098 1318 vult.
1126 1278 1259 1331 Odyss.
1280 1281 1379 1327 ΥΙΙΙ,
1402 1279 1483 1320 565

825 1343 862 1372 et
883 1337 1062 1386 Apollon.
1089 1337 1185 1373 Lex.
1207 1339 1364 1373 Homer.
1394 1349 1481 1387 pag.

827 1395 890 1432 16.
917 1396 978 1433 17.
1009 1394 1227 1429 Locutiouis
1249 1392 1291 1432 έν
1307 1391 1483 1444 πρώτοις

822 1450 1038 1499 (praecipue,
1061 1450 1243 1499 inprimis)
1269 1450 1367 1485 bene
1397 1463 1483 1486 me-

820 1518 906 1541 mor
926 1506 996 1542 fuit
1009 1505 1222 1544 Blomfield.
1241 1505 1289 1542 ad
1301 1504 1481 1558 Aeschyl.

820 1563 925 1599 Pers.
946 1562 1041 1603 449.
1101 1563 1298 1600 Genitivus
1326 1577 1483 1613 τετιμη-

820 1618 959 1669 μένης,
1011 1620 1075 1655 ubi
1107 1632 1197 1656 saue
1237 1621 1481 1671 exspectabas

818 1673 1076 1729 τετιμημένῃ,
1117 1690 1166 1712 ne
1197 1689 1314 1727 quem
1354 1676 1481 1714 offen-

820 1731 905 1779 dat3
927 1732 1012 1768 vide
1032 1732 1148 1769 modo
1166 1733 1264 1781 VIII,
1287 1736 1354 1774 90.
1380 1735 1480 1781 1083

818 1803 867 1825 ne
888 1790 1009 1840 plura.
1049 1791 1266 1826 Dictionem
1287 1788 1354 1829 διοῖ
1373 1786 1480 1830 πάν-

816 1861 896 1885 των
917 1848 1023 1897 attigi
1043 1846 1091 1884 ad
1112 1848 1218 1896 VIII,
1241 1849 1306 1888 37,

874 1961 925 2011 τῇ
945 1957 1070 2011 κρίσι]
1084 1963 1138 1998 Ita
1160 1974 1248 1998 cum
1262 1958 1482 2011 Schweigh.

821 2023 856 2052 et
878 2016 994 2055 Gaisf.
1027 2031 1047 2053 e
1079 2018 1226 2055 duobus
1257 2017 1367 2054 codd.
1394 2017 1482 2054 dedi

818 2086 888 2123 pro
931 2070 1114 2123 α’νακρίσι
1131 2105 1140 2121 ,
1188 2074 1292 2127 quod
1332 2081 1482 2124 praeter

820 2128 1070 2167 Schaesermn
1100 2133 1214 2168 etiam
1243 2133 1481 2168 retinuerunt

819 2185 954 2228 matth,
974 2185 1033 2238 (in
1057 2190 1123 2225 Gr.
1153 2190 1219 2226 Gr.
1242 2190 1278 2234 ξ.
1300 2191 1373 2233 80,
1395 2195 1477 2225 not.

819 2246 845 2283 2
866 2256 952 2293 pag.
986 2246 1061 2285 179
1084 2243 1218 2297 citans)
1242 2252 1279 2282 et
1298 2242 1480 2295 Bekker„

819 2300 1000 2352 quodque
1016 2303 1142 2339 minus
1165 2309 1266 2339 recte
1292 2303 1481 2352 interpre-

818 2363 946 2393 tantur
983 2362 1209 2406 senfflntiam,
1252 2372 1341 2396 cum
1375 2354 1479 2398 cc'va'-

818 2427 944 2464 κρισις
957 2417 1080 2464 potius
1093 2418 1138 2453 sit
1159 2417 1375 2465 disceptatio,
1394 2429 1478 2452 exa-

817 2483 912 2516 men,
944 2478 986 2507 ut
1012 2473 1084 2519 ΙΙΙ,
1117 2473 1195 2519 53,
1228 2473 1356 2520 κρίσις
1385 2486 1476 2510 vero

818 2527 988 2564 iudicium
1003 2559 1012 2573 ,
1059 2536 1122 2564 aut
1167 2529 1394 2578 disceptatio,
1434 2536 1477 2567 ut

819 2584 865 2630 Υ,
880 2584 917 2624 5.
941 2585 1020 2632 VII,
1043 2587 1109 2625 26.
1141 2584 1202 2621 Ad
1222 2586 1383 2622 verbum
1403 2601 1477 2625 κα-

812 2635 982 2688 ταδόξας
1001 2640 1078 2678 vid.
1110 2642 1221 2678 allata
1249 2641 1297 2678 ad
1316 2644 1389 2691 ΙΙΙ,
1420 2646 1474 2683 27

816 2703 853 2732 et
903 2696 951 2733 ad
996 2700 1200 2747 praesentis
1241 2699 1475 2737 infinitivum

815 2752 1089 2793 ἐθελοκακέειν
1130 2754 1264 2794 Matth.
1301 2758 1367 2794 Gr.
1408 2758 1472 2794 Gr.

816 2811 853 2855 ἓ.
872 2809 951 2850 499
977 2824 1065 2862 pag.
1087 2811 1180 2852 944.
