1839 3292
389 201 474 250 150
787 210 1247 250 HERono'rr

387 315 715 372 ,,ἆλισκομένων
760 333 831 374 γε,
881 317 910 373 ἢ
960 317 1046 371 πρὸ
1087 317 1248 362 τούτου
1296 319 1646 376 ὁμολογεόντων·

390 384 590 442 »τροφήν
613 401 656 428 τε
688 388 794 437 ἕξειν
823 383 959 440 σφέας
991 384 1069 427 τὸν
1098 385 1288 428 ἐπέτειον
1318 388 1400 430 αἰεὶ
1428 391 1517 431 τῶν
1551 386 1648 432 Ἐλ-
1705 391 1788 432 670

363 452 538 510 Ἰλήνων
576 453 756 508 καρπόν.
824 451 933 496 ἀλλά
977 453 1144 495 δοκέειν
1173 452 1281 508 γὰρ,
1320 456 1556 510 νικηθέντα
1595 459 1649 513 τῇ

390 522 636 577 ,,ναυμαχίῃ
678 519 731 563 οὐ
767 521 933 576 μενέειν
972 520 1016 563 ἐν
1047 524 1101 576 τῇ
1139 519 1329 578 Εὐρώπῃ
1352 522 1429 565 τὸν
1461 523 1647 577 Πέρσεα·

362 588 570 641 8,,ἐατέον
615 583 676 630 ὦν
717 586 827 632 εἶναι
868 587 1047 643 φεύγειν
1086 589 1128 640 ἐς
1173 587 1199 632 ὃ
1228 589 1351 631 ἔλθοι
1393 590 1571 644 φεύγων
1609 590 1705 642 ἐς35

390 656 497 711 ,,τὴν
548 655 726 699 ἑωυτοῦ.
782 656 830 700 τὸ
873 657 1078 700 ἐνθεῦτεν
1119 657 1163 700 δὲ
1208 657 1307 709 περὶ
1353 660 1428 712 τῆς
1478 656 1649 700 ἐκείνου

389 722 644 777 »ποιέεσθαι
691 723 774 780 ἤδη
814 723 891 767 τόν
933 722 1108 779 ἀγῶνα“
1153 723 1330 768 ἐκέλευε.
1402 722 1574 779 Ταύτης
1605 723 1652 767 δὲ

391 793 557 846 εἴχοντο
601 795 676 846 τῆς
713 791 888 849 γνώμης
924 793 995 835 καὶ
1036 793 1407 849 Πελοποννησίων
1445 795 1536 835 τῶν
1578 790 1654 835 ἅλ-

391 863 480 902 λων
510 861 554 902 οἵ
582 861 824 914 στρατηγοί.

500 925 576 976 Ὡς
615 926 660 969 δὲ
705 928 837 982 ἔμαθε
868 926 933 970 ὅτι
974 926 1028 970 οὐ
1061 929 1198 971 πείσει
1237 926 1344 978 τούς
1383 943 1432 982 γε
1461 926 1654 977 πολλοὺς

393 993 553 1037 πλώειν
583 994 624 1044 ἐς
657 994 733 1038 τὸν
756 995 1075 1051 Ἑλλήσποντον
1105 995 1128 1038 ὁ
1163 995 1493 1050 Θεμιστοκλέης,
1525 997 1710 1049 μετα-40

396 1062 566 1118 βαλώνῗ,
607 1061 718 1116 πρὸς
757 1063 860 1114 τοὺς
887 1062 1147 1120 Ἀθηναίους
1178 1060 1326 1112 (οὗτοι
1353 1063 1438 1119 γὰρ
1469 1062 1654 1120 μάλιστα

237 929 336 974 109

62 993 168 1028 quibus
178 1000 337 1027 argumen-

62 1028 102 1054 tis
120 1026 337 1054 Themistocles

64 1059 260 1087 Athenien-es
273 1082 280 1093 ‚
310 1063 341 1087 ut

63 1096 94 1120 et
115 1093 172 1128 ipsi
197 1094 324 1120 assenti-

64 1131 187 1166 rentur,
206 1135 323 1163 permo-

62 1164 150 1189 vent.

336 1276 378 1313 in
403 1277 558 1327 Europa
578 1277 626 1315 ad
647 1292 778 1330 regem
798 1280 992 1329 accedant,

338 1346 460 1385 quum
472 1334 533 1370 vel
553 1335 589 1370 vi
610 1338 805 1387 capiantur
825 1339 885 1374 vel
907 1345 994 1374 ante

337 1390 478 1427 saciant
519 1389 764 1430 deditionem.
813 1395 886 1431 Ubi
916 1396 995 1431 noli

337 1447 467 1482 mirari
499 1449 682 1497 genitivos
724 1448 995 1502 ἁλισκομένων

337 1509 374 1539 et
395 1501 711 1554 ὁμολογεόντων,
743 1507 995 1557 praecedente

338 1560 550 1596 accusativo
567 1559 705 1608 πόλιας
729 1570 841 1615 atque
853 1563 994 1603 ἔθνεαε

338 1628 430 1652 nam
450 1615 584 1653 eadem
623 1620 716 1655 ratio
755 1621 798 1668 Ι,
832 1624 855 1661 3
884 1628 996 1672 atque

340 1672 455 1708 etiam
498 1674 605 1721 VIII,
651 1689 734 1726 cap.
788 1680 864 1717 109
914 1679 996 1715 init.

341 1726 642 1781 ἐκπεφευγότων
698 1732 998 1785 περιημέκτεον,

343 1785 446 1837 quod
484 1787 591 1823 aliter
629 1790 791 1839 explicat
817 1790 997 1827 Matthiae

343 1842 408 1878 Gr·
456 1843 519 1878 GP·
556 1845 592 1889 §-
633 1845 712 1885 555
752 1859 836 1896 pag.
880 1850 998 1888 1089.

343 1897 421 1934 Sed
452 1898 528 1935 vid.
561 1902 638 1948 IX,
676 1904 741 1942 98.
764 1924 818 1930 -—
857 1904 949 1939 Mox
980 1918 999 1940 e

341 1955 584 2005 Florentino,
632 1957 803 1995 Mediceo
845 1961 1000 2011 aliisque

344 2009 491 2048 duobus
520 2012 631 2050 codd.
667 2028 756 2051 cum
787 2016 999 2053 Gaisfordio

343 2069 538 2119 rescripsi:
571 2069 610 2116 ἐς
632 2068 651 2110 ὃ
679 2070 789 2111 ἔλθοι
819 2073 858 2120 (i.
882 2086 912 2109 e.
936 2073 1000 2110 do-

343 2136 404 2161 nec
450 2125 525 2174 ugci
549 2129 764 2178 pervenerit)
795 2142 863 2179 pro
894 2131 999 2180 vulg.

344 2178 465 2235 ἔλθῃ,
493 2181 597 2233 qnod
617 2183 750 2224 Matth.
778 2192 814 2222 et
834 2184 1001 2223 Bekker.

343 2238 590 2276 retinuerunt.
673 2241 725 2278 At
771 2243 1003 2292 Optativum,

344 2293 375 2330 si
396 2293 488 2345 quid
509 2295 620 2333 video
634 2325 644 2341 ‚
666 2298 738 2334 loci
759 2300 852 2335 ratio
875 2307 1004 2349 postu-

343 2350 409 2387 lat.
440 2351 548 2396 Quod
566 2355 734 2404 sequitur
754 2351 796 2394 τὸ
816 2354 1003 2394 ἐνθεῦτεν

341 2403 408 2455 δὲ,
456 2406 620 2445 iudicat:
671 2417 754 2446 tum
798 2425 910 2459 vero,
973 2413 1003 2448 si

342 2463 500 2500 Graeci&
513 2478 662 2515 prorsus
682 2467 822 2515 relicta,
844 2470 1001 2505 insuam

344 2532 412 2556 rex
447 2520 598 2559 redierit
628 2529 786 2572 terram,
818 2523 866 2560 de
904 2526 1001 2562 illius

346 2573 399 2625 (i.
431 2592 462 2613 e.
491 2579 695 2616 Persarum
733 2583 852 2631 regis)
904 2582 1002 2618 terrai

345 2645 518 2684 pugnam
538 2649 615 2673 esse
637 2637 918 2677 instituendam.

561 2727 653 2777 Cap.
685 2727 784 2765 CIX.

405 2802 637 2855 μεταβαλών
653 2803 754 2859 πρός
772 2804 865 2856 τούς
884 2810 1002 2859 Ἀθη-

1049 1279 1210 1329 ναίους]
1262 1280 1329 1318 His
1358 1280 1477 1330 iungo
1507 1275 1611 1331 ἔλεγέ
1639 1288 1712 1328 σφι

1050 1333 1163 1385 τάδε,
1213 1338 1279 1374 ubi
1318 1338 1455 1374 vocula
1478 1348 1550 1385 σφι
1583 1334 1632 1372 ad
1670 1333 1711 1372 id

1048 1395 1196 1445 ipsum,
1234 1395 1347 1430 nimis
1384 1400 1575 1430 remotum
1612 1388 1714 1443 πρὸς

1050 1447 1145 1497 τούς
1219 1445 1465 1500 Ἀθηναίους
1552 1455 1712 1500 spectat.

1057 1507 1300 1544 Themistocles
1321 1510 1478 1543 mutatus
1509 1518 1540 1543 s.
1569 1517 1714 1542 conver-

1053 1577 1111 1600 sus
1131 1564 1179 1600 ad
1205 1564 1451 1610 Athenienses,
1482 1564 1555 1599 iam
1585 1574 1640 1598 eos
1659 1563 1714 1600 ita

1053 1620 1228 1657 allocutus
1253 1624 1314 1667 est,
1337 1626 1422 1667 aut,
1442 1625 1483 1655 ut
1494 1616 1714 1669 Schweigb.

1054 1677 1091 1712 in
1114 1679 1209 1715 Lex.
1230 1675 1374 1714 Herod.
1405 1676 1566 1713 verbum
1596 1689 1714 1726 μετοι-

1055 1731 1189 1784 βαλών
1209 1733 1353 1770 reddit:
1393 1736 1528 1769 mutato
1572 1731 1715 1768 consilio

1055 1790 1102 1826 acl
1130 1790 1354 1827 Athenienses
1383 1803 1417 1826 se
1445 1791 1661 1833 convertens;
1683 1789 1715 1825 si

1055 1845 1209 1897 quidem
1232 1848 1297 1898 qui
1324 1853 1434 1882 antea
1465 1847 1645 1882 continuo
1667 1843 1716 1881 ad

1054 1904 1344 1953 Hellespontum
1371 1903 1551 1952 navigare
1579 1902 1716 1938 volue-

1055 1967 1124 2007 rat,
1172 1973 1275 1996 nnuc
1314 1958 1520 2010 prudenter
1562 1964 1716 1995 contra-

1055 2017 1155 2052 rium
1172 2017 1314 2053 civibus
1336 2014 1564 2066 persuadere
1575 2014 1714 2053 studet.

1055 2074 1154 2109 Hinc
1183 2080 1282 2109 recte
1314 2074 1447 2122 Negris
1476 2072 1717 2122 participium

1057 2125 1288 2180 μεταβαλών
1337 2130 1494 2179 exponit
1546 2123 1717 2174 α’λλοὲξας

1055 2183 1234 2236 γνώμην.
1273 2186 1442 2222 Verbum
1462 2179 1718 2234 μεταβάλλειν

1057 2244 1136 2292 ipse
1158 2242 1261 2292 attigi
1291 2241 1339 2278 ad
1371 2242 1421 2288 V,
1447 2240 1511 2281 75.
1552 2238 1717 2277 Themi-

1058 2299 1184 2335 stoclis
1228 2300 1306 2334 sive
1352 2296 1597 2334 calliditatem
1638 2298 1717 2334 sive

1060 2353 1301 2405 prudentiam
1327 2355 1439 2391 refert
1470 2365 1623 2406 quoque
1637 2355 1718 2390 Po-

1060 2412 1187 2461 lyaen.
1208 2413 1250 2458 Ι,
1282 2414 1334 2452 30
1357 2412 1392 2455 ξ.
1415 2414 1451 2450 3.
1481 2411 1650 2447 Frontin.
1670 2411 1720 2454 Π,

1062 2471 1086 2508 6
1127 2469 1162 2513 ξ.
1204 2469 1249 2512 8,
1294 2469 1429 2519 quibus
1470 2468 1588 2504 allatis
1627 2467 1719 2503 Val-

1060 2523 1283 2561 ckenaerius
1348 2523 1441 2560 haec
1500 2524 1717 2560 subiunxit:

1059 2580 1326 2617 Themistoclis
1361 2581 1560 2617 consilium
1588 2586 1719 2631 postea

1056 2638 1188 2687 magni
1209 2650 1319 2688 saepe
1350 2644 1437 2674 sunt
1470 2638 1715 2688 imperatores

1056 2695 1196 2731 secuti:
1255 2695 1409 2745 praebet
1460 2695 1554 2731 istoc
1593 2693 1715 2743 capite

1059 2749 1249 2803 quaedam
1300 2750 1477 2801 exempla
1511 2749 1716 2787 Frontinus

1055 2813 1093 2844 et
1133 2807 1302 2845 Africani
1335 2808 1522 2859 Scipionis
1560 2805 1715 2854 dictum,
