1839 3292
281 376 348 422 96
409 375 532 429 ἔργα,
566 370 647 414 οὐκ
678 370 763 413 ἐών
794 369 995 426 Εὐηνίου
1026 377 1139 419 παῖς.

417 440 711 493 ἐκαλλιέρησε,
756 436 924 494 ἀνῆγον
953 436 1030 488 τάς
1064 437 1164 487 νέας
1208 436 1253 479 ἐκ
1288 440 1363 491 τῆς
1393 436 1543 492 Δήλου
1576 434 1688 488 πρὸς

748 507 838 549 ἐπεὶ
868 506 913 549 δὲ
944 505 1144 561 ἐγένοντο
1163 508 1240 559 τῆς
1264 505 1435 559 Σαμίης
1464 503 1574 556 πρὸς
1596 507 1688 547 Κα-

413 575 600 633 λάμοισι,
632 575 675 618 οἱ
701 574 779 629 μὲν
810 574 951 618 αὐτοῦ
981 572 1266 629 ὁρμισάμενοι
1294 571 1406 616 κατα
1434 569 1482 615 τό
1504 570 1690 626 Ἡραῖον

388 643 459 688 Qvo
480 641 639 700 ταύτῃ,
670 642 1039 700 παρεσκευάζοντο
1061 641 1104 693 ἐς
1129 643 1387 698 ναυμαχίην.
1444 642 1488 685 οἱ
1506 640 1552 685 δὲ
1575 640 1718 697 fleo-5

78 444 234 478 postquam
263 442 357 469 sacris

78 477 166 504 factis
176 476 359 510 pen-litasset,

80 510 193 537 Graeci
234 509 355 537 Samum
412 512 489 564 τὴν
519 506 687 562 Σάμον.

80 551 186 570 versus
213 551 320 579 PI’OVC-

79 576 198 604 huntur.
247 577 355 604 Audito

78 610 214 638 hostema
239 612 357 651 propin-

102 652 176 671 uare
186 665 193 678 ,
234 645 322 671 ferus

79 687 94 706 c
107 678 224 705 assiarii
235 698 243 712 ,
270 678 360 704 Samo

411 198 497 240 342

822 193 1283 232 HERODOTI

411 311 490 351 τοῦ
512 303 712 361 Εὐηνίου
736 302 996 357 οὐνόματος,
1028 300 1285 358 ἐξελάμβανε
1311 300 1379 344 ἐπὶ
1398 300 1477 355 τὴν
1499 297 1687 342 Ἑλλάδα

80 712 188 739 relicta
208 713 259 745 [8,
278 711 362 745 130.],

80 745 119 773 ad
136 745 288 784 Mycalen,
306 745 358 772 ubi

79 786 184 813 coplae
205 786 286 812 regis
306 786 358 813 pe-

79 812 196 840 destres
222 815 322 840 caetra

79 845 239 881 habebant,
247 853 280 875 se
289 854 359 875 con-

80 879 192 909 terunt.

361 865 472 913 VIII,
503 866 557 905 26
571 893 581 912 ,
606 862 672 899 ubi
689 860 820 899 similis
837 860 1022 898 confusio.

357 921 421 960 Ad
444 922 560 960 verba
573 915 819 971 ἐπιβατεύων
848 920 920 957 τοῦ
934 913 1023 956 Ev’-

357 979 476 1031 ηνίου
505 973 706 1029 ὀνόματος
735 975 917 1025 (insistens
954 988 1022 1011 no-

357 1038 446 1074 mini
478 1036 503 1072 i.
533 1048 566 1073 e.
606 1046 805 1084 usurpans,
844 1044 1022 1069 assumens

358 1093 494 1131 Euenit
528 1090 676 1140 nomen)
732 1088 811 1128 vid.
851 1095 950 1126 nott.
974 1087 1022 1124 ad

357 1151 433 1196 111,
457 1151 523 1189 63.

414 1200 653 1256 ἐξελάμβανε
679 1199 764 1241 ἐπὶ
787 1198 861 1251 τήν
888 1196 1025 1240 Ἑλλά-

357 1263 408 1303 δα
436 1261 549 1314 ἔργα]
572 1263 647 1298 Pro
670 1258 734 1299 ἐπὶ
745 1257 919 1296 Reiskius
933 1271 1024 1295 con-

356 1321 498 1356 iecerat
528 1318 611 1359 ἒπι
628 1314 715 1363 ὠν,
746 1323 788 1353 ut
808 1317 875 1353 sit:
907 1316 1025 1354 Grae-

358 1379 450 1414 ciam
496 1377 630 1422 obiens3
674 1372 790 1425 idque
840 1373 1025 1423 probante

357 1431 550 1471 Larchero
564 1437 790 1482 receperunt
805 1427 1025 1480 Schweigh.

359 1497 398 1527 et
413 1490 532 1531 Gaisf.
563 1487 641 1526 Sed
660 1494 790 1538 postea
804 1485 1027 1536 Schweigh.

358 1548 400 1583 in
420 1548 516 1585 Lex.
534 1544 677 1583 Herod.
699 1543 937 1592 „videndum
958 1556 1027 1580 ve-

358 1617 424 1651 ro,
454 1605 527 1651 ait,
557 1616 606 1639 ue
626 1604 667 1638 in
691 1600 854 1638 eandem
872 1607 1028 1638 senten-

360 1662 455 1698 tiam
487 1660 609 1697 teneri
638 1659 804 1709 potuerit
831 1658 1026 1695 debuerit-

362 1730 437 1770 que
473 1716 569 1754 adeo
601 1717 787 1752 librorum
828 1716 1025 1765 scriptura,

361 1781 405 1811 ut
427 1787 568 1825 nempe
589 1771 652 1812 ἐπὶ
670 1770 743 1823 τήν
771 1769 938 1812 Ἑλλάδα
960 1784 1027 1808 va-

361 1832 465 1869 leat:
517 1832 649 1882 passim
692 1842 755 1880 per
798 1828 1027 1867 G1·aec2'am.‘'·

363 1890 448 1934 Quo
480 1895 612 1925 tamen
637 1899 750 1923 sensu
789 1886 1027 1938 frequentius

363 1944 502 1982 dicitur
551 1940 575 1983 οἶ
593 1958 616 1982 ν
634 1940 658 1981 οέ
725 1939 798 1992 τήν
844 1941 1026 1981 Ἑλλάδα.

364 2000 444 2040 Sed
470 2002 647 2039 omnium
672 1998 784 2038 codd.
804 2001 1028 2051 scripturam

365 2058 538 2096 deserere
570 2070 660 2095 cum
689 2057 755 2094 vix
778 2058 929 2104 liceret,
966 2069 1030 2092 re-

361 2117 458 2153 tinui
469 2114 533 2156 ἐπὶ
546 2127 636 2152 cum
647 2112 1029 2163 Scl1aefer0,Mattl1.,

361 2174 496 2224 Negris
514 2180 551 2209 et
568 2170 738 2210 Bekker.
781 2171 893 2208 Unde
925 2168 1030 2222 quod

361 2231 479 2279 vulgo
530 2231 848 2279 interpretantur:
908 2240 1029 2278 operas

364 2286 588 2324 vaticinandi
606 2290 727 2323 contra
745 2286 934 2322 Graeciam
951 2298 1028 2322 con-

366 2343 548 2392 duxerat,
579 2344 713 2379 malim
742 2341 924 2379 reddere:
957 2354 1028 2378 au-

367 2401 443 2438 divi
461 2413 536 2438 eum
553 2412 688 2450 operam
702 2412 800 2436 suam
819 2400 874 2448 (in
894 2399 1028 2435 vatici-

366 2456 512 2502 nando)
529 2460 663 2507 passim
674 2469 738 2507 per
749 2457 938 2494 Graeciam
954 2455 1028 2491 elo-

368 2528 463 2551 casse
490 2514 676 2564 (multis);
709 2526 802 2550 nam
830 2508 1029 2563 ἐκλαμβά-

367 2585 452 2609 νειν
480 2570 638 2618 dicitur,
679 2571 745 2622 qui
767 2582 903 2621 operam
926 2581 1027 2606 suam

369 2634 470 2664 certa
498 2628 579 2665 scil.
610 2628 772 2678 pecunia
798 2641 829 2665 s.
852 2624 1028 2663 mercede

369 2691 500 2733 pacta,
537 2684 646 2721 alteri
675 2685 800 2722 elocat.
850 2686 908 2720 De
952 2695 1028 2734 quo

369 2741 484 2777 citant
503 2739 695 2779 Plutarch.
709 2743 843 2791 Pelop.
867 2740 920 2781 25
942 2752 1030 2790 pag.

369 2798 447 2837 291
466 2798 514 2835 Β.
537 2799 574 2834 11
592 2811 682 2850 pag·
702 2801 783 2841 396
802 2799 848 2836 Ε.
892 2797 1031 2849 Polyb.

1206 373 1330 411 Τοῖσι
1355 368 1400 412 δὲ
1421 367 1598 422 ’Ἕλλησι
1630 364 1710 418 cist

1078 862 1154 909 ΙΙΙ,
1187 859 1254 902 42.
1292 861 1422 898 Unum
1457 859 1657 911 negotium
1683 859 1743 897 fa-

1079 918 1189 955 cessit
1219 916 1284 957 ἐπὶ
1318 916 1391 954 haic
1422 919 1580 955 notione
1609 918 1743 969 utique

1078 975 1288 1021 insolitum,
1330 987 1568 1026 quamquam
1584 975 1744 1011 alteram

1079 1032 1108 1068 si
1121 1044 1260 1083 sequor
1273 1033 1636 1082 interpretationem,
1651 1029 1744 1083 quid

1077 1087 1153 1125 hoc
1175 1090 1259 1125 loco
1279 1089 1351 1140 sibi
1369 1089 1459 1125 velit
1480 1092 1601 1126 contra
1627 1089 1746 1126 Grae-

1080 1147 1193 1194 ciam3
1218 1144 1320 1181 haud
1340 1158 1430 1181 sane
1451 1146 1633 1196 percipio.
1663 1146 1745 1182 Ne-

1080 1204 1156 1253 gris
1195 1203 1486 1252 iuterpretatur:
1527 1198 1745 1249 ταξιδεύων

1083 1259 1139 1306 εἰς
1171 1256 1246 1310 τὴν
1271 1256 1438 1298 Ἑλλάδα
1466 1254 1746 1311 ἐχρησμολόγει

1082 1315 1146 1358 ἐπὶ
1163 1318 1300 1369 μισθῷ
1314 1345 1325 1365 ,
1357 1323 1393 1353 et
1414 1314 1509 1368 ἔργα
1545 1311 1747 1366 ἐκλαμβά-

1080 1388 1167 1412 νειν
1188 1373 1292 1410 idem
1313 1387 1391 1411 esse
1412 1374 1463 1410 ait
1497 1379 1612 1426 atque
1633 1372 1746 1426 ἐργο-

1082 1431 1235 1482 λαβεῖν.

1282 1520 1376 1571 Cap.
1407 1519 1545 1558 XCVI.

1142 1597 1196 1646 ὥς
1220 1597 1488 1651 ἐκαλλιέρησε]
1522 1597 1610 1636 Vid.
1649 1606 1748 1638 nott.

1085 1655 1134 1693 ad
1154 1657 1234 1703 VII,
1260 1655 1337 1697 134
1360 1655 1455 1693 etad
1468 1657 1629 1694 verbum
1644 1652 1748 1695 οἶνοί-

1082 1728 1166 1766 γειν
1186 1714 1294 1761 Vnt,
1327 1715 1379 1754 60
1411 1714 1448 1758 ς.
1475 1717 1511 1753 1.
1542 1714 1649 1762 v111,
1679 1716 1749 1754 76.

1082 1772 1176 1807 Mox
1195 1783 1263 1821 pro
1285 1771 1388 1820 νῆας
1410 1771 1562 1820 reposui
1579 1768 1685 1820 νέας,
1704 1777 1748 1808 ut

1082 1829 1161 1875 IX,
1183 1829 1250 1867 97.
1273 1828 1338 1866 98.
1357 1828 1422 1866 99.
1448 1829 1541 1867 106.

1141 1880 1243 1935 πρὸς
1262 1879 1512 1934 Καλάμοισι]
1548 1884 1620 1921 Hic
1641 1884 1748 1922 locus

1084 1942 1150 1979 vix
1192 1939 1346 1977 aliunde
1384 1943 1558 1991 cognitus
1587 1942 1660 1978 nisi
1699 1953 1750 1979 ex

1085 1997 1286 2035 Athenaeo
1302 1998 1412 2045 XIII,
1435 1997 1472 2037 4.
1493 2010 1580 2048 pag.
1603 1997 1685 2038 572
1703 1999 1749 2035 F.

1086 2054 1198 2093 Unde
1218 2055 1374 2091 nuncin
1387 2053 1580 2092 Herodoto
1602 2053 1749 2092 editum

1087 2108 1316 2163 Καλάμοισι
1325 2124 1394 2162 pro
1405 2112 1496 2148 olim
1507 2112 1651 2161 vulgat.
1667 2113 1750 2151 Κα..

1085 2169 1297 2220 λαμίσοισι,
1307 2181 1543 2220 quamquam
1551 2166 1750 2219 Schweig-

1085 2225 1270 2262 haeusero
1299 2223 1554 2262 dubitandum
1583 2224 1747 2274 videtur,

1084 2281 1303 2319 Herodotus
1334 2295 1429 2318 num
1450 2282 1640 2332 scripserit
1660 2284 1749 2321 Κα-

1083 2338 1219 2390 λαμίσι
1252 2352 1300 2375 an
1331 2333 1573 2390 Καλάμοισι.
1593 2360 1650 2366 —-
1688 2340 1748 2376 De

1083 2396 1221 2435 Heraea
1237 2424 1249 2443 ‚
1303 2394 1406 2447 quod
1445 2409 1524 2432 non
1548 2397 1663 2446 longe
1684 2410 1748 2432 re-

1083 2460 1235 2490 motum
1255 2465 1276 2488 a
1295 2453 1393 2489 mari
1426 2453 1540 2490 fuisse
1569 2453 1751 2502 scribunt,

1084 2510 1186 2549 conf.
1206 2517 1302 2548 nott.
1326 2509 1374 2546 ad
1394 2511 1446 2546 III
1462 2539 1471 2557 ,
1505 2512 1571 2551 60,

1139 2564 1477 2617 παρεσκευάζοντο
1517 2565 1558 2612 ἒς
1597 2581 1751 2616 ναυμα-

1085 2623 1194 2675 χίην]
1220 2624 1404 2661 Voculam
1421 2621 1474 2670 ὥς
1493 2629 1581 2659 ante
1601 2622 1640 2670 ἐς
1659 2624 1752 2660 olim

1085 2683 1267 2718 insertam
1293 2682 1470 2731 ignorant
1499 2681 1604 2726 libri,
1634 2679 1750 2731 quisi

1086 2738 1246 2786 ferrent,
1266 2736 1479 2774 tenendum
1498 2738 1628 2789 utique
1655 2733 1750 2771 illud

1088 2802 1190 2832 recte
1216 2796 1343 2832 statuit
1361 2793 1612 2833 Valckenaer.
1631 2793 1750 2830 citans
