1839 3292
372 209 427 248 44

370 320 463 367 λιν,
492 314 603 358 κατὰ
633 315 679 357 δὲ
715 314 973 370 Χαράδρην,

775 205 1234 243 ΗΕΙὶΟΒΟΤΙ

1015 314 1088 357 καὶ
1107 312 1317 368 ’Ἐρωχον,
1350 315 1423 356 καὶ
1457 316 1636 369 Τεθρώ-

373 401 485 432 νιον,
514 384 587 426 καὶ
613 381 892 436 Ἀμφίκαιαν,
923 382 995 424 καὶ
1025 382 1193 429 Νέωνα,
1223 381 1297 423 καὶ
1326 381 1532 433 Πεδιέας,
1564 384 1637 425 καὶ

380 451 575 507 Τριτέας,
608 451 680 492 καὶ
705 448 943 500 Ἐλάτειαν,
976 450 1049 492 καὶ
1074 447 1335 504 Ὑάμπολιν,
1377 450 1450 492 καὶ
1489 454 1635 505 Παρα-

347 548 370 559 ..
347 521 639 574 ίἾποταμίους,
679 533 752 559 και
782 515 936 573 ”·Αβας

1002 518 1110 560 ἔνθα
1145 519 1200 573 ἠν
1231 516 1331 570 ἱρόν
1365 515 1691 569 Ἀπόλλωνοςδό

373 586 606 637 πλούσιον,
646 587 912 641 θησαυροῖσί
950 601 995 629 τε
1034 585 1107 628 καὶ
1146 583 1400 640 αναθήιιασι
1438 589 1637 628 πολλοῖσι

373 653 791 708 κατεσκευασμένον·
839 655 893 710 ἠν
935 654 979 696 δὲ

375 733 638 777 χρηστηριον
677 719 857 764 αὐτόθι·
899 722 971 764 καὶ
1000 725 1130 764 τοῦτο
1169 720 1218 762 τὸ
1259 719 1641 775 ἷρόνσυλήσαντες
1696 730 1778 772 635

1020 654 1093 696 καὶ
1133 651 1247 702 τότε,
1299 652 1373 694 καὶ
1409 656 1493 694 νῦν
1535 652 1636 705 ἐστὶ,

346 789 635 845 3ἐνέπρησαν·
667 789 740 831 καί
768 805 887 841 τινας
917 787 1146 840 διώκοντες
1175 785 1292 832 εἷλον
1322 793 1411 832 τῶν
1447 789 1638 832 Φωκέων

320 995 418 1032 Dadi
439 997 476 1032 in
499 997 594 1033 colle
623 997 722 1036 sitas.
780 998 831 1034 At
859 999 979 1034 Kruse

321 1053 347 1089 Ι.
369 1054 391 1089 l.
414 1067 452 1103 p.
473 1056 497 1094 8
518 1055 662 1090 mavult
690 1055 845 1103 cogitari
866 1054 913 1091 de
934 1067 979 1090 eo

319 1109 416 1156 loco,
432 1111 497 1160 qui
518 1123 693 1146 occasum
714 1123 840 1146 versus
863 1112 979 1146 avico

320 1166 502 1202 Ternitza
516 1179 632 1216 prope
647 1167 846 1215 Oglunitza
865 1179 981 1217 quas-

322 1220 412 1259 dam
446 1222 575 1273 oppidi
606 1223 781 1273 reliquias
808 1223 848 1258 in
885 1223 981 1258 colle

321 1279 523 1327 contineat,
565 1278 657 1315 duas
686 1278 796 1315 horas
834 1292 855 1315 a
883 1278 982 1315 Dadi

320 1342 496 1381 remotas,
530 1349 628 1387 quae
648 1337 727 1386 ipsa
748 1336 868 1371 multo
890 1349 981 1386 pro-

319 1393 405 1442 pior
431 1393 584 1428 Lilaeae
614 1393 673 1428 sit.
704 1395 760 1428 De
782 1391 901 1429 Neone
923 1392 982 1428 di-

321 1450 449 1485 ximus
480 1448 528 1484 ad
559 1449 657 1493 VIII,
687 1452 753 1489 32.
815 1448 984 1495 Πεδιέας

323 1511 360 1541 et
385 1503 543 1555 Τριτέας
571 1505 740 1554 neglexit
767 1507 984 1543 Pausanias.

322 1560 385 1598 Ad
407 1561 476 1597 hos
502 1561 605 1612 quod
634 1562 800 1598 referunt
827 1565 984 1612 Τριται-

322 1615 391 1665 ἕας
425 1618 526 1668 apud
556 1617 776 1669 Thucydid.
805 1619 869 1665 111,
905 1622 979 1659 101

323 1674 408 1723 (ubi
423 1674 498 1711 vid.
520 1675 762 1725 interprett.)‚
790 1683 890 1711 recte
913 1676 983 1711 ob-

324 1744 473 1768 servare
494 1730 643 1767 videtur
664 1733 782 1767 Krnse
804 1733 826 1768 l.
851 1733 874 1768 l.
897 1745 982 1782 pag.

324 1789 378 1829 88
400 1786 514 1824 hosce
536 1787 773 1839 Thucydidis
793 1788 982 1825 Tritaeen-

326 1857 378 1881 ses
412 1846 503 1881 alios
534 1858 611 1880 esse
652 1852 765 1895 atque
799 1845 984 1881 Herodoti

328 1900 515 1945 Trz'tenses‚
555 1902 619 1952 qui
659 1908 750 1937 teste
786 1900 983 1951 Stephano

323 1958 420 2009 Byz.
453 1957 500 1994 ad
529 1959 667 1994 Locros
704 1959 835 1995 Ozolas
866 1960 984 2009 perti-

324 2015 497 2062 nuerint,
541 2027 706 2065 eumque
736 2015 814 2050 fere
855 2016 984 2051 locum

325 2072 530 2118 tenuerint,
554 2084 667 2122 quem
692 2084 795 2107 nunc
817 2072 984 2108 obtineat

325 2140 446 2178 pagus
467 2126 716 2164 Turcochori.
737 2126 844 2164 Idem
864 2130 985 2164 Kruse

326 2185 351 2221 l.
372 2185 397 2220 l.
419 2198 458 2235 p.
480 2185 532 2224 89
560 2182 746 2220 Pedz'enses
764 2185 860 2220 intra
880 2187 984 2221 Neo-

326 2253 418 2277 nem
463 2240 665 2288 (Belitza)
708 2247 743 2276 et
788 2242 984 2278 Tritaeam

327 2294 610 2348 (Turcoehori)
634 2297 805 2335 collocat.

383 2408 451 2448 καὶ
461 2406 680 2459 Ἐλάτειαν]
703 2410 837 2448 Elatea
857 2410 984 2447 omni-

330 2479 398 2502 um
407 2466 585 2504 Phocidis
599 2474 719 2504 terrae
730 2468 883 2503 urbium
901 2480 985 2503 ma-

330 2523 434 2558 xima
466 2523 686 2574 perhibetur
716 2525 802 2560 loco
839 2525 908 2560 sita
937 2522 985 2559 ad

329 2580 528 2616 Boeotiam
563 2579 823 2618 invadendam
874 2579 986 2617 valde

331 2642 561 2685 opportuno.
576 2636 662 2674 vid.
683 2638 846 2673 Pausan.
862 2638 913 2683 X,
934 2634 987 2676 34

332 2693 370 2736 §.
398 2694 410 2730 1
437 2692 565 2743 ibique
586 2694 742 2731 Siebelis
762 2707 800 2744 p.
817 2696 910 2740 300,
924 2693 989 2744 qui

338 2749 593 2785 recentiorum
606 2762 757 2801 quoque
769 2751 990 2800 peregrina-

334 2811 462 2842 torum
482 2806 605 2842 attulit
615 2807 828 2844 testimonia
848 2806 896 2844 de
915 2808 988 2844 situ

1034 997 1149 1046 urbis,
1163 997 1200 1034 in
1214 997 1319 1034 cuins
1338 997 1468 1033 locum
1487 1008 1590 1032 nunc
1612 1008 1695 1033 ces-

1035 1056 1124 1091 sisse
1154 1056 1288 1091 volunt
1328 1055 1458 1090 vicum
1499 1053 1636 1089 Eleuta
1673 1065 1696 1088 a

1036 1110 1220 1147 Tithorea
1241 1109 1386 1147 duabus
1418 1109 1519 1146 horis
1551 1108 1697 1146 distau-

1035 1174 1128 1205 tem.
1187 1167 1302 1202 Plura
1334 1168 1454 1203 Kruse
1489 1167 1541 1211 11,
1562 1169 1587 1206 2
1606 1178 1695 1216 pag.

1037 1225 1089 1263 76
1120 1236 1199 1273 seq.
1257 1223 1383 1258 Minus
1414 1229 1515 1259 recte
1547 1223 1610 1258 alii
1636 1223 1697 1259 vi-

1037 1292 1125 1316 cum
1147 1277 1386 1315 Turcochori
1419 1277 1495 1314 huc
1515 1279 1697 1316 referunt.

1038 1337 1150 1373 Conf.
1190 1334 1328 1372 Clarke
1366 1335 1526 1371 Travels
1574 1336 1622 1381 ll,
1657 1336 1698 1374 3.

1040 1391 1150 1444 chap.
1193 1395 1217 1433 8
1257 1404 1344 1442 pag.
1385 1391 1479 1438 225,
1520 1392 1587 1442 qui
1618 1393 1700 1441 ipso

1041 1462 1086 1486 eo
1144 1450 1328 1485 inclinare
1383 1447 1547 1485 videtur.
1641 1449 1699 1484 De

1040 1505 1239 1556 Hyampoli
1272 1504 1350 1542 vid.
1390 1512 1487 1543 nott.
1528 1502 1576 1540 ad
1598 1505 1698 1552 VIII,

1040 1565 1117 1608 253
1167 1561 1214 1599 de
1244 1562 1330 1598 Abis
1359 1568 1455 1601 nott.
1488 1559 1537 1597 ad
1570 1562 1600 1608 Ι,
1631 1560 1699 1601 46.

1039 1619 1139 1667 V111,
1191 1621 1259 1659 27.
1328 1617 1598 1667 Parapotamos
1637 1630 1701 1654 re·-

1041 1683 1169 1713 censet
1189 1688 1344 1726 quoque
1373 1675 1579 1711 Pausanias
1600 1674 1650 1720 X,
1673 1676 1699 1714 3

1041 1734 1078 1778 §.
1128 1735 1167 1771 2.
1211 1734 1262 1772 33
1305 1732 1343 1776 ξ.
1380 1730 1406 1771 4
1457 1732 1544 1767 coll.
1591 1730 1701 1767 Stra-

1040 1790 1131 1826 bon.
1176 1789 1234 1825 IX
1272 1800 1360 1838 pag.
1407 1785 1488 1826 424
1543 1799 1573 1824 s.
1617 1786 1699 1826 649

1039 1847 1088 1883 A.
1209 1843 1505 1894 Παοαποταμία
1579 1848 1701 1879 exstat

1040 1900 1142 1952 apud
1163 1900 1349 1950 Stephan.
1368 1901 1463 1950 sz.
1493 1913 1521 1936 s.
1541 1913 1577 1939 v.
1610 1911 1700 1950 pag.

1041 1962 1135 1999 626.
1197 1959 1301 2003 Quae
1340 1969 1361 1993 a
1389 1957 1511 1993 Persis
1545 1957 1701 1992 incensa

1042 2022 1077 2051 et
1106 2021 1190 2065 post
1210 2016 1378 2050 restituta
1396 2013 1467 2049 fuit
1486 2013 1594 2060 urbs,
1615 2013 1701 2048 bel-

1040 2072 1077 2108 lo
1098 2083 1204 2108 sacro
1225 2072 1362 2106 iterum
1384 2082 1511 2106 eversa
1525 2081 1700 2104 nouam-

1041 2129 1139 2178 plius
1165 2127 1345 2172 refloruit,
1368 2138 1457 2161 cum
1486 2126 1700 2161 Pausaniae

1043 2190 1164 2221 aetate
1184 2184 1245 2219 vel
1266 2183 1397 2218 ruinae
1419 2183 1628 2232 periissent,
1657 2188 1700 2218 ut

1040 2254 1091 2277 ne
1112 2242 1216 2276 locus
1238 2237 1412 2291 quidem,
1439 2239 1505 2274 ubi
1524 2240 1593 2275 sita
1614 2238 1701 2274 fue-

1041 2299 1108 2346 rit,
1138 2303 1240 2333 certo
1261 2295 1408 2332 definiri
1428 2296 1556 2345 possit.
1587 2293 1699 2331 Conf.

1042 2354 1202 2392 Siebelis
1230 2351 1278 2388 ad
1299 2353 1464 2388 Pausan.
1503 2352 1529 2388 l.
1549 2352 1575 2389 l.
1609 2363 1700 2401 pag.

1040 2410 1122 2451 295
1153 2417 1189 2446 et
1208 2409 1445 2460 potissimum
1465 2409 1584 2445 Kruse
1600 2408 1647 2454 11,
1673 2409 1700 2447 2

1040 2479 1129 2518 pag.
1139 2469 1192 2506 72
1211 2478 1330 2517 seqq„
1352 2466 1417 2516 qui
1433 2465 1529 2501 Gen.
1549 2470 1700 2501 secutus

1041 2524 1177 2559 urbem
1187 2523 1346 2559 collocat
1366 2523 1406 2558 in
1420 2519 1590 2572 Cephissi
1616 2521 1700 2557 val-

1042 2581 1078 2617 le
1097 2579 1195 2616 infra
1215 2576 1574 2625 Anemoreiam,'ad
1593 2577 1700 2614 cuius

1043 2637 1192 2674 laevam
1205 2636 1413 2680 castellum,
1435 2633 1537 2686 quod
1556 2635 1595 2670 in
1607 2646 1700 2684 pro-

1044 2694 1206 2730 minenti
1231 2705 1322 2729 saxo
1348 2692 1420 2728 fuit
1450 2697 1699 2736 exstructum,

1044 2763 1163 2801 prope
1173 2747 1345 2796 Belesch,
1366 2755 1409 2785 ut
1423 2761 1527 2784 nunc
1552 2752 1698 2793 vocant,

1045 2807 1210 2844 duarum
1227 2804 1409 2844 horarum
1427 2804 1626 2843 intervallo
1651 2802 1699 2839 ab
