1839 3292
613 210 643 250 Ι.
672 210 833 246 INDEX
859 210 1051 247 RERUM.
1469 215 1546 254 481

84 323 242 357 Crisaeus
266 331 404 364 campus
436 315 496 362 (τὸ
521 318 701 363 Κρισαῖον
722 330 787 353 πε-

127 367 237 410 δίον),
259 366 350 408 ΙἸΙΙ,
375 364 420 398 32
443 367 513 398 not.

84 415 214 448 cristas
236 411 345 455 galeis
367 410 542 452 imponere
563 410 667 454 primi
678 412 787 445 osten-

125 461 246 491 derunt
269 457 383 497 Cares,
408 457 435 497 I,
461 455 526 488 171
551 460 620 490 not.

83 503 243 544 Critalla,
265 513 345 545 opp.
369 501 617 545 Cappadociae,
640 501 716 543 vn,
739 500 786 535 26

123 553 198 582 not.

82 594 232 630 Oriticae
265 591 349 625 artis
381 591 481 625 initia
504 591 596 635 apud
621 592 784 632 Graecos,

123 638 200 678 VII,
222 637 245 670 6
267 641 335 671 not.
360 637 435 680 VII,
460 637 515 670 20.
551 637 640 680 apud
672 638 785 670 Heca-

122 689 238 718 taeum
262 688 295 716 et
325 683 537 725 potissimum
560 683 650 726 apud
672 684 786 716 Hero-

125 731 255 769 dotum,
282 730 414 762 Comm.
439 730 469 769 §-
494 727 548 763 10.

81 775 249 810 Critobuli
282 774 367 815 filia,
411 773 547 807 Amasis
592 783 689 814 uxor,
736 772 784 815 II,

80 866 272 900 Critobulus
294 864 327 896 T
329 875 506 906 oronaeus,
529 862 624 904 VIII,
649 862 729 896 127.

81 913 191 952 Crius,
220 910 387 953 Polycriti
419 909 521 952 filius,
546 909 605 949 VI,
637 908 682 941 50
712 912 782 942 not.

123 957 215 990 circa
238 967 316 988 eum
334 959 367 988 et·
391 956 609 988 Cleomenem
627 959 714 995 acta,
739 955 783 988 ib.

120 1000 384 1037 Atheniensibus
424 1001 567 1035 traditus
599 1000 633 1033 in
668 1005 783 1034 custo-

122 1048 228 1088 diam,
251 1046 311 1087 VI,
327 1046 384 1080 73.

81 1094 180 1130 Crius
225 1093 414 1136 Aegineta,
458 1091 629 1137 Polycriti
672 1093 786 1135 pater,

122 1139 217 1180 VIII,
237 1138 295 1171 92.

80 1185 225 1228 Crobyzi
245 1185 393 1216 Thraces
415 1180 601 1227 (Θρήϊκες
626 1181 661 1215 οἱ
689 1183 786 1225 Κρο-

124 1229 256 1275 βύζοι),
280 1229 341 1271 IV,
364 1228 410 1261 49
433 1234 501 1261 not.

81 1276 251 1309 Crocodilz'
273 1275 473 1318 descriptio,
496 1273 542 1316 ΙΙ,
566 1272 611 1306 68
633 1276 702 1309 not.
727 1271 784 1305 69.

121 1321 178 1355 70.
217 1320 378 1353 crocodili
415 1319 514 1360 sacri,
554 1319 599 1359 ΙΙ,
636 1319 681 1351 69
715 1322 786 1351 not.

122 1366 201 1400 148.
226 1377 343 1399 eorum
361 1367 530 1409 sepulcra,
549 1365 593 1405 Il,
607 1364 683 1397 148.
708 1376 785 1396 cro-

123 1413 251 1445 codilos
273 1412 376 1444 Indus
401 1422 534 1453 quoque
558 1410 592 1444 ss.
619 1411 694 1450 alit,
726 1410 784 1450 IV,

122 1457 246 1492 44not.
269 1457 435 1490 crocodili
452 1457 590 1489 Africae
611 1459 786 1488 terrestres

122 1503 340 1542 bicubitffles,
364 1502 424 1543 IV,
447 1502 513 1536 192
536 1507 604 1535 not.
631 1501 785 1535 crocodi-

119 1550 235 1583 lorum
273 1548 424 1581 mumiae
456 1547 624 1589 rariores,
662 1547 708 1588 ΙΙ,
739 1546 784 1580 69

122 1600 192 1628 not.
217 1593 379 1627 crocodili
402 1604 536 1633 nomen,
574 1593 620 1632 II,
644 1593 690 1626 69
714 1597 782 1624 not.

121 1640 293 1674 Crocodili
330 1650 391 1681 per
422 1641 630 1682 Aegyptum,
666 1638 710 1679 ΙΙ,
741 1637 786 1670 68

120 1690 192 1719 not.
214 1696 292 1727 ova,
316 1684 359 1726 ΙΙ,
373 1683 417 1718 68
434 1691 492 1717 not
527 1683 722 1727 descriptio,
739 1683 785 1724 Il,

120 1731 167 1765 68
194 1736 264 1764 not.
292 1729 338 1763 69
369 1734 437 1763 not.
482 1730 622 1772 lingua,
656 1729 703 1771 ΙΙ,
740 1729 785 1762 68

120 1780 192 1812 not.
228 1776 266 1820 *)
298 1776 442 1809 maxilla
472 1775 625 1816 inferior,
659 1776 705 1816 ΙΙ,
728 1774 785 1809 68.

121 1823 220 1862 cutis,
246 1823 287 1860 ΙΙ,
312 1821 357 1854 68
381 1826 450 1854 not.

79 1868 331 1903 Crocodilorum
356 1868 436 1900 urbs
460 1865 623 1910 Aegypti,
647 1865 694 1907 ΙΙ,
717 1865 786 1900 148

123 1918 193 1946 not.

82 1960 233 1999 Croesus,
264 1970 305 1992 ex
328 1957 611 1989 Mermnadarum
634 1956 783 1997 familia,

121 2006 150 2046 Ι,
160 2005 193 2037 7.
216 2002 365 2048 Alf-attis
388 2003 437 2035 fil.
462 2014 502 2035 ex
523 2003 643 2035 Carica
667 2014 784 2043 uxore,

120 2051 376 2084 Pantaleontem
403 2049 542 2081 fratrem
560 2049 784 2081 rebellantem

121 2096 293 2135 interficit,
317 2094 344 2134 I,
369 2093 424 2127 92.
461 2104 566 2127 annos
596 2105 698 2128 xxxv.
721 2105 784 2126 na-

122 2145 178 2175 tus
201 2141 340 2184 suscipit
363 2150 507 2182 regnum
532 2140 718 2182 Lydorum,
750 2142 785 2172 et

121 2187 290 2230 Ephesios
314 2186 466 2225 invadit;
491 2185 611 2217 deinde
635 2186 730 2217 lones
751 2188 785 2217 et

122 2233 242 2266 Aeoles
276 2233 310 2266 in
333 2231 413 2263 Asia
435 2230 575 2274 subigit,
608 2231 634 2270 Ι,
659 2230 714 2264 26.
737 2231 784 2264 cf.

126 2289 157 2311 c.
189 2277 224 2312 7.
257 2279 373 2312 statim
396 2276 494 2309 Iones
518 2276 690 2309 insulanos
723 2277 784 2309 ad-

125 2334 273 2367 gressus,
292 2326 410 2367 postea
435 2333 513 2354 cum
536 2321 578 2354 iis
594 2321 783 2365 hospitium

126 2369 306 2411 contrahit,
338 2379 366 2400 c.
401 2367 456 2400 27.
490 2378 635 2412 regnum
669 2368 783 2412 Lydo-

126 2424 205 2447 rum
227 2415 346 2449 multis
366 2413 514 2448 subactis
551 2413 688 2457 populis
720 2426 780 2449 au—

886 322 959 364 get,
985 331 1014 352 c.
1041 315 1086 351 28
1111 328 1233 359 seq.——
1257 327 1335 349 cum
1362 319 1549 362 Aegyptio-

885 376 964 398 rum
1003 374 1086 407 rege
1119 361 1259 403 Amasi,
1281 366 1315 396 et
1338 363 1551 408 Babylonio-

887 422 966 444 rum
992 410 1168 452 Labyneto
1192 408 1311 440 foedus
1333 409 1396 441 init
1411 434 1421 451 ,
1444 411 1468 449 Ι,
1493 411 1548 444 77.

886 475 932 480 ——
956 455 1160 495 Miltiadem,
1189 464 1210 486 a
1234 454 1471 497 Lampsacenis
1492 467 1550 489 ca-

887 505 997 545 ptum,
1029 501 1164 540 liberat,
1190 499 1249 541 VI,
1273 499 1330 533 37.
1363 500 1436 532 eius
1470 512 1549 535 cum

886 547 1012 580 Solone
1034 545 1255 588 colloquium,
1278 545 1306 587 1,
1333 544 1547 580 30-33uot.

886 593 1028 625 Excurs.
1065 591 1096 623 11
1131 603 1162 633 p.
1200 588 1279 624 657.
1312 591 1484 624 somnium
1505 593 1549 626 de

885 637 972 678 filio,
998 648 1026 669 c.
1053 635 1108 669 34.
1130 636 1326 677 Adrastum,
1349 637 1453 670 caede
1474 649 1495 671 a
1511 649 1548 672 ιθ

886 684 1073 724 expiatum,
1093 693 1198 724 quum
1222 682 1330 714 filium
1342 682 1470 716 invitus
1488 695 1548 717 oc·-

886 729 1032 768 cidisset,
1055 727 1252 760 humaniter
1267 732 1403 769 tractat,
1424 740 1547 771 quam·

886 775 938 807 vis
962 785 1090 817 magno
1114 773 1270 806 adflictus
1292 774 1419 813 dolore,
1447 775 1474 816 Ι,
1501 774 1547 809 35

884 819 984 853 -45.
1009 821 1190 852 Persarum
1203 824 1409 852 crescentem
1424 820 1547 855 timens

884 865 1084 909 potentiam,
1108 865 1252 897 oracula
1274 865 1369 898 varie
1387 867 1546 909 consulit,

883 912 911 951 Ι,
931 912 974 945 46
990 922 1082 954 seqq.
1107 909 1142 943 in
1158 910 1362 944 consulendo
1376 912 1547 954 Delphico

884 958 1025 990 oraculo
1061 957 1105 989 ab
1150 957 1358 989 Alcmaeone
1396 958 1546 1000 adiutus,

883 1003 974 1036 hunc
998 1012 1124 1047 magno
1159 1002 1235 1034 auri
1260 1003 1409 1045 pondere
1431 1004 1546 1046 donat,

886 1049 946 1089 VI,
971 1046 1047 1081 125.
1082 1052 1115 1081 et
1138 1049 1246 1080 multa
1266 1048 1453 1092 magnilica
1485 1050 1548 1082 (lo-

886 1095 984 1127 naria
1007 1095 1042 1126 in
1073 1094 1269 1134 Graeciam,
1301 1100 1334 1126 et
1364 1095 1548 1139 praecipue

886 1141 1042 1183 Delphos
1076 1139 1201 1179 mittit,
1232 1139 1257 1180 Ι,
1284 1137 1419 1173 50110t.
1453 1152 1546 1184 seqq.

887 1186 931 1219 cf.
957 1197 985 1218 c.
1009 1184 1065 1218 92.
1093 1185 1132 1225 V,
1155 1184 1202 1217 36
1223 1189 1256 1218 et
1279 1184 1372 1227 VIII,
1390 1185 1446 1218 35.
1467 1198 1548 1220 cum

885 1230 1184 1273 Lacedaemoniis,
1233 1230 1446 1264 Graecorum
1482 1243 1547 1275 po-

888 1276 1085 1310 tentissimis
1116 1277 1177 1319 (cf.
1202 1288 1230 1311 c.
1254 1275 1299 1308 53
1322 1280 1355 1309 et
1379 1276 1443 1321 56)
1475 1280 1549 1311 foe-

886 1323 949 1355 dus
980 1322 1068 1365 init,
1100 1322 1127 1362 I,
1151 1321 1196 1354 69
1219 1333 1288 1364 seq.
1312 1322 1549 1366 Cappadociae

884 1369 1014 1401 bellum
1041 1368 1155 1408 infert,
1189 1369 1377 1411 Astyagem
1401 1379 1422 1401 a
1457 1370 1548 1413 Cyro

886 1425 994 1457 regno
1017 1418 1167 1453 exutum,
1193 1414 1339 1446 adfinem
1360 1425 1460 1447 suum
1495 1416 1549 1449 ul-

886 1459 967 1492 risci
1002 1459 1152 1501 cupiens,
1185 1458 1215 1500 I,
1238 1458 1283 1491 73
1307 1471 1398 1502 seqq.
1454 1462 1551 1505 Haly

887 1506 923 1538 fl.
947 1505 1106 1538 Thaletis
1129 1515 1231 1547 opera
1254 1504 1407 1544 traiecto,
1430 1506 1551 1549 Syrios

883 1551 1019 1591 evertit,
1044 1555 1077 1584 et
1093 1562 1170 1582 cnm
1185 1550 1276 1593 Cyro
1287 1551 1427 1592 ancipiti
1440 1553 1552 1585 Marte

885 1602 1028 1640 pugnat,
1069 1608 1098 1628 c.
1118 1594 1163 1628 75
1197 1607 1267 1637 seq.
1304 1596 1428 1629 Sardes
1452 1599 1551 1639 redit,

886 1642 1042 1686 proximo
1067 1653 1146 1674 vere
1166 1641 1296 1674 bellum
1314 1648 1554 1684 renovaturus,

887 1700 917 1720 c.
942 1688 999 1721 77.
1023 1687 1058 1720 in
1082 1687 1252 1719 Sardiano
1275 1698 1400 1730 campo
1423 1699 1444 1721 a
1460 1690 1554 1733 Cyro

886 1734 1009 1774 victus,
1043 1745 1072 1768 c.
1106 1732 1255 1766 79-81.
1290 1733 1457 1767 Sardibus
1490 1746 1553 1768 ex-

885 1779 1059 1824 pugnatis,
1083 1779 1180 1810 vivus
1204 1782 1335 1821 captus,
1373 1791 1459 1822 rogo
1484 1780 1552 1813 im-

887 1826 1016 1868 positus
1040 1825 1083 1858 ab
1108 1824 1269 1867 Apolline
1295 1825 1452 1858 invocato
1480 1837 1552 1859 ser-

886 1874 999 1912 vatur,
1024 1882 1053 1902 c.
1077 1869 1225 1903 84-87.
1249 1873 1283 1903 et
1305 1872 1429 1903 not.a‹l
1455 1871 1481 1915 Ι,
1494 1871 1550 1908 86.

885 1916 927 1948 T.
956 1916 973 1948 1
998 1927 1029 1958 p.
1059 1914 1137 1947 927.
1164 1916 1222 1955 *ἢ
1247 1935 1290 1939 -
1314 1916 1441 1959 Pythio
1468 1918 1551 1950 mit·

884 1961 927 1994 tit
964 1961 1154 2003 compedes,
1187 1960 1298 2003 Gygis
1336 1962 1440 1994 abavi
1481 1963 1550 1995 cri-

886 2018 963 2039 men
995 2007 1102 2047 luens.
1141 2006 1169 2046 I,
1193 2005 1239 2038 90
1262 2018 1331 2049 seq.
1357 2008 1402 2040 cf.
1437 2020 1465 2041 c.
1492 2008 1547 2041 13.

884 2064 907 2085 a
931 2053 1020 2095 Cyro
1042 2053 1179 2094 colitur,
1204 2051 1302 2094 eique
1327 2053 1453 2085 bonum
1489 2055 1550 2087 dat

886 2098 1066 2134 consilium
1099 2098 1140 2129 de
1178 2097 1343 2130 Sardibus
1374 2110 1440 2131 non
1464 2099 1547 2132 diri-

885 2143 1029 2187 piendis,
1064 2144 1089 2185 Ι,
1113 2143 1158 2177 88
1181 2155 1249 2185 seq.
1274 2148 1346 2176 not.
1372 2149 1407 2177 et
1429 2144 1471 2176 de
1493 2157 1550 2178 re-

885 2189 1091 2223 bellantium
1105 2190 1281 2232 Lydorum
1305 2189 1397 2222 vitae
1416 2189 1549 2223 ratione

885 2236 1125 2278 permutanda,
1154 2247 1181 2267 c.
1208 2233 1274 2268 155
1298 2247 1365 2278 seq.
1387 2235 1480 2268 *item
1513 2237 1548 2268 in

886 2282 978 2313 bello
1017 2280 1247 2325 Massagetico
1281 2281 1323 2313 de
1362 2281 1475 2314 Araxe
1512 2282 1548 2314 fl.

886 2326 1098 2366 trauehendo,
1119 2339 1146 2359 c.
1159 2326 1295 2359 207.--
1319 2337 1340 2359 a
1364 2327 1456 2370 Cyro
1470 2338 1550 2361 cnm

885 2372 1056 2416 Cambyse
1079 2372 1127 2404 fil.
1164 2372 1198 2405 in
1225 2371 1377 2405 Persiam
1401 2373 1550 2405 remitti-

883 2422 950 2462 tur,
975 2417 1091 2452 c.208.
1115 2417 1151 2452 in
1179 2418 1378 2463 Aegyptum
1397 2419 1550 2463 Camby-

174 2599 204 2642 ')
227 2600 313 2633 Add.
333 2602 568 2639 Blumenbach.
587 2605 858 2651 Vergleichende
881 2608 1060 2641 Anatomie
1078 2619 1112 2650 p.
1130 2607 1208 2642 347.

118 2700 128 2709 ·
172 2657 219 2698 ”)
244 2658 305 2708 His
322 2659 410 2691 adde
423 2660 538 2693 miram
558 2663 785 2696 narrationem
811 2665 854 2696 de
874 2665 1000 2697 Croeso
1028 2670 1129 2707 capto
1159 2671 1192 2696 et
1220 2663 1298 2707 Cyri
1327 2664 1420 2696 iussu
1450 2664 1553 2697 flam·-

81 2711 146 2752 miqs
164 2701 294 2733 trad1to
315 2704 374 2735 sed
389 2707 647 2748 superveniente
665 2710 779 2752 pluvia
804 2711 949 2742 liberato
968 2712 1158 2752 iterumque
1181 2709 1259 2741 dein
1278 2717 1377 2752 capto
1397 2716 1431 2742 et
1461 2711 1551 2742 cruci

83 2747 208 2787 afrum,
236 2749 330 2799 apud
357 2751 628 2795 Mythographos
660 2756 844 2788 vaticanos
872 2768 891 2788 a
917 2757 1007 2787 Maio
1038 2755 1193 2786 detectos
1222 2762 1257 2787 et
1282 2756 1380 2788 Rodii
1410 2756 1489 2788 cura
1515 2757 1550 2788 in

83 2793 265 2825 Germania
288 2794 404 2836 (cellis
427 2796 532 2840 1834)
555 2809 666 2843 nuper
684 2801 840 2844 vulgatos
859 2803 874 2834 I
894 2803 923 2846 ᾗ.
942 2801 1017 2836 196.
1037 2800 1069 2833 ΙΙ
1090 2802 1123 2841 S.
1146 2801 1221 2834 190-

138 2842 360 2880 Hannor.
380 2843 448 2882 IV·

1196 2852 1242 2888 31
