<?xml version="1.0" encoding="UTF-8"?>
<!DOCTYPE html PUBLIC "-//W3C//DTD XHTML 1.0 Transitional//EN"
    "http://www.w3.org/TR/xhtml1/DTD/xhtml1-transitional.dtd">
<html xmlns="http://www.w3.org/1999/xhtml" xml:lang="en" lang="en">
 <head>
  <title>
</title>
<meta http-equiv="Content-Type" content="text/html;charset=utf-8" />
  <meta name='ocr-system' content='tesseract 3.04.00' />
  <meta name='ocr-capabilities' content='ocr_page ocr_carea ocr_par ocr_line ocrx_word'/>
</head>
<body>
  <div class='ocr_page' id='page_1' title='image "./musaeher04hero_0225.png"; bbox 0 0 1839 3292; ppageno 0'>
   <div class='ocr_carea' id='block_1_1' title="bbox 513 230 1120 272">
    <p class='ocr_par' dir='ltr' id='par_1_1' title="bbox 513 230 1120 272">
     <span class='ocr_line' id='line_1_1' title="bbox 513 230 1120 272; baseline 0.005 -4"><span class='ocrx_word' id='word_1_1' title='bbox 513 231 977 269; x_wconf 85' lang='lat' dir='ltr'><strong>CALLIOPE.</strong></span> <span class='ocrx_word' id='word_1_2' title='bbox 1035 230 1120 272; x_wconf 88' lang='lat' dir='ltr'>IX.</span> 
     </span>
    </p>
   </div>
   <div class='ocr_carea' id='block_1_2' title="bbox 1364 233 1448 274">
    <p class='ocr_par' dir='ltr' id='par_1_2' title="bbox 1364 233 1448 274">
     <span class='ocr_line' id='line_1_2' title="bbox 1364 233 1448 274; baseline 0.024 -2"><span class='ocrx_word' id='word_1_3' title='bbox 1364 233 1448 274; x_wconf 69' lang='lat'>217</span> 
     </span>
    </p>
   </div>
   <div class='ocr_carea' id='block_1_3' title="bbox 197 336 1446 397">
    <p class='ocr_par' dir='ltr' id='par_1_3' title="bbox 197 336 1446 397">
     <span class='ocr_line' id='line_1_3' title="bbox 197 336 1446 397; baseline -0.002 -11"><span class='ocrx_word' id='word_1_4' title='bbox 197 358 301 393; x_wconf 86' lang='grc' dir='ltr'><strong><em>των,</em></strong></span> <span class='ocrx_word' id='word_1_5' title='bbox 331 340 562 397; x_wconf 83' lang='grc' dir='ltr'><strong><em>Παυσανίῃ</em></strong></span> <span class='ocrx_word' id='word_1_6' title='bbox 594 342 655 396; x_wconf 79' lang='grc' dir='ltr'>τῷ</span> <span class='ocrx_word' id='word_1_7' title='bbox 685 337 997 395; x_wconf 85' lang='grc' dir='ltr'><em>Κλεομβρότου</em></span> <span class='ocrx_word' id='word_1_8' title='bbox 1027 336 1328 392; x_wconf 81' lang='grc' dir='ltr'><strong><em>ἐπιτρέψαντες</em></strong></span> <span class='ocrx_word' id='word_1_9' title='bbox 1358 339 1446 392; x_wconf 80' lang='grc' dir='ltr'>ἐξά-</span> 
     </span>
    </p>
   </div>
   <div class='ocr_carea' id='block_1_4' title="bbox 167 418 298 465">
    <p class='ocr_par' dir='ltr' id='par_1_4' title="bbox 167 418 298 465">
     <span class='ocr_line' id='line_1_4' title="bbox 167 418 298 465; baseline -0.008 -14"><span class='ocrx_word' id='word_1_10' title='bbox 167 418 298 465; x_wconf 73' lang='grc' dir='ltr'><strong><em>Ξγειν</em></strong></span> 
     </span>
    </p>
   </div>
   <div class='ocr_carea' id='block_1_5' title="bbox 353 406 1446 463">
    <p class='ocr_par' dir='ltr' id='par_1_5' title="bbox 353 406 1446 463">
     <span class='ocr_line' id='line_1_5' title="bbox 353 406 1446 463; baseline -0.001 -12.99"><span class='ocrx_word' id='word_1_11' title='bbox 353 407 542 462; x_wconf 80' lang='grc' dir='ltr'><strong><em>Ἐγένετο</em></strong></span> <span class='ocrx_word' id='word_1_12' title='bbox 569 406 647 461; x_wconf 83' lang='grc' dir='ltr'>μέν</span> <span class='ocrx_word' id='word_1_13' title='bbox 665 423 749 450; x_wconf 89' lang='grc' dir='ltr'>νυν</span> <span class='ocrx_word' id='word_1_14' title='bbox 772 407 797 462; x_wconf 84' lang='grc' dir='ltr'><em>ἡ</em></span> <span class='ocrx_word' id='word_1_15' title='bbox 820 406 1024 463; x_wconf 78' lang='grc' dir='ltr'><strong><em>ἡγεμονίη</em></strong></span> <span class='ocrx_word' id='word_1_16' title='bbox 1046 406 1343 462; x_wconf 83' lang='grc' dir='ltr'><strong><em>Πλεισταρχου</em></strong></span> <span class='ocrx_word' id='word_1_17' title='bbox 1365 408 1446 450; x_wconf 85' lang='grc' dir='ltr'>τοῦ</span> 
     </span>
    </p>
   </div>
   <div class='ocr_carea' id='block_1_6' title="bbox 166 469 1503 867">
    <p class='ocr_par' dir='ltr' id='par_1_6' title="bbox 166 469 1503 867">
     <span class='ocr_line' id='line_1_6' title="bbox 195 469 1447 529; baseline -0.002 -11"><span class='ocrx_word' id='word_1_18' title='bbox 195 477 443 518; x_wconf 76' lang='grc' dir='ltr'><strong><em>Λεωνίδεω·</em></strong></span> <span class='ocrx_word' id='word_1_19' title='bbox 474 473 561 517; x_wconf 72' lang='grc' dir='ltr'>ἀλλ’</span> <span class='ocrx_word' id='word_1_20' title='bbox 581 473 602 517; x_wconf 90' lang='grc' dir='ltr'>ὁ</span> <span class='ocrx_word' id='word_1_21' title='bbox 635 473 713 529; x_wconf 76' lang='grc' dir='ltr'>μὲν</span> <span class='ocrx_word' id='word_1_22' title='bbox 741 469 796 529; x_wconf 80' lang='grc' dir='ltr'><strong><em>ἦν</em></strong></span> <span class='ocrx_word' id='word_1_23' title='bbox 814 474 875 517; x_wconf 76' lang='grc' dir='ltr'>ἔτι</span> <span class='ocrx_word' id='word_1_24' title='bbox 904 479 1028 525; x_wconf 84' lang='grc' dir='ltr'><strong><em>παῖς</em></strong></span> <span class='ocrx_word' id='word_1_25' title='bbox 1046 472 1069 516; x_wconf 92' lang='grc' dir='ltr'>ὁ</span> <span class='ocrx_word' id='word_1_26' title='bbox 1101 473 1147 517; x_wconf 80' lang='grc' dir='ltr'>δὲ</span> <span class='ocrx_word' id='word_1_27' title='bbox 1167 473 1327 518; x_wconf 84' lang='grc' dir='ltr'><em>τούτου</em></span> <span class='ocrx_word' id='word_1_28' title='bbox 1356 474 1447 517; x_wconf 77' lang='grc' dir='ltr'><strong><em>ἐπί-</em></strong></span> 
     </span>
     <span class='ocr_line' id='line_1_7' title="bbox 166 540 1448 597; baseline 0 -13"><span class='ocrx_word' id='word_1_29' title='bbox 166 541 359 596; x_wconf 85' lang='grc' dir='ltr'><strong><em>3τροπός</em></strong></span> <span class='ocrx_word' id='word_1_30' title='bbox 388 559 432 586; x_wconf 82' lang='grc' dir='ltr'>τε</span> <span class='ocrx_word' id='word_1_31' title='bbox 464 543 537 586; x_wconf 84' lang='grc' dir='ltr'>καὶ</span> <span class='ocrx_word' id='word_1_32' title='bbox 567 540 757 591; x_wconf 72' lang='grc' dir='ltr'><strong><em>ἀνεψιός.</em></strong></span> <span class='ocrx_word' id='word_1_33' title='bbox 817 541 1120 596; x_wconf 78' lang='grc' dir='ltr'><em>Κλεόμβροτος</em></span> <span class='ocrx_word' id='word_1_34' title='bbox 1139 559 1251 597; x_wconf 72' lang='grc' dir='ltr'>γαρ,</span> <span class='ocrx_word' id='word_1_35' title='bbox 1281 541 1305 585; x_wconf 90' lang='grc' dir='ltr'>ὁ</span> <span class='ocrx_word' id='word_1_36' title='bbox 1326 544 1448 584; x_wconf 82' lang='grc' dir='ltr'><strong><em>Παυ·</em></strong></span> 
     </span>
     <span class='ocr_line' id='line_1_8' title="bbox 195 605 1448 666; baseline -0.001 -13"><span class='ocrx_word' id='word_1_37' title='bbox 195 612 351 654; x_wconf 78' lang='grc' dir='ltr'><strong><em>σανίεω</em></strong></span> <span class='ocrx_word' id='word_1_38' title='bbox 391 611 466 666; x_wconf 79' lang='grc' dir='ltr'>μὲν</span> <span class='ocrx_word' id='word_1_39' title='bbox 502 608 644 663; x_wconf 78' lang='grc' dir='ltr'><strong><em>πατήρ</em></strong></span> <span class='ocrx_word' id='word_1_40' title='bbox 680 605 1018 662; x_wconf 81' lang='grc' dir='ltr'><strong><em>Ἀναξανδρίδεω</em></strong></span> <span class='ocrx_word' id='word_1_41' title='bbox 1050 608 1096 651; x_wconf 76' lang='grc' dir='ltr'>δὲ</span> <span class='ocrx_word' id='word_1_42' title='bbox 1134 614 1257 662; x_wconf 82' lang='grc' dir='ltr'><strong><em>παῖς,</em></strong></span> <span class='ocrx_word' id='word_1_43' title='bbox 1302 607 1448 652; x_wconf 80' lang='grc' dir='ltr'><strong><em>οὐκέτι</em></strong></span> 
     </span>
     <span class='ocr_line' id='line_1_9' title="bbox 193 673 1503 733; baseline -0.005 -12"><span class='ocrx_word' id='word_1_44' title='bbox 193 682 373 733; x_wconf 81' lang='grc' dir='ltr'><strong><em>περιῆν·</em></strong></span> <span class='ocrx_word' id='word_1_45' title='bbox 402 676 507 720; x_wconf 74' lang='grc' dir='ltr'><strong><em>ἄλλα</em></strong></span> <span class='ocrx_word' id='word_1_46' title='bbox 541 673 779 731; x_wconf 73' lang='grc' dir='ltr'><strong><em>ἀπαγαγών</em></strong></span> <span class='ocrx_word' id='word_1_47' title='bbox 809 675 855 718; x_wconf 82' lang='grc' dir='ltr'>ἐκ</span> <span class='ocrx_word' id='word_1_48' title='bbox 883 679 964 718; x_wconf 85' lang='grc' dir='ltr'>τοῦ</span> <span class='ocrx_word' id='word_1_49' title='bbox 991 674 1169 730; x_wconf 79' lang='grc' dir='ltr'><em>Ἰσθμοῦ</em></span> <span class='ocrx_word' id='word_1_50' title='bbox 1204 676 1284 731; x_wconf 80' lang='grc' dir='ltr'><strong><em>τήν</em></strong></span> <span class='ocrx_word' id='word_1_51' title='bbox 1314 688 1445 731; x_wconf 91' lang='grc' dir='ltr'><strong><em>στρα-</em></strong></span> <span class='ocrx_word' id='word_1_52' title='bbox 1458 679 1503 716; x_wconf 86' lang='grc'>45</span> 
     </span>
     <span class='ocr_line' id='line_1_10' title="bbox 199 743 1448 800; baseline -0.002 -12"><span class='ocrx_word' id='word_1_53' title='bbox 199 745 296 799; x_wconf 77' lang='grc' dir='ltr'><strong><em>τιήν</em></strong></span> <span class='ocrx_word' id='word_1_54' title='bbox 324 744 404 800; x_wconf 73' lang='grc' dir='ltr'><strong><em>τήν</em></strong></span> <span class='ocrx_word' id='word_1_55' title='bbox 431 745 480 787; x_wconf 87' lang='grc' dir='ltr'>τὸ</span> <span class='ocrx_word' id='word_1_56' title='bbox 502 749 638 798; x_wconf 86' lang='grc' dir='ltr'><em>τεῖχος</em></span> <span class='ocrx_word' id='word_1_57' title='bbox 667 743 895 797; x_wconf 79' lang='grc' dir='ltr'><strong><em>δείμασαν,</em></strong></span> <span class='ocrx_word' id='word_1_58' title='bbox 925 744 1029 798; x_wconf 81' lang='grc' dir='ltr'><em>μετὰ</em></span> <span class='ocrx_word' id='word_1_59' title='bbox 1049 746 1187 787; x_wconf 82' lang='grc' dir='ltr'><strong><em>ταῦτα</em></strong></span> <span class='ocrx_word' id='word_1_60' title='bbox 1208 743 1262 787; x_wconf 88' lang='grc' dir='ltr'>ου’</span> <span class='ocrx_word' id='word_1_61' title='bbox 1281 744 1448 786; x_wconf 82' lang='grc' dir='ltr'><strong><em>πολλὸν</em></strong></span> 
     </span>
     <span class='ocr_line' id='line_1_11' title="bbox 167 809 1449 867; baseline 0.001 -15"><span class='ocrx_word' id='word_1_62' title='bbox 167 810 357 867; x_wconf 85' lang='grc' dir='ltr'><strong><em>4χρόνον</em></strong></span> <span class='ocrx_word' id='word_1_63' title='bbox 386 811 483 855; x_wconf 80' lang='grc' dir='ltr'><strong><em>τινὰ</em></strong></span> <span class='ocrx_word' id='word_1_64' title='bbox 503 811 630 867; x_wconf 73' lang='grc' dir='ltr'><strong><em>βιοὺς</em></strong></span> <span class='ocrx_word' id='word_1_65' title='bbox 661 809 864 854; x_wconf 75' lang='grc' dir='ltr'><strong><em>ἀπέθανε.</em></strong></span> <span class='ocrx_word' id='word_1_66' title='bbox 907 809 1041 866; x_wconf 78' lang='grc' dir='ltr'><strong><em>ἀπῆγε</em></strong></span> <span class='ocrx_word' id='word_1_67' title='bbox 1072 811 1117 854; x_wconf 82' lang='grc' dir='ltr'>δὲ</span> <span class='ocrx_word' id='word_1_68' title='bbox 1146 812 1226 867; x_wconf 84' lang='grc' dir='ltr'><strong><em>τὴν</em></strong></span> <span class='ocrx_word' id='word_1_69' title='bbox 1244 810 1449 866; x_wconf 79' lang='grc' dir='ltr'><strong><em>στρατιήν</em></strong></span> 
     </span>
    </p>
   </div>
   <div class='ocr_carea' id='block_1_7' title="bbox 196 877 1204 934">
    <p class='ocr_par' dir='ltr' id='par_1_7' title="bbox 196 877 1204 934">
     <span class='ocr_line' id='line_1_12' title="bbox 196 877 1204 934; baseline -0.001 -12"><span class='ocrx_word' id='word_1_70' title='bbox 196 879 220 922; x_wconf 91' lang='grc' dir='ltr'>ὁ</span> <span class='ocrx_word' id='word_1_71' title='bbox 250 879 557 934; x_wconf 80' lang='grc' dir='ltr'><em>Κλεόμβροτος</em></span> <span class='ocrx_word' id='word_1_72' title='bbox 587 879 633 922; x_wconf 77' lang='grc' dir='ltr'>ἐκ</span> <span class='ocrx_word' id='word_1_73' title='bbox 663 882 742 921; x_wconf 88' lang='grc' dir='ltr'>τοῦ</span> <span class='ocrx_word' id='word_1_74' title='bbox 769 877 952 934; x_wconf 82' lang='grc' dir='ltr'><em>Ἰσθμοῦ</em></span> <span class='ocrx_word' id='word_1_75' title='bbox 983 877 1054 920; x_wconf 79' lang='grc' dir='ltr'>διὰ</span> <span class='ocrx_word' id='word_1_76' title='bbox 1083 878 1204 921; x_wconf 83' lang='grc' dir='ltr'><em>τόδε·</em></span> 
     </span>
    </p>
   </div>
   <div class='ocr_carea' id='block_1_8' title="bbox 1238 878 1446 935">
    <p class='ocr_par' dir='ltr' id='par_1_8' title="bbox 1238 878 1446 935">
     <span class='ocr_line' id='line_1_13' title="bbox 1238 878 1446 935; baseline -0.005 -13"><span class='ocrx_word' id='word_1_77' title='bbox 1238 878 1446 935; x_wconf 76' lang='grc' dir='ltr'>θυομένῳ</span> 
     </span>
    </p>
   </div>
   <div class='ocr_carea' id='block_1_9' title="bbox 165 943 1504 1071">
    <p class='ocr_par' dir='ltr' id='par_1_9' title="bbox 165 943 1504 1071">
     <span class='ocr_line' id='line_1_14' title="bbox 193 943 1444 1003; baseline 0.001 -14"><span class='ocrx_word' id='word_1_78' title='bbox 193 947 236 989; x_wconf 80' lang='grc' dir='ltr'>οἱ</span> <span class='ocrx_word' id='word_1_79' title='bbox 262 945 329 989; x_wconf 76' lang='grc' dir='ltr'>ἐπὶ</span> <span class='ocrx_word' id='word_1_80' title='bbox 358 951 418 1003; x_wconf 81' lang='grc' dir='ltr'>τῷ</span> <span class='ocrx_word' id='word_1_81' title='bbox 449 947 612 1003; x_wconf 73' lang='grc' dir='ltr'><strong><em>Πέρσῃ,</em></strong></span> <span class='ocrx_word' id='word_1_82' title='bbox 639 943 797 1001; x_wconf 81' lang='grc' dir='ltr'><strong><em>ὁῆλιος</em></strong></span> <span class='ocrx_word' id='word_1_83' title='bbox 827 945 1070 1001; x_wconf 73' lang='grc' dir='ltr'>ἀμαυρώθη</span> <span class='ocrx_word' id='word_1_84' title='bbox 1101 945 1147 989; x_wconf 76' lang='grc' dir='ltr'><strong><em>ἐν</em></strong></span> <span class='ocrx_word' id='word_1_85' title='bbox 1167 950 1228 1002; x_wconf 77' lang='grc' dir='ltr'>τῷ</span> <span class='ocrx_word' id='word_1_86' title='bbox 1252 945 1444 1002; x_wconf 74' lang='grc' dir='ltr'><strong><em>οὐρανῷ.</em></strong></span> 
     </span>
     <span class='ocr_line' id='line_1_15' title="bbox 165 1011 1504 1071; baseline -0.001 -16"><span class='ocrx_word' id='word_1_87' title='bbox 165 1013 500 1070; x_wconf 82' lang='grc' dir='ltr'><strong><em>5προσαιρέεται</em></strong></span> <span class='ocrx_word' id='word_1_88' title='bbox 519 1014 563 1059; x_wconf 76' lang='grc' dir='ltr'>δὲ</span> <span class='ocrx_word' id='word_1_89' title='bbox 581 1014 726 1071; x_wconf 80' lang='grc' dir='ltr'><em>ἑωυτῷ</em></span> <span class='ocrx_word' id='word_1_90' title='bbox 752 1016 1006 1070; x_wconf 81' lang='grc' dir='ltr'><strong><em>Παυσανίης</em></strong></span> <span class='ocrx_word' id='word_1_91' title='bbox 1025 1011 1339 1069; x_wconf 83' lang='grc' dir='ltr'><strong><em>Εὐρυάνακτα,</em></strong></span> <span class='ocrx_word' id='word_1_92' title='bbox 1369 1013 1446 1057; x_wconf 86' lang='grc' dir='ltr'><strong><em>τὸν</em></strong></span> <span class='ocrx_word' id='word_1_93' title='bbox 1457 1021 1504 1055; x_wconf 86' lang='grc'>50</span> 
     </span>
    </p>
   </div>
   <div class='ocr_carea' id='block_1_10' title="bbox 136 1090 405 1096">
    <p class='ocr_par' dir='ltr' id='par_1_10' title="bbox 136 1090 405 1096">
     <span class='ocr_line' id='line_1_16' title="bbox 136 1090 405 1096; baseline 0 0"><span class='ocrx_word' id='word_1_94' title='bbox 136 1090 405 1096; x_wconf 95' lang='lat' dir='ltr'> </span> 
     </span>
    </p>
   </div>
   <div class='ocr_carea' id='block_1_11' title="bbox 133 1130 794 2818">
    <p class='ocr_par' dir='ltr' id='par_1_11' title="bbox 133 1130 794 2818">
     <span class='ocr_line' id='line_1_17' title="bbox 138 1130 793 1182; baseline 0.002 -16"><span class='ocrx_word' id='word_1_95' title='bbox 138 1144 159 1166; x_wconf 88' lang='lat' dir='ltr'>e</span> <span class='ocrx_word' id='word_1_96' title='bbox 177 1132 245 1179; x_wconf 89' lang='lat' dir='ltr'>IX,</span> <span class='ocrx_word' id='word_1_97' title='bbox 272 1134 324 1173; x_wconf 74' lang='lat'>28</span> <span class='ocrx_word' id='word_1_98' title='bbox 346 1130 421 1169; x_wconf 89' lang='lat' dir='ltr'>huc</span> <span class='ocrx_word' id='word_1_99' title='bbox 437 1132 537 1168; x_wconf 88' lang='lat' dir='ltr'>male</span> <span class='ocrx_word' id='word_1_100' title='bbox 558 1131 793 1182; x_wconf 87' lang='lat' dir='ltr'>transposita.</span> 
     </span>
     <span class='ocr_line' id='line_1_18' title="bbox 138 1187 794 1239; baseline 0.003 -16"><span class='ocrx_word' id='word_1_101' title='bbox 138 1188 266 1233; x_wconf 79' lang='lat' dir='ltr'>Quum</span> <span class='ocrx_word' id='word_1_102' title='bbox 303 1202 393 1225; x_wconf 75' lang='lat' dir='ltr'>vero</span> <span class='ocrx_word' id='word_1_103' title='bbox 422 1189 462 1224; x_wconf 86' lang='lat' dir='ltr'>in</span> <span class='ocrx_word' id='word_1_104' title='bbox 496 1188 648 1239; x_wconf 83' lang='lat' dir='ltr'>reliquis</span> <span class='ocrx_word' id='word_1_105' title='bbox 673 1187 794 1225; x_wconf 85' lang='lat' dir='ltr'>adsint</span> 
     </span>
     <span class='ocr_line' id='line_1_19' title="bbox 138 1243 792 1294; baseline 0 -14"><span class='ocrx_word' id='word_1_106' title='bbox 138 1243 262 1290; x_wconf 78' lang='lat' dir='ltr'>codd,</span> <span class='ocrx_word' id='word_1_107' title='bbox 283 1257 354 1281; x_wconf 88' lang='lat' dir='ltr'>nec</span> <span class='ocrx_word' id='word_1_108' title='bbox 375 1246 453 1281; x_wconf 89' lang='lat' dir='ltr'>ulla</span> <span class='ocrx_word' id='word_1_109' title='bbox 474 1251 652 1294; x_wconf 81' lang='lat' dir='ltr'>appareat</span> <span class='ocrx_word' id='word_1_110' title='bbox 669 1256 792 1292; x_wconf 88' lang='lat' dir='ltr'>causa,</span> 
     </span>
     <span class='ocr_line' id='line_1_20' title="bbox 137 1299 792 1353; baseline 0 -17"><span class='ocrx_word' id='word_1_111' title='bbox 137 1313 206 1336; x_wconf 86' lang='lat' dir='ltr'>cur</span> <span class='ocrx_word' id='word_1_112' title='bbox 230 1299 303 1337; x_wconf 93' lang='lat' dir='ltr'>hoc</span> <span class='ocrx_word' id='word_1_113' title='bbox 334 1314 488 1353; x_wconf 88' lang='lat' dir='ltr'>quoque</span> <span class='ocrx_word' id='word_1_114' title='bbox 507 1302 589 1338; x_wconf 88' lang='lat' dir='ltr'>loco</span> <span class='ocrx_word' id='word_1_115' title='bbox 606 1302 670 1337; x_wconf 83' lang='lat' dir='ltr'>illa</span> <span class='ocrx_word' id='word_1_116' title='bbox 689 1313 792 1337; x_wconf 91' lang='lat' dir='ltr'>com-</span> 
     </span>
     <span class='ocr_line' id='line_1_21' title="bbox 137 1355 792 1407; baseline 0 -15"><span class='ocrx_word' id='word_1_117' title='bbox 137 1355 252 1392; x_wconf 88' lang='lat' dir='ltr'>mode</span> <span class='ocrx_word' id='word_1_118' title='bbox 300 1357 387 1394; x_wconf 88' lang='lat' dir='ltr'>addi</span> <span class='ocrx_word' id='word_1_119' title='bbox 441 1356 545 1394; x_wconf 85' lang='lat' dir='ltr'>haud</span> <span class='ocrx_word' id='word_1_120' title='bbox 588 1359 792 1407; x_wconf 83' lang='lat' dir='ltr'>potuerint,</span> 
     </span>
     <span class='ocr_line' id='line_1_22' title="bbox 138 1410 791 1464; baseline 0 -16"><span class='ocrx_word' id='word_1_121' title='bbox 138 1412 317 1463; x_wconf 85' lang='lat' dir='ltr'>equidem</span> <span class='ocrx_word' id='word_1_122' title='bbox 330 1412 642 1463; x_wconf 85' lang='lat' dir='ltr'>cumSchweigb.</span> <span class='ocrx_word' id='word_1_123' title='bbox 656 1410 791 1464; x_wconf 88' lang='lat' dir='ltr'>(quem</span> 
     </span>
     <span class='ocr_line' id='line_1_23' title="bbox 136 1469 791 1520; baseline 0.002 -16"><span class='ocrx_word' id='word_1_124' title='bbox 136 1470 272 1520; x_wconf 81' lang='lat' dir='ltr'>reliqui</span> <span class='ocrx_word' id='word_1_125' title='bbox 304 1469 389 1507; x_wconf 89' lang='lat' dir='ltr'>edd.</span> <span class='ocrx_word' id='word_1_126' title='bbox 422 1471 535 1506; x_wconf 87' lang='lat' dir='ltr'>etiam</span> <span class='ocrx_word' id='word_1_127' title='bbox 568 1471 702 1506; x_wconf 89' lang='lat' dir='ltr'>merito</span> <span class='ocrx_word' id='word_1_128' title='bbox 729 1483 791 1506; x_wconf 90' lang='lat' dir='ltr'>se-</span> 
     </span>
     <span class='ocr_line' id='line_1_24' title="bbox 136 1525 787 1576; baseline 0.002 -15"><span class='ocrx_word' id='word_1_129' title='bbox 136 1527 213 1561; x_wconf 92' lang='lat' dir='ltr'>cuti</span> <span class='ocrx_word' id='word_1_130' title='bbox 236 1525 338 1576; x_wconf 88' lang='lat' dir='ltr'>sunt)</span> <span class='ocrx_word' id='word_1_131' title='bbox 354 1539 396 1562; x_wconf 89' lang='lat' dir='ltr'>ea</span> <span class='ocrx_word' id='word_1_132' title='bbox 413 1527 550 1563; x_wconf 90' lang='lat' dir='ltr'>retinui</span> <span class='ocrx_word' id='word_1_133' title='bbox 570 1532 787 1574; x_wconf 80' lang='lat' dir='ltr'>annotante,</span> 
     </span>
     <span class='ocr_line' id='line_1_25' title="bbox 135 1580 788 1634; baseline 0.006 -17"><span class='ocrx_word' id='word_1_134' title='bbox 135 1582 246 1618; x_wconf 84' lang='lat' dir='ltr'><strong>scribi</strong></span> <span class='ocrx_word' id='word_1_135' title='bbox 273 1595 425 1634; x_wconf 88' lang='lat' dir='ltr'>quoque</span> <span class='ocrx_word' id='word_1_136' title='bbox 457 1596 565 1633; x_wconf 86' lang='lat' dir='ltr'>posse</span> <span class='ocrx_word' id='word_1_137' title='bbox 597 1580 788 1622; x_wconf 76' lang='grc' dir='ltr'><strong><em>εἱλωτέων</em></strong></span> 
     </span>
     <span class='ocr_line' id='line_1_26' title="bbox 136 1636 787 1689; baseline 0.003 -16"><span class='ocrx_word' id='word_1_138' title='bbox 136 1651 158 1674; x_wconf 91' lang='lat' dir='ltr'>a</span> <span class='ocrx_word' id='word_1_139' title='bbox 184 1651 277 1674; x_wconf 73' lang='lat' dir='ltr'>voce</span> <span class='ocrx_word' id='word_1_140' title='bbox 307 1636 468 1689; x_wconf 75' lang='grc' dir='ltr'><strong><em>εἷλῶτης</em></strong></span> <span class='ocrx_word' id='word_1_141' title='bbox 501 1639 591 1687; x_wconf 86' lang='grc' dir='ltr'>(ΙΧ,</span> <span class='ocrx_word' id='word_1_142' title='bbox 629 1641 693 1679; x_wconf 79' lang='lat'>28.</span> <span class='ocrx_word' id='word_1_143' title='bbox 722 1639 787 1687; x_wconf 85' lang='lat' dir='ltr'>VI,</span> 
     </span>
     <span class='ocr_line' id='line_1_27' title="bbox 135 1693 791 1747; baseline -0.003 -14"><span class='ocrx_word' id='word_1_144' title='bbox 135 1693 200 1733; x_wconf 88' lang='lat'>58.</span> <span class='ocrx_word' id='word_1_145' title='bbox 225 1694 291 1735; x_wconf 86' lang='lat'>75.</span> <span class='ocrx_word' id='word_1_146' title='bbox 323 1697 406 1744; x_wconf 87' lang='lat'>80),</span> <span class='ocrx_word' id='word_1_147' title='bbox 438 1708 672 1747; x_wconf 85' lang='lat' dir='ltr'>quamquam</span> <span class='ocrx_word' id='word_1_148' title='bbox 695 1696 791 1732; x_wconf 78' lang='lat' dir='ltr'>alte-</span> 
     </span>
     <span class='ocr_line' id='line_1_28' title="bbox 133 1749 792 1799; baseline 0.006 -14"><span class='ocrx_word' id='word_1_149' title='bbox 133 1762 174 1786; x_wconf 87' lang='lat' dir='ltr'>ra</span> <span class='ocrx_word' id='word_1_150' title='bbox 211 1752 323 1787; x_wconf 84' lang='lat' dir='ltr'>etiam</span> <span class='ocrx_word' id='word_1_151' title='bbox 346 1752 470 1788; x_wconf 86' lang='lat' dir='ltr'>forma</span> <span class='ocrx_word' id='word_1_152' title='bbox 500 1750 522 1792; x_wconf 89' lang='grc' dir='ltr'>ό</span> <span class='ocrx_word' id='word_1_153' title='bbox 549 1749 659 1799; x_wconf 74' lang='grc' dir='ltr'><strong><em>εἰλῶς</em></strong></span> <span class='ocrx_word' id='word_1_154' title='bbox 682 1752 792 1789; x_wconf 80' lang='lat' dir='ltr'>inve-</span> 
     </span>
     <span class='ocr_line' id='line_1_29' title="bbox 133 1807 792 1856; baseline 0.011 -15"><span class='ocrx_word' id='word_1_155' title='bbox 133 1807 237 1842; x_wconf 86' lang='lat' dir='ltr'>nitur</span> <span class='ocrx_word' id='word_1_156' title='bbox 267 1808 354 1855; x_wconf 87' lang='lat' dir='ltr'>Vll,</span> <span class='ocrx_word' id='word_1_157' title='bbox 384 1811 479 1849; x_wconf 78' lang='lat'>229.</span> <span class='ocrx_word' id='word_1_158' title='bbox 508 1809 578 1856; x_wconf 84' lang='lat' dir='ltr'>VI,</span> <span class='ocrx_word' id='word_1_159' title='bbox 619 1811 685 1849; x_wconf 84' lang='lat'>81.</span> <span class='ocrx_word' id='word_1_160' title='bbox 733 1810 792 1844; x_wconf 73' lang='lat' dir='ltr'>De</span> 
     </span>
     <span class='ocr_line' id='line_1_30' title="bbox 135 1862 792 1915; baseline 0.005 -17"><span class='ocrx_word' id='word_1_161' title='bbox 135 1862 221 1912; x_wconf 89' lang='lat' dir='ltr'>ipsis</span> <span class='ocrx_word' id='word_1_162' title='bbox 241 1865 398 1901; x_wconf 81' lang='lat' dir='ltr'>Hellotis</span> <span class='ocrx_word' id='word_1_163' title='bbox 416 1866 621 1915; x_wconf 86' lang='lat' dir='ltr'>Spartanos</span> <span class='ocrx_word' id='word_1_164' title='bbox 644 1863 692 1901; x_wconf 92' lang='lat' dir='ltr'>ad</span> <span class='ocrx_word' id='word_1_165' title='bbox 712 1865 792 1901; x_wconf 91' lang='lat' dir='ltr'>bel-</span> 
     </span>
     <span class='ocr_line' id='line_1_31' title="bbox 135 1919 793 1970; baseline 0.005 -16"><span class='ocrx_word' id='word_1_166' title='bbox 135 1919 217 1955; x_wconf 90' lang='lat' dir='ltr'>lum</span> <span class='ocrx_word' id='word_1_167' title='bbox 253 1921 530 1970; x_wconf 85' lang='lat' dir='ltr'>proficiscentes</span> <span class='ocrx_word' id='word_1_168' title='bbox 576 1922 793 1958; x_wconf 88' lang='lat' dir='ltr'>comitanti-</span> 
     </span>
     <span class='ocr_line' id='line_1_32' title="bbox 136 1976 789 2025; baseline 0.005 -14"><span class='ocrx_word' id='word_1_169' title='bbox 136 1976 206 2012; x_wconf 89' lang='lat' dir='ltr'>bus</span> <span class='ocrx_word' id='word_1_170' title='bbox 233 1977 334 2014; x_wconf 89' lang='lat' dir='ltr'>conf.</span> <span class='ocrx_word' id='word_1_171' title='bbox 363 1984 457 2016; x_wconf 88' lang='lat' dir='ltr'>nott.</span> <span class='ocrx_word' id='word_1_172' title='bbox 492 1976 540 2014; x_wconf 90' lang='lat' dir='ltr'>ad</span> <span class='ocrx_word' id='word_1_173' title='bbox 567 1979 655 2025; x_wconf 83' lang='lat' dir='ltr'>VII,</span> <span class='ocrx_word' id='word_1_174' title='bbox 687 1980 789 2017; x_wconf 76' lang='lat'>202:</span> 
     </span>
     <span class='ocr_line' id='line_1_33' title="bbox 137 2033 792 2083; baseline 0.005 -17"><span class='ocrx_word' id='word_1_175' title='bbox 137 2044 254 2083; x_wconf 84' lang='lat' dir='ltr'>quam</span> <span class='ocrx_word' id='word_1_176' title='bbox 298 2034 336 2070; x_wconf 88' lang='lat' dir='ltr'>iu</span> <span class='ocrx_word' id='word_1_177' title='bbox 383 2047 464 2070; x_wconf 87' lang='lat' dir='ltr'>rem</span> <span class='ocrx_word' id='word_1_178' title='bbox 497 2033 792 2071; x_wconf 85' lang='lat' dir='ltr'>Valckenaerius</span> 
     </span>
     <span class='ocr_line' id='line_1_34' title="bbox 137 2089 791 2142; baseline 0.003 -18"><span class='ocrx_word' id='word_1_179' title='bbox 137 2101 292 2139; x_wconf 88' lang='lat' dir='ltr'>quoque</span> <span class='ocrx_word' id='word_1_180' title='bbox 329 2089 436 2128; x_wconf 85' lang='lat' dir='ltr'>affert</span> <span class='ocrx_word' id='word_1_181' title='bbox 464 2089 685 2142; x_wconf 88' lang='lat' dir='ltr'><strong>Thucydid.</strong></span> <span class='ocrx_word' id='word_1_182' title='bbox 728 2090 791 2138; x_wconf 90' lang='lat' dir='ltr'>IV,</span> 
     </span>
     <span class='ocr_line' id='line_1_35' title="bbox 136 2120 793 2193; baseline -0.003 -10"><span class='ocrx_word' id='word_1_183' title='bbox 136 2146 202 2183; x_wconf 88' lang='grc'>80.</span> <span class='ocrx_word' id='word_1_184' title='bbox 232 2146 277 2192; x_wconf 88' lang='lat' dir='ltr'>V,</span> <span class='ocrx_word' id='word_1_185' title='bbox 300 2146 365 2186; x_wconf 88' lang='lat'>57.</span> <span class='ocrx_word' id='word_1_186' title='bbox 391 2146 455 2187; x_wconf 87' lang='lat'>64.</span> <span class='ocrx_word' id='word_1_187' title='bbox 486 2148 571 2193; x_wconf 79' lang='lat' dir='ltr'>VII,</span> <span class='ocrx_word' id='word_1_188' title='bbox 599 2148 662 2186; x_wconf 87' lang='lat'>19.</span> <span class='ocrx_word' id='word_1_189' title='bbox 694 2120 793 2182; x_wconf 67' lang='lat' dir='ltr'>cuni</span> 
     </span>
     <span class='ocr_line' id='line_1_36' title="bbox 134 2200 792 2241; baseline 0.006 -5"><span class='ocrx_word' id='word_1_190' title='bbox 134 2200 328 2238; x_wconf 79' lang='lat' dir='ltr'>Herodoto</span> <span class='ocrx_word' id='word_1_191' title='bbox 355 2205 531 2240; x_wconf 84' lang='lat' dir='ltr'>convenit</span> <span class='ocrx_word' id='word_1_192' title='bbox 561 2204 661 2241; x_wconf 83' lang='lat' dir='ltr'>Plut.</span> <span class='ocrx_word' id='word_1_193' title='bbox 678 2203 792 2240; x_wconf 89' lang='lat' dir='ltr'>Arist.</span> 
     </span>
     <span class='ocr_line' id='line_1_37' title="bbox 139 2258 754 2310; baseline 0.005 -15"><span class='ocrx_word' id='word_1_194' title='bbox 139 2258 204 2297; x_wconf 86' lang='lat'>10.</span> <span class='ocrx_word' id='word_1_195' title='bbox 220 2259 238 2293; x_wconf 96' lang='lat' dir='ltr'><strong>I</strong></span> <span class='ocrx_word' id='word_1_196' title='bbox 257 2272 295 2308; x_wconf 88' lang='lat' dir='ltr'>p.</span> <span class='ocrx_word' id='word_1_197' title='bbox 308 2259 387 2299; x_wconf 79' lang='lat'>325</span> <span class='ocrx_word' id='word_1_198' title='bbox 409 2261 494 2296; x_wconf 81' lang='lat'>0011.</span> <span class='ocrx_word' id='word_1_199' title='bbox 514 2260 549 2296; x_wconf 89' lang='lat'>11</span> <span class='ocrx_word' id='word_1_200' title='bbox 561 2274 598 2310; x_wconf 91' lang='lat' dir='ltr'>p.</span> <span class='ocrx_word' id='word_1_201' title='bbox 612 2261 688 2300; x_wconf 85' lang='lat'>871</span> <span class='ocrx_word' id='word_1_202' title='bbox 708 2261 754 2298; x_wconf 90' lang='lat' dir='ltr'>E.</span> 
     </span>
     <span class='ocr_line' id='line_1_38' title="bbox 192 2312 792 2366; baseline 0.002 -15"><span class='ocrx_word' id='word_1_203' title='bbox 192 2312 490 2366; x_wconf 79' lang='grc' dir='ltr'><strong><em>ἐπιτρέψαντες]</em></strong></span> <span class='ocrx_word' id='word_1_204' title='bbox 519 2318 575 2352; x_wconf 87' lang='lat' dir='ltr'>Ita</span> <span class='ocrx_word' id='word_1_205' title='bbox 603 2330 623 2352; x_wconf 94' lang='lat' dir='ltr'>e</span> <span class='ocrx_word' id='word_1_206' title='bbox 645 2314 792 2353; x_wconf 88' lang='lat' dir='ltr'>duobus</span> 
     </span>
     <span class='ocr_line' id='line_1_39' title="bbox 137 2367 793 2424; baseline 0.009 -21"><span class='ocrx_word' id='word_1_207' title='bbox 137 2367 249 2406; x_wconf 86' lang='lat' dir='ltr'>codd.</span> <span class='ocrx_word' id='word_1_208' title='bbox 267 2369 383 2408; x_wconf 83' lang='lat' dir='ltr'>edidit</span> <span class='ocrx_word' id='word_1_209' title='bbox 401 2374 632 2424; x_wconf 81' lang='lat' dir='ltr'>VVesseling,</span> <span class='ocrx_word' id='word_1_210' title='bbox 659 2373 793 2409; x_wconf 90' lang='lat' dir='ltr'>confe-</span> 
     </span>
     <span class='ocr_line' id='line_1_40' title="bbox 139 2428 791 2476; baseline 0.018 -17"><span class='ocrx_word' id='word_1_211' title='bbox 139 2436 225 2461; x_wconf 84' lang='lat' dir='ltr'><strong>rens</strong></span> <span class='ocrx_word' id='word_1_212' title='bbox 250 2428 325 2475; x_wconf 83' lang='grc' dir='ltr'>ΠΙ,</span> <span class='ocrx_word' id='word_1_213' title='bbox 361 2428 454 2469; x_wconf 88' lang='grc'>155</span> <span class='ocrx_word' id='word_1_214' title='bbox 493 2429 690 2476; x_wconf 80' lang='lat' dir='ltr'>V11,52.</span> <span class='ocrx_word' id='word_1_215' title='bbox 746 2430 791 2465; x_wconf 78' lang='grc' dir='ltr'>ΙΙ]</span> 
     </span>
     <span class='ocr_line' id='line_1_41' title="bbox 138 2480 793 2536; baseline 0.014 -21"><span class='ocrx_word' id='word_1_216' title='bbox 138 2480 355 2520; x_wconf 79' lang='lat' dir='ltr'>Florentino</span> <span class='ocrx_word' id='word_1_217' title='bbox 375 2485 528 2536; x_wconf 87' lang='lat' dir='ltr'>aliisque</span> <span class='ocrx_word' id='word_1_218' title='bbox 555 2492 675 2522; x_wconf 84' lang='lat' dir='ltr'>exstat</span> <span class='ocrx_word' id='word_1_219' title='bbox 706 2484 793 2525; x_wconf 80' lang='grc' dir='ltr'><strong><em>ἔπι-</em></strong></span> 
     </span>
     <span class='ocr_line' id='line_1_42' title="bbox 138 2535 792 2592; baseline 0.009 -20"><span class='ocrx_word' id='word_1_220' title='bbox 138 2535 335 2584; x_wconf 79' lang='grc' dir='ltr'><strong><em>τάξαντες.</em></strong></span> <span class='ocrx_word' id='word_1_221' title='bbox 410 2541 526 2578; x_wconf 86' lang='lat' dir='ltr'>Schw</span> <span class='ocrx_word' id='word_1_222' title='bbox 529 2541 792 2592; x_wconf 84' lang='lat' dir='ltr'>eighaeuserus</span> 
     </span>
     <span class='ocr_line' id='line_1_43' title="bbox 139 2593 793 2647; baseline 0.017 -20"><span class='ocrx_word' id='word_1_223' title='bbox 139 2605 229 2628; x_wconf 90' lang='lat' dir='ltr'>cum</span> <span class='ocrx_word' id='word_1_224' title='bbox 265 2593 442 2633; x_wconf 87' lang='lat' dir='ltr'>Schulzio</span> <span class='ocrx_word' id='word_1_225' title='bbox 474 2599 603 2635; x_wconf 81' lang='lat' dir='ltr'>mallet</span> <span class='ocrx_word' id='word_1_226' title='bbox 638 2598 793 2647; x_wconf 77' lang='grc' dir='ltr'><strong><em>ἐπέτρε-</em></strong></span> 
     </span>
     <span class='ocr_line' id='line_1_44' title="bbox 138 2655 792 2703; baseline 0.008 -17"><span class='ocrx_word' id='word_1_227' title='bbox 138 2657 246 2696; x_wconf 72' lang='grc' dir='ltr'><strong><em>ψανε</em></strong></span> <span class='ocrx_word' id='word_1_228' title='bbox 279 2664 510 2703; x_wconf 85' lang='lat' dir='ltr'>quamquam</span> <span class='ocrx_word' id='word_1_229' title='bbox 535 2655 651 2691; x_wconf 80' lang='lat' dir='ltr'>verbo</span> <span class='ocrx_word' id='word_1_230' title='bbox 685 2655 792 2691; x_wconf 89' lang='lat' dir='ltr'>finito</span> 
     </span>
     <span class='ocr_line' id='line_1_45' title="bbox 138 2706 793 2756; baseline 0.011 -16"><span class='ocrx_word' id='word_1_231' title='bbox 138 2706 204 2741; x_wconf 76' lang='lat' dir='ltr'>vix</span> <span class='ocrx_word' id='word_1_232' title='bbox 245 2719 338 2756; x_wconf 88' lang='lat' dir='ltr'>opus</span> <span class='ocrx_word' id='word_1_233' title='bbox 370 2708 517 2746; x_wconf 86' lang='lat' dir='ltr'>videtur</span> <span class='ocrx_word' id='word_1_234' title='bbox 548 2711 587 2746; x_wconf 88' lang='lat' dir='ltr'>in</span> <span class='ocrx_word' id='word_1_235' title='bbox 623 2712 793 2747; x_wconf 86' lang='lat' dir='ltr'>oratione</span> 
     </span>
     <span class='ocr_line' id='line_1_46' title="bbox 139 2762 794 2818; baseline 0.012 -21"><span class='ocrx_word' id='word_1_236' title='bbox 139 2762 369 2804; x_wconf 84' lang='lat' dir='ltr'>Herodotea.</span> <span class='ocrx_word' id='word_1_237' title='bbox 426 2767 500 2802; x_wconf 89' lang='lat' dir='ltr'>Pro</span> <span class='ocrx_word' id='word_1_238' title='bbox 537 2768 690 2817; x_wconf 86' lang='lat' dir='ltr'>vulgata</span> <span class='ocrx_word' id='word_1_239' title='bbox 717 2766 794 2818; x_wconf 79' lang='grc' dir='ltr'><strong><em>ἐγί-</em></strong></span> 
     </span>
    </p>
   </div>
   <div class='ocr_carea' id='block_1_12' title="bbox 139 2821 796 2872">
    <p class='ocr_par' dir='ltr' id='par_1_12' title="bbox 139 2821 796 2872">
     <span class='ocr_line' id='line_1_47' title="bbox 139 2821 796 2872; baseline 0.003 -14"><span class='ocrx_word' id='word_1_240' title='bbox 139 2832 251 2869; x_wconf 80' lang='grc' dir='ltr'><strong><em>νετο,</em></strong></span> <span class='ocrx_word' id='word_1_241' title='bbox 279 2833 394 2872; x_wconf 75' lang='lat' dir='ltr'>quani</span> <span class='ocrx_word' id='word_1_242' title='bbox 420 2829 503 2872; x_wconf 82' lang='lat' dir='ltr'>post</span> <span class='ocrx_word' id='word_1_243' title='bbox 518 2821 710 2861; x_wconf 80' lang='lat' dir='ltr'>Schaefer.</span> <span class='ocrx_word' id='word_1_244' title='bbox 732 2830 796 2860; x_wconf 91' lang='lat' dir='ltr'>tu-</span> 
     </span>
    </p>
   </div>
   <div class='ocr_carea' id='block_1_13' title="bbox 842 1128 1514 2874">
    <p class='ocr_par' dir='ltr' id='par_1_13' title="bbox 849 1128 1504 1337">
     <span class='ocr_line' id='line_1_48' title="bbox 851 1128 1504 1182; baseline -0.002 -14"><span class='ocrx_word' id='word_1_245' title='bbox 851 1137 960 1168; x_wconf 86' lang='lat' dir='ltr'>entur</span> <span class='ocrx_word' id='word_1_246' title='bbox 974 1128 1109 1167; x_wconf 87' lang='lat' dir='ltr'>Matth.</span> <span class='ocrx_word' id='word_1_247' title='bbox 1126 1137 1162 1167; x_wconf 88' lang='lat' dir='ltr'>et</span> <span class='ocrx_word' id='word_1_248' title='bbox 1176 1129 1342 1169; x_wconf 83' lang='lat' dir='ltr'>Bekker.</span> <span class='ocrx_word' id='word_1_249' title='bbox 1356 1159 1367 1177; x_wconf 93' lang='lat'>,</span> <span class='ocrx_word' id='word_1_250' title='bbox 1393 1130 1504 1182; x_wconf 82' lang='lat' dir='ltr'>equi-</span> 
     </span>
     <span class='ocr_line' id='line_1_49' title="bbox 851 1186 1504 1239; baseline 0.005 -15"><span class='ocrx_word' id='word_1_251' title='bbox 851 1187 939 1225; x_wconf 88' lang='lat' dir='ltr'>dem</span> <span class='ocrx_word' id='word_1_252' title='bbox 956 1200 1041 1224; x_wconf 89' lang='lat' dir='ltr'>cum</span> <span class='ocrx_word' id='word_1_253' title='bbox 1064 1188 1216 1239; x_wconf 89' lang='lat' dir='ltr'>reliquis</span> <span class='ocrx_word' id='word_1_254' title='bbox 1236 1187 1324 1224; x_wconf 88' lang='lat' dir='ltr'>dedi</span> <span class='ocrx_word' id='word_1_255' title='bbox 1341 1186 1504 1238; x_wconf 74' lang='grc' dir='ltr'><strong><em>ἐγένετο,</em></strong></span> 
     </span>
     <span class='ocr_line' id='line_1_50' title="bbox 849 1244 1504 1293; baseline -0.002 -12"><span class='ocrx_word' id='word_1_256' title='bbox 849 1257 871 1281; x_wconf 88' lang='lat' dir='ltr'>a</span> <span class='ocrx_word' id='word_1_257' title='bbox 888 1244 1105 1281; x_wconf 83' lang='lat' dir='ltr'>Florentino</span> <span class='ocrx_word' id='word_1_258' title='bbox 1121 1271 1138 1289; x_wconf 81' lang='lat'>,</span> <span class='ocrx_word' id='word_1_259' title='bbox 1171 1244 1361 1281; x_wconf 88' lang='lat' dir='ltr'>Sancrofti</span> <span class='ocrx_word' id='word_1_260' title='bbox 1395 1245 1504 1293; x_wconf 86' lang='lat' dir='ltr'>libro,</span> 
     </span>
     <span class='ocr_line' id='line_1_51' title="bbox 849 1301 1118 1337; baseline 0 0"><span class='ocrx_word' id='word_1_261' title='bbox 849 1301 928 1337; x_wconf 89' lang='lat' dir='ltr'>aliis</span> <span class='ocrx_word' id='word_1_262' title='bbox 951 1301 1118 1337; x_wconf 86' lang='lat' dir='ltr'>allatum.</span> 
     </span>
    </p>

    <p class='ocr_par' dir='ltr' id='par_1_14' title="bbox 842 1350 1509 2255">
     <span class='ocr_line' id='line_1_52' title="bbox 903 1350 1504 1405; baseline -0.003 -9"><span class='ocrx_word' id='word_1_263' title='bbox 903 1353 1112 1405; x_wconf 75' lang='grc' dir='ltr'><strong><em>ἐπίτροπός</em></strong></span> <span class='ocrx_word' id='word_1_264' title='bbox 1143 1370 1183 1395; x_wconf 83' lang='grc' dir='ltr'>τε</span> <span class='ocrx_word' id='word_1_265' title='bbox 1212 1354 1280 1395; x_wconf 81' lang='grc' dir='ltr'>καὶ</span> <span class='ocrx_word' id='word_1_266' title='bbox 1318 1350 1504 1405; x_wconf 82' lang='grc' dir='ltr'><strong><em>οἷνεψιός]</em></strong></span> 
     </span>
     <span class='ocr_line' id='line_1_53' title="bbox 847 1411 1505 1463; baseline 0 -15"><span class='ocrx_word' id='word_1_267' title='bbox 847 1411 958 1458; x_wconf 78' lang='lat' dir='ltr'>Quod</span> <span class='ocrx_word' id='word_1_268' title='bbox 985 1411 1090 1448; x_wconf 86' lang='lat' dir='ltr'>idem</span> <span class='ocrx_word' id='word_1_269' title='bbox 1130 1413 1223 1449; x_wconf 89' lang='lat' dir='ltr'>olim</span> <span class='ocrx_word' id='word_1_270' title='bbox 1264 1413 1305 1448; x_wconf 88' lang='lat' dir='ltr'>in</span> <span class='ocrx_word' id='word_1_271' title='bbox 1326 1412 1505 1463; x_wconf 84' lang='lat' dir='ltr'>Lycurgo</span> 
     </span>
     <span class='ocr_line' id='line_1_54' title="bbox 845 1466 1507 1516; baseline -0.003 -10"><span class='ocrx_word' id='word_1_272' title='bbox 845 1470 1069 1516; x_wconf 85' lang='lat' dir='ltr'>obtinuisse,</span> <span class='ocrx_word' id='word_1_273' title='bbox 1093 1466 1270 1505; x_wconf 85' lang='lat' dir='ltr'><strong>discimus</strong></span> <span class='ocrx_word' id='word_1_274' title='bbox 1293 1481 1341 1504; x_wconf 86' lang='lat' dir='ltr'>ex</span> <span class='ocrx_word' id='word_1_275' title='bbox 1361 1467 1507 1510; x_wconf 80' lang='lat' dir='ltr'>Herod,</span> 
     </span>
     <span class='ocr_line' id='line_1_55' title="bbox 842 1525 1506 1574; baseline -0.005 -11"><span class='ocrx_word' id='word_1_276' title='bbox 842 1527 872 1574; x_wconf 94' lang='grc' dir='ltr'>Ι,</span> <span class='ocrx_word' id='word_1_277' title='bbox 891 1525 957 1566; x_wconf 86' lang='grc'>65.</span> <span class='ocrx_word' id='word_1_278' title='bbox 970 1526 1208 1563; x_wconf 86' lang='lat' dir='ltr'>Successerat</span> <span class='ocrx_word' id='word_1_279' title='bbox 1226 1526 1409 1560; x_wconf 88' lang='lat' dir='ltr'>nimirum</span> <span class='ocrx_word' id='word_1_280' title='bbox 1423 1525 1506 1560; x_wconf 88' lang='lat' dir='ltr'>Pli-</span> 
     </span>
     <span class='ocr_line' id='line_1_56' title="bbox 844 1580 1506 1632; baseline -0.003 -13"><span class='ocrx_word' id='word_1_281' title='bbox 844 1589 1004 1619; x_wconf 84' lang='lat' dir='ltr'>stoanax</span> <span class='ocrx_word' id='word_1_282' title='bbox 1037 1580 1267 1629; x_wconf 85' lang='lat' dir='ltr'>Plistarcho,</span> <span class='ocrx_word' id='word_1_283' title='bbox 1307 1582 1372 1632; x_wconf 90' lang='lat' dir='ltr'>qni</span> <span class='ocrx_word' id='word_1_284' title='bbox 1395 1582 1506 1631; x_wconf 87' lang='lat' dir='ltr'>regni</span> 
     </span>
     <span class='ocr_line' id='line_1_57' title="bbox 845 1637 1505 1686; baseline -0.002 -12"><span class='ocrx_word' id='word_1_285' title='bbox 845 1639 952 1675; x_wconf 82' lang='lat' dir='ltr'>initio</span> <span class='ocrx_word' id='word_1_286' title='bbox 973 1639 1127 1676; x_wconf 87' lang='lat' dir='ltr'>abierat.</span> <span class='ocrx_word' id='word_1_287' title='bbox 1156 1637 1244 1679; x_wconf 77' lang='lat' dir='ltr'>vid,</span> <span class='ocrx_word' id='word_1_288' title='bbox 1259 1639 1424 1674; x_wconf 86' lang='lat' dir='ltr'>Pausan.</span> <span class='ocrx_word' id='word_1_289' title='bbox 1438 1639 1505 1686; x_wconf 83' lang='grc' dir='ltr'>ΙΙΙ,</span> 
     </span>
     <span class='ocr_line' id='line_1_58' title="bbox 847 1694 1506 1744; baseline -0.003 -12"><span class='ocrx_word' id='word_1_290' title='bbox 847 1695 872 1736; x_wconf 89' lang='lat'><strong><em>5</em></strong></span> <span class='ocrx_word' id='word_1_291' title='bbox 895 1697 932 1740; x_wconf 65' lang='grc' dir='ltr'>ξ.</span> <span class='ocrx_word' id='word_1_292' title='bbox 955 1698 974 1734; x_wconf 90' lang='grc'>1</span> <span class='ocrx_word' id='word_1_293' title='bbox 1002 1695 1085 1734; x_wconf 93' lang='lat' dir='ltr'>coll.</span> <span class='ocrx_word' id='word_1_294' title='bbox 1103 1697 1170 1744; x_wconf 89' lang='grc' dir='ltr'>ΙΙΙ,</span> <span class='ocrx_word' id='word_1_295' title='bbox 1196 1694 1222 1734; x_wconf 89' lang='lat'>4</span> <span class='ocrx_word' id='word_1_296' title='bbox 1245 1696 1281 1740; x_wconf 65' lang='grc' dir='ltr'>ξ.</span> <span class='ocrx_word' id='word_1_297' title='bbox 1306 1698 1348 1735; x_wconf 92' lang='grc'>7.</span> <span class='ocrx_word' id='word_1_298' title='bbox 1372 1717 1419 1723; x_wconf 89' lang='grc'>-</span> <span class='ocrx_word' id='word_1_299' title='bbox 1446 1696 1506 1731; x_wconf 87' lang='lat' dir='ltr'>De</span> 
     </span>
     <span class='ocr_line' id='line_1_59' title="bbox 851 1751 1506 1798; baseline -0.003 -9"><span class='ocrx_word' id='word_1_300' title='bbox 851 1751 1059 1789; x_wconf 80' lang='lat' dir='ltr'>Cleombroto</span> <span class='ocrx_word' id='word_1_301' title='bbox 1086 1751 1162 1790; x_wconf 76' lang='lat' dir='ltr'>vid.</span> <span class='ocrx_word' id='word_1_302' title='bbox 1187 1753 1294 1798; x_wconf 82' lang='lat' dir='ltr'>VIII,</span> <span class='ocrx_word' id='word_1_303' title='bbox 1325 1754 1390 1792; x_wconf 89' lang='lat'>71.</span> <span class='ocrx_word' id='word_1_304' title='bbox 1446 1753 1506 1787; x_wconf 90' lang='lat' dir='ltr'>De</span> 
     </span>
     <span class='ocr_line' id='line_1_60' title="bbox 848 1806 1503 1861; baseline 0 -16"><span class='ocrx_word' id='word_1_305' title='bbox 848 1821 920 1845; x_wconf 86' lang='lat' dir='ltr'>usu</span> <span class='ocrx_word' id='word_1_306' title='bbox 950 1809 1136 1859; x_wconf 88' lang='lat' dir='ltr'>participii</span> <span class='ocrx_word' id='word_1_307' title='bbox 1169 1806 1360 1861; x_wconf 77' lang='grc' dir='ltr'><em>θυομένῳ</em></span> <span class='ocrx_word' id='word_1_308' title='bbox 1379 1820 1503 1859; x_wconf 85' lang='lat' dir='ltr'>expo-</span> 
     </span>
     <span class='ocr_line' id='line_1_61' title="bbox 849 1863 1508 1912; baseline 0 -11"><span class='ocrx_word' id='word_1_309' title='bbox 849 1866 922 1902; x_wconf 87' lang='lat' dir='ltr'>suit</span> <span class='ocrx_word' id='word_1_310' title='bbox 940 1863 1073 1901; x_wconf 83' lang='lat' dir='ltr'>Matth.</span> <span class='ocrx_word' id='word_1_311' title='bbox 1097 1867 1163 1902; x_wconf 88' lang='lat' dir='ltr'>Gr.</span> <span class='ocrx_word' id='word_1_312' title='bbox 1186 1866 1252 1904; x_wconf 89' lang='lat' dir='ltr'>Gr.</span> <span class='ocrx_word' id='word_1_313' title='bbox 1280 1866 1316 1910; x_wconf 62' lang='grc' dir='ltr'>ξ.</span> <span class='ocrx_word' id='word_1_314' title='bbox 1338 1867 1419 1905; x_wconf 77' lang='grc'>888</span> <span class='ocrx_word' id='word_1_315' title='bbox 1435 1894 1444 1912; x_wconf 92' lang='grc'>,</span> <span class='ocrx_word' id='word_1_316' title='bbox 1472 1878 1508 1902; x_wconf 89' lang='lat' dir='ltr'>c.</span> 
     </span>
     <span class='ocr_line' id='line_1_62' title="bbox 849 1922 1506 1972; baseline 0.005 -14"><span class='ocrx_word' id='word_1_317' title='bbox 849 1935 887 1971; x_wconf 89' lang='lat' dir='ltr'>p.</span> <span class='ocrx_word' id='word_1_318' title='bbox 909 1924 985 1961; x_wconf 85' lang='lat'>711</span> <span class='ocrx_word' id='word_1_319' title='bbox 1010 1928 1046 1958; x_wconf 92' lang='lat' dir='ltr'>et</span> <span class='ocrx_word' id='word_1_320' title='bbox 1062 1923 1098 1967; x_wconf 82' lang='lat'>§.</span> <span class='ocrx_word' id='word_1_321' title='bbox 1119 1922 1210 1967; x_wconf 78' lang='lat'>562,</span> <span class='ocrx_word' id='word_1_322' title='bbox 1231 1924 1256 1961; x_wconf 80' lang='lat'>2</span> <span class='ocrx_word' id='word_1_323' title='bbox 1274 1933 1362 1972; x_wconf 84' lang='lat' dir='ltr'>pag.</span> <span class='ocrx_word' id='word_1_324' title='bbox 1387 1923 1506 1967; x_wconf 87' lang='lat'>1109,</span> 
     </span>
     <span class='ocr_line' id='line_1_63' title="bbox 850 1976 1508 2029; baseline 0.006 -17"><span class='ocrx_word' id='word_1_325' title='bbox 850 1978 916 2029; x_wconf 91' lang='lat' dir='ltr'>qui</span> <span class='ocrx_word' id='word_1_326' title='bbox 940 1976 1043 2014; x_wconf 88' lang='lat' dir='ltr'>idem</span> <span class='ocrx_word' id='word_1_327' title='bbox 1071 1980 1107 2024; x_wconf 82' lang='lat'>§.</span> <span class='ocrx_word' id='word_1_328' title='bbox 1126 1978 1206 2018; x_wconf 80' lang='lat'>585</span> <span class='ocrx_word' id='word_1_329' title='bbox 1233 1978 1299 2014; x_wconf 88' lang='lat' dir='ltr'>fin.</span> <span class='ocrx_word' id='word_1_330' title='bbox 1332 1991 1370 2028; x_wconf 87' lang='lat' dir='ltr'>p.</span> <span class='ocrx_word' id='word_1_331' title='bbox 1398 1979 1508 2017; x_wconf 85' lang='grc'>1166</span> 
     </span>
     <span class='ocr_line' id='line_1_64' title="bbox 849 2033 1509 2085; baseline -0.003 -14"><span class='ocrx_word' id='word_1_332' title='bbox 849 2034 1065 2071; x_wconf 83' lang='lat' dir='ltr'>consulatur</span> <span class='ocrx_word' id='word_1_333' title='bbox 1092 2033 1139 2071; x_wconf 84' lang='lat' dir='ltr'>de</span> <span class='ocrx_word' id='word_1_334' title='bbox 1158 2047 1229 2071; x_wconf 89' lang='lat' dir='ltr'>usu</span> <span class='ocrx_word' id='word_1_335' title='bbox 1258 2033 1509 2085; x_wconf 87' lang='lat' dir='ltr'>praepositio-</span> 
     </span>
     <span class='ocr_line' id='line_1_65' title="bbox 848 2088 1507 2144; baseline 0 -18"><span class='ocrx_word' id='word_1_336' title='bbox 848 2092 908 2127; x_wconf 86' lang='lat' dir='ltr'>nis</span> <span class='ocrx_word' id='word_1_337' title='bbox 923 2089 985 2129; x_wconf 80' lang='grc' dir='ltr'>ἐπὶ</span> <span class='ocrx_word' id='word_1_338' title='bbox 1004 2092 1044 2126; x_wconf 93' lang='lat' dir='ltr'>in</span> <span class='ocrx_word' id='word_1_339' title='bbox 1063 2091 1186 2128; x_wconf 83' lang='lat' dir='ltr'>verbis</span> <span class='ocrx_word' id='word_1_340' title='bbox 1205 2089 1269 2130; x_wconf 81' lang='grc' dir='ltr'>ἐπὶ</span> <span class='ocrx_word' id='word_1_341' title='bbox 1281 2092 1337 2144; x_wconf 78' lang='grc' dir='ltr'>τῷ</span> <span class='ocrx_word' id='word_1_342' title='bbox 1356 2088 1507 2142; x_wconf 82' lang='grc' dir='ltr'><strong><em>Πέρσῃ,</em></strong></span> 
     </span>
     <span class='ocr_line' id='line_1_66' title="bbox 850 2145 1507 2198; baseline -0.002 -16"><span class='ocrx_word' id='word_1_343' title='bbox 850 2148 1076 2198; x_wconf 86' lang='lat' dir='ltr'>quibuscum</span> <span class='ocrx_word' id='word_1_344' title='bbox 1111 2147 1211 2184; x_wconf 91' lang='lat' dir='ltr'>conf.</span> <span class='ocrx_word' id='word_1_345' title='bbox 1233 2147 1290 2194; x_wconf 92' lang='lat' dir='ltr'>V,</span> <span class='ocrx_word' id='word_1_346' title='bbox 1320 2145 1395 2192; x_wconf 89' lang='lat'>44,</span> <span class='ocrx_word' id='word_1_347' title='bbox 1417 2145 1507 2183; x_wconf 88' lang='lat' dir='ltr'>ubi:</span> 
     </span>
     <span class='ocr_line' id='line_1_67' title="bbox 849 2198 1351 2271; baseline -0.006 -28"><span class='ocrx_word' id='word_1_348' title='bbox 849 2203 1037 2256; x_wconf 77' lang='grc' dir='ltr'><strong><em>θυομένω</em></strong></span> <span class='ocrx_word' id='word_1_349' title='bbox 1057 2202 1122 2243; x_wconf 78' lang='grc' dir='ltr'>ἐπὶ</span> <span class='ocrx_word' id='word_1_350' title='bbox 1125 2198 1351 2271; x_wconf 83' lang='grc' dir='ltr'><strong><em>Κρότωνα.</em></strong></span> 
     </span>
    </p>

    <p class='ocr_par' dir='ltr' id='par_1_15' title="bbox 849 2255 1514 2874">
     <span class='ocr_line' id='line_1_68' title="bbox 907 2255 1509 2311; baseline -0.005 -12"><span class='ocrx_word' id='word_1_351' title='bbox 907 2258 929 2299; x_wconf 84' lang='grc' dir='ltr'>ὁ</span> <span class='ocrx_word' id='word_1_352' title='bbox 965 2256 1078 2310; x_wconf 74' lang='grc' dir='ltr'><strong><em>ἥλιος</em></strong></span> <span class='ocrx_word' id='word_1_353' title='bbox 1110 2255 1335 2310; x_wconf 82' lang='grc' dir='ltr'>αμαυρώθη</span> <span class='ocrx_word' id='word_1_354' title='bbox 1381 2256 1424 2297; x_wconf 78' lang='grc' dir='ltr'><strong><em>ἐν</em></strong></span> <span class='ocrx_word' id='word_1_355' title='bbox 1451 2258 1509 2311; x_wconf 78' lang='grc' dir='ltr'>τῷ</span> 
     </span>
     <span class='ocr_line' id='line_1_69' title="bbox 850 2299 1506 2370; baseline -0.009 -15"><span class='ocrx_word' id='word_1_356' title='bbox 850 2311 1026 2370; x_wconf 76' lang='grc' dir='ltr'><strong><em>ου’ρανῷ]</em></strong></span> <span class='ocrx_word' id='word_1_357' title='bbox 1038 2316 1165 2353; x_wconf 84' lang='lat' dir='ltr'>Refert</span> <span class='ocrx_word' id='word_1_358' title='bbox 1176 2317 1351 2352; x_wconf 80' lang='lat' dir='ltr'>petavius</span> <span class='ocrx_word' id='word_1_359' title='bbox 1361 2299 1506 2367; x_wconf 86' lang='lat' dir='ltr'>(Doctr.</span> 
     </span>
     <span class='ocr_line' id='line_1_70' title="bbox 849 2371 1508 2423; baseline -0.005 -14"><span class='ocrx_word' id='word_1_360' title='bbox 849 2374 1018 2423; x_wconf 89' lang='lat' dir='ltr'>Tempp.</span> <span class='ocrx_word' id='word_1_361' title='bbox 1057 2374 1117 2422; x_wconf 78' lang='lat' dir='ltr'>X,</span> <span class='ocrx_word' id='word_1_362' title='bbox 1157 2374 1229 2418; x_wconf 80' lang='lat'>25)</span> <span class='ocrx_word' id='word_1_363' title='bbox 1271 2371 1373 2408; x_wconf 91' lang='lat' dir='ltr'>hunc</span> <span class='ocrx_word' id='word_1_364' title='bbox 1420 2371 1508 2407; x_wconf 86' lang='lat' dir='ltr'>solis</span> 
     </span>
     <span class='ocr_line' id='line_1_71' title="bbox 850 2427 1508 2466; baseline -0.006 0"><span class='ocrx_word' id='word_1_365' title='bbox 850 2428 1042 2466; x_wconf 83' lang='lat' dir='ltr'>defectum</span> <span class='ocrx_word' id='word_1_366' title='bbox 1087 2428 1135 2466; x_wconf 85' lang='lat' dir='ltr'>ad</span> <span class='ocrx_word' id='word_1_367' title='bbox 1171 2430 1332 2466; x_wconf 87' lang='lat' dir='ltr'>alterum</span> <span class='ocrx_word' id='word_1_368' title='bbox 1368 2427 1508 2463; x_wconf 88' lang='lat' dir='ltr'>mensis</span> 
     </span>
     <span class='ocr_line' id='line_1_72' title="bbox 851 2485 1507 2535; baseline -0.005 -13"><span class='ocrx_word' id='word_1_369' title='bbox 851 2487 1005 2523; x_wconf 89' lang='lat' dir='ltr'>Octobr.</span> <span class='ocrx_word' id='word_1_370' title='bbox 1039 2485 1141 2522; x_wconf 89' lang='lat' dir='ltr'>diem</span> <span class='ocrx_word' id='word_1_371' title='bbox 1175 2487 1265 2521; x_wconf 92' lang='lat' dir='ltr'>anni</span> <span class='ocrx_word' id='word_1_372' title='bbox 1297 2486 1399 2531; x_wconf 82' lang='lat'>480,</span> <span class='ocrx_word' id='word_1_373' title='bbox 1430 2495 1507 2535; x_wconf 90' lang='lat' dir='ltr'>quo</span> 
     </span>
     <span class='ocr_line' id='line_1_73' title="bbox 850 2541 1509 2590; baseline -0.006 -11"><span class='ocrx_word' id='word_1_374' title='bbox 850 2541 911 2579; x_wconf 90' lang='lat' dir='ltr'>die</span> <span class='ocrx_word' id='word_1_375' title='bbox 956 2542 1004 2579; x_wconf 84' lang='lat' dir='ltr'>ad</span> <span class='ocrx_word' id='word_1_376' title='bbox 1051 2543 1246 2579; x_wconf 89' lang='lat' dir='ltr'>Salamina</span> <span class='ocrx_word' id='word_1_377' title='bbox 1294 2547 1509 2590; x_wconf 84' lang='lat' dir='ltr'>pugnatum</span> 
     </span>
     <span class='ocr_line' id='line_1_74' title="bbox 849 2595 1509 2649; baseline -0.003 -15"><span class='ocrx_word' id='word_1_378' title='bbox 849 2611 928 2635; x_wconf 88' lang='lat' dir='ltr'>esse</span> <span class='ocrx_word' id='word_1_379' title='bbox 951 2600 1163 2649; x_wconf 85' lang='lat' dir='ltr'>accepimus</span> <span class='ocrx_word' id='word_1_380' title='bbox 1189 2604 1225 2634; x_wconf 87' lang='lat' dir='ltr'>et</span> <span class='ocrx_word' id='word_1_381' title='bbox 1250 2596 1406 2648; x_wconf 87' lang='lat' dir='ltr'>quidem</span> <span class='ocrx_word' id='word_1_382' title='bbox 1434 2595 1509 2633; x_wconf 91' lang='lat' dir='ltr'>ho-</span> 
     </span>
     <span class='ocr_line' id='line_1_75' title="bbox 849 2653 1509 2704; baseline 0 -14"><span class='ocrx_word' id='word_1_383' title='bbox 849 2667 891 2690; x_wconf 85' lang='lat' dir='ltr'>ra</span> <span class='ocrx_word' id='word_1_384' title='bbox 909 2667 985 2690; x_wconf 90' lang='lat' dir='ltr'>una</span> <span class='ocrx_word' id='word_1_385' title='bbox 1008 2661 1045 2691; x_wconf 90' lang='lat' dir='ltr'>et</span> <span class='ocrx_word' id='word_1_386' title='bbox 1069 2655 1219 2690; x_wconf 88' lang='lat' dir='ltr'>alterius</span> <span class='ocrx_word' id='word_1_387' title='bbox 1248 2653 1405 2690; x_wconf 85' lang='lat' dir='ltr'>dimidio</span> <span class='ocrx_word' id='word_1_388' title='bbox 1424 2659 1509 2704; x_wconf 83' lang='lat' dir='ltr'>post</span> 
     </span>
     <span class='ocr_line' id='line_1_76' title="bbox 849 2709 1508 2761; baseline 0 -15"><span class='ocrx_word' id='word_1_389' title='bbox 849 2709 987 2747; x_wconf 89' lang='lat' dir='ltr'>horam</span> <span class='ocrx_word' id='word_1_390' title='bbox 1015 2710 1203 2747; x_wconf 84' lang='lat' dir='ltr'>decimam</span> <span class='ocrx_word' id='word_1_391' title='bbox 1237 2711 1508 2761; x_wconf 85' lang='lat' dir='ltr'>praeterlapsis.</span> 
     </span>
     <span class='ocr_line' id='line_1_77' title="bbox 851 2765 1510 2812; baseline 0 -10"><span class='ocrx_word' id='word_1_392' title='bbox 851 2766 976 2812; x_wconf 79' lang='lat' dir='ltr'>Quem</span> <span class='ocrx_word' id='word_1_393' title='bbox 987 2780 1077 2803; x_wconf 88' lang='lat' dir='ltr'>vero</span> <span class='ocrx_word' id='word_1_394' title='bbox 1089 2765 1298 2804; x_wconf 87' lang='lat' dir='ltr'>Larcherus</span> <span class='ocrx_word' id='word_1_395' title='bbox 1310 2767 1510 2812; x_wconf 90' lang='lat' dir='ltr'>consuluit,</span> 
     </span>
     <span class='ocr_line' id='line_1_78' title="bbox 853 2821 1514 2874; baseline -0.002 -14"><span class='ocrx_word' id='word_1_396' title='bbox 853 2823 996 2874; x_wconf 76' lang='lat' dir='ltr'>Pingre</span> <span class='ocrx_word' id='word_1_397' title='bbox 1028 2825 1147 2865; x_wconf 82' lang='lat' dir='ltr'>Paris.</span> <span class='ocrx_word' id='word_1_398' title='bbox 1176 2823 1408 2862; x_wconf 83' lang='lat' dir='ltr'>Academiae</span> <span class='ocrx_word' id='word_1_399' title='bbox 1444 2821 1514 2860; x_wconf 80' lang='lat' dir='ltr'>ad-</span> 
     </span>
    </p>
   </div>
  </div>
 </body>
</html>
