1839 3292
382 204 437 244 42
800 204 835 238 H
864 203 897 238 E
926 203 960 239 R
990 202 1021 239 Ο
1051 202 1085 238 D
1116 201 1147 238 Ο
1178 200 1216 237 Τ
1244 202 1263 237 l

377 312 449 356 ἐπ’
480 311 659 368 ἑωυτῆς·
694 311 882 365 Τιθορέα
916 309 1088 364 οὔνομα
1117 307 1249 365 αὐτῇ·
1278 309 1320 361 ἐς
1339 311 1418 367 τὴν
1447 311 1500 367 δή
1531 309 1638 367 ἄνη-

350 382 598 432 3νε-ίκαντο,
629 380 703 422 καὶ
733 379 858 422 αὐτοὶ
888 376 1118 432 ἀνέβησαν.
1177 379 1220 420 οἱ
1259 377 1304 420 δὲ
1343 382 1523 430 πλεῦνες
1553 377 1636 422 αὐ-

378 451 465 491 τῶν
495 448 537 498 ἐς
564 447 669 497 τούς
697 446 869 500 Ὀζόλας
898 444 1102 499 Λοκροὺς
1121 444 1446 501 ἐξεκομίσαντο,
1476 446 1519 497 ἐς
1535 445 1638 500 ’Ἀμ-

377 515 692 572 φισσανπόλιν,
715 513 794 570 τὴν
815 513 924 569 ὑπὲρ
943 518 1023 557 τοῦ
1034 515 1253 568 Κρισαίου
1273 515 1426 557 πεδίου
1448 514 1635 570 οἰκεομέ-

355 588 478 641 4νην.
522 586 576 627 Οἱ
611 583 657 627 δὲ
687 582 904 639 βάρβαροι
934 582 1015 640 τήν
1044 583 1189 639 χώρην
1219 587 1365 626 πᾶσαν
1393 582 1694 638 ἐπέδραμονΞΞ

375 651 456 707 τὴν
492 654 694 695 Φωκίδα·
729 653 939 696 Θεσσαλοὶ
964 651 1046 707 γὰρ
1079 650 1194 694 οὕτω
1214 647 1322 705 ἦγον
1343 650 1417 694 τὸν
1431 650 1639 703 στρατόν·

384 718 523 764 ὁκόσα
545 720 588 763 δὲ
619 719 966 776 ἐπέσχον,πάντα
989 718 1228 774 ἐπέφλεγον
1260 719 1332 761 καὶ
1362 719 1543 771 ἔκειρον,
1564 717 1639 761 καὶ

373 789 415 840 ἐς
443 789 519 840 τὰς
551 787 676 840 πόλις
705 788 884 840 ἐνιέντες
912 791 1000 842 πῦρ
1031 787 1106 830 καὶ
1134 786 1176 838 ἐς
1205 785 1258 829 τὰ
1288 786 1373 841 ἱρά.
1443 785 1638 843 Πορευό-

240 786 306 830 33

46 850 138 882 tibae,
156 851 264 884 templo

44 892 115 909 orat·
101 884 176 909 culm
159 893 225 917 »que
235 884 322 919 --ἱροΙ

45 917 114 944 linis
132 918 275 946 celebres.

316 1000 354 1037 vi
371 1012 413 1036 ac
423 998 616 1050 praecipiti
626 1003 814 1036 exstructa
829 991 976 1050 (φοού-

318 1071 407 1108 ριον
432 1052 650 1120 απορῤωγιῖ
671 1056 837 1106 κρημνῷ
869 1069 977 1103 περι-

316 1108 594 1163 κοπτόιιενον),
644 1125 720 1164 quo
759 1109 977 1148 Phocenses

313 1169 502 1220 fugientes
521 1182 560 1206 se
574 1170 773 1207 servarint.

373 1254 672 1308 ἀνηνείκαντο]
707 1258 732 1296 i.
754 1271 788 1294 e.
817 1269 871 1295 res
891 1270 977 1294 suas

315 1327 352 1353 eo
367 1315 424 1364 (in
444 1315 678 1365 superiorem
697 1314 844 1362 locum)
864 1327 977 1352 secum

316 1375 602 1422 comportarunt,
642 1384 692 1406 ne
709 1372 789 1412 scil.
811 1370 978 1408 hostium

313 1429 354 1465 in
374 1442 509 1465 manus
528 1427 750 1465 inciderent.
807 1429 980 1465 Accusa-

314 1486 437 1523 tivum
458 1486 595 1522 obiecti
627 1482 701 1534 (τὰ
741 1481 921 1536 κτήματα
945 1499 976 1526 s.

312 1538 527 1593 χρήματα),
540 1555 655 1594 quem
668 1543 793 1592 posuit
813 1543 880 1588 ΙΙΙ,
898 1540 976 1582 148

316 1600 404 1636 coll.
425 1600 487 1646 IV,
511 1601 576 1645 36,
596 1612 722 1650 neque
744 1597 805 1635 hic
819 1597 977 1646 addidit,

313 1669 440 1707 neque
478 1654 525 1691 ad
567 1653 854 1706 ἐξεκομίσαντο,
905 1655 977 1704 (res

314 1726 400 1749 suas
418 1710 644 1762 exportatur&
664 1714 870 1749 securitatis
883 1725 977 1748 cau-

313 1773 384 1815 sa),
418 1767 520 1820 quod
549 1781 662 1820 supra
687 1769 786 1817 VIII,
807 1772 861 1811 20
890 1769 977 1806 coll.

314 1828 368 1867 36
390 1826 592 1862 invenitur.

371 1902 412 1950 ἐς
449 1900 690 1955 ’Ἄμφισσαν
733 1898 852 1943 πόλιν
901 1901 977 1954 τήν

312 1957 415 2012 ’ὑπὲρ
439 1963 512 2000 τοῦ
532 1960 727 2012 Κρισαίου
749 1961 890 1999 πεδίου
917 1961 977 2000 οἰ-

314 2015 539 2068 κεομένην]
588 2017 784 2066 Κρισαίου
825 2018 976 2065 retinui,

315 2087 405 2110 cum
426 2080 582 2111 recentt.
595 2072 877 2125 edd.,quamvis
899 2073 975 2111 duo

318 2130 432 2172 codd.
460 2130 708 2180 Κρισσαίου
739 2143 828 2166 cum
855 2131 976 2172 Valla.

314 2189 414 2223 Nam
440 2186 542 2238 apud
575 2185 848 2237 Thucydidem
877 2200 976 2239 quo-

314 2257 390 2296 que
410 2245 585 2280 meliores
600 2242 708 2280 codd.
721 2241 818 2280 hanc
838 2257 975 2280 vocem

313 2314 390 2337 una
410 2302 516 2337 litera
539 2312 561 2338 σ
580 2300 757 2350 scriptam
778 2299 975 2337 exhibent.

312 2359 428 2394 Plura
449 2356 593 2393 Duker.
616 2363 651 2392 et
672 2358 806 2407 Poppo
829 2358 872 2404 (I,
900 2360 915 2396 l
934 2371 974 2407 p.

315 2413 411 2465 910)
435 2413 482 2451 ad
512 2412 789 2464 Thucydid.1,
829 2416 906 2453 107
938 2420 975 2451 et

316 2470 453 2506 W'asse
489 2469 537 2506 ad
572 2469 794 2521 Thucydid.
823 2471 871 2518 11,
906 2471 974 2511 69.

318 2524 467 2575 Campus
489 2527 652 2564 Crisaeus
675 2526 723 2563 ad
743 2527 916 2563 Parnassi
937 2533 974 2564 et

317 2581 505 2632 Cirphidis
526 2583 669 2620 radices
697 2591 874 2620 extensus
895 2584 978 2619 val-

316 2635 364 2674 de
422 2638 658 2687 praedicatur
715 2653 737 2677 a
777 2640 977 2689 veteribus,

317 2707 553 2746 quamquam
562 2697 724 2734 incultus
737 2697 863 2746 iacuit,
887 2710 977 2734 cum

318 2749 390 2787 deo
432 2758 526 2788 esset
565 2761 814 2792 consecratus.
874 2754 976 2799 Quin

318 2809 530 2845 etiamnum
575 2809 766 2860 insignem
801 2812 976 2849 fertilita-

1032 1002 1129 1040 tem,
1178 993 1254 1047 qust
1299 995 1466 1033 multum
1511 994 1696 1032 frumenti

1032 1052 1177 1104 profert
1218 1052 1396 1104 oleasque
1417 1053 1500 1096 alit,
1538 1052 1696 1089 laudant

1031 1109 1345 1159 peregrinatores.
1429 1108 1515 1147 vid.
1573 1112 1696 1148 Kruse

1033 1166 1162 1201 Hellas
1197 1166 1245 1211 II,
1276 1168 1303 1204 2
1333 1179 1370 1216 p.
1404 1168 1467 1205 12.
1501 1169 1563 1207 13.
1621 1167 1697 1204 Ubi

1035 1220 1173 1258 desinit
1193 1233 1349 1271 campus
1371 1235 1548 1260 occasum
1577 1231 1615 1260 et
1634 1237 1697 1262 se-

1031 1278 1288 1329 ptentrionem
1317 1291 1466 1328 versus,
1506 1287 1698 1318 exstructa

1033 1336 1104 1372 suit
1124 1335 1324 1385 Amphissa,
1346 1336 1559 1372 Locrorum
1581 1335 1698 1374 ditio-

1033 1393 1074 1429 ni
1085 1405 1254 1440 accensa,
1276 1390 1323 1427 ad
1338 1391 1481 1429 radices
1491 1395 1697 1442 montium,

1036 1450 1102 1501 qui
1124 1450 1216 1485 olim
1236 1447 1285 1485 ad
1320 1449 1551 1486 Parnassum
1578 1452 1697 1501 perti·-

1032 1507 1174 1542 nebant
1195 1506 1408 1557 quibusque
1428 1519 1532 1543 nuuc
1552 1519 1697 1545 nomen

1032 1563 1218 1613 Kophz'nas
1252 1569 1289 1599 et
1316 1562 1461 1600 Elatos.
1518 1564 1698 1601 Laetissi-

1032 1632 1139 1656 mam
1156 1632 1234 1655 esse
1253 1620 1465 1669 regionem,
1496 1619 1599 1656 unde
1621 1621 1697 1658 late

1033 1683 1159 1728 pateat
1177 1683 1411 1727 prospectus,
1432 1683 1618 1714 testantur
1631 1691 1697 1714 re·-

1035 1734 1232 1771 centiores.
1290 1734 1401 1769 Nunc
1430 1746 1553 1784 pauca
1574 1747 1698 1786 quae-

1035 1790 1125 1827 dam
1145 1791 1247 1826 urbis
1276 1789 1423 1826 dirutae
1453 1798 1602 1828 exstant
1633 1804 1698 1828 re-

1032 1848 1173 1899 liquiae
1194 1859 1272 1883 non
1294 1847 1427 1897 procul
1448 1848 1494 1884 ab
1516 1848 1609 1884 urbe
1628 1848 1698 1885 So-

1033 1904 1129 1952 lona,
1159 1909 1201 1939 ut
1230 1916 1334 1940 nunc
1363 1903 1512 1944 dicitur.
1578 1905 1697 1942 Plura

1031 1960 1110 1999 vid.
1133 1959 1236 2010 apud
1260 1962 1381 1997 Kruse
1402 1960 1429 2000 l.
1443 1961 1468 2000 l.
1489 1961 1537 2008 11,
1560 1963 1586 2000 2
1606 1974 1696 2012 pag.

1036 2019 1109 2057 161
1143 2030 1223 2068 seq.
1256 2017 1341 2054 coll.
1378 2017 1468 2058 151.
1525 2019 1697 2068 Reprae-

1033 2075 1193 2110 sentavit
1213 2072 1280 2110 has
1297 2074 1495 2124 reliquias,
1527 2086 1625 2124 quae
1646 2072 1697 2110 ad

1034 2142 1161 2166 arcem
1183 2132 1448 2179 pertinuerunt
1472 2129 1696 2169 Dodwellus

1032 2199 1146 2236 opere
1167 2185 1319 2223 laudato
1351 2186 1450 2223 Tab.
1474 2188 1629 2223 XXXII
1659 2193 1697 2224 et

1030 2243 1214 2291 XXX1113
1227 2243 1380 2280 Crissaei
1395 2244 1578 2294 campi,ut
1591 2257 1696 2282 nuno

1032 2312 1185 2351 quoque
1196 2306 1345 2347 vocant,
1368 2308 1615 2352 conspectum
1624 2299 1695 2338 de-

1030 2355 1085 2393 dit
1105 2357 1180 2397 tab.
1201 2358 1398 2394 XXXVII.

1086 2412 1412 2465 ἐπέδραμον]
1446 2413 1556 2451 Conf.
1590 2414 1694 2460 VIII,

1030 2471 1096 2510 23.
1154 2472 1199 2507 In
1235 2484 1342 2523 seqq.
1374 2470 1423 2507 ad
1455 2470 1495 2517 ἐς
1519 2467 1591 2518 τας
1616 2467 1695 2510 πό-

1030 2528 1109 2573 λεις
1129 2526 1196 2565 καὶ
1227 2526 1267 2573 ἐς
1296 2525 1342 2566 τοὶ
1375 2524 1442 2577 ἱροὶ
1464 2528 1567 2569 conf,
1584 2527 1646 2575 VI,
1667 2528 1693 2567 9

1036 2584 1165 2635 ibique
1186 2585 1311 2626 allata,
1370 2585 1469 2621 Cum
1502 2585 1624 2623 verbis
1654 2583 1695 2624 o‘-

1035 2636 1135 2680 κὸσα
1175 2638 1217 2680 δὲ
1257 2639 1344 2681 ἔπε’
1359 2653 1381 2681 σ
1393 2657 1413 2693 χ
1426 2656 1446 2681 ο
1459 2656 1481 2681 ν
1511 2653 1693 2693 compara

1033 2698 1198 2735 Pausan.
1240 2700 1292 2747 X,
1322 2700 1375 2739 23
1407 2700 1443 2744 ξ.
1483 2702 1531 2741 3:
1593 2695 1692 2748 ὅσην

1032 2752 1242 2820 ἐπεῖχέν
1297 2753 1327 2808 ἦ
1371 2757 1452 2796 τῶν
1502 2756 1691 2796 Γαλατῶν

1032 2823 1207 2865 στρατια.
