1839 3292
222 199 306 240 400
771 193 1154 233 οοΜΜΕΝΤΑΉο

224 311 361 362 scripta
384 323 463 348 esse
483 308 677 348 contendit
694 310 874 347 Klausen.
895 309 920 344 l.
941 309 967 344 l.
986 321 1074 358 pag.
1091 309 1157 355 92,
1187 307 1248 345 cui
1279 308 1393 346 etiam
1415 307 1479 360 (p.
1513 310 1617 358 131)
1637 311 1716 347 He-

226 367 382 406 rodotus
403 369 449 417 11,
481 363 738 415 3:⁸73anoe
767 362 809 403 δὲ
835 363 990 415 λέγουσι
1020 363 1117 402 ἄλλα
1143 379 1183 403 τε
1213 361 1359 415 μάταια
1387 362 1513 405 πολλοὶ
1552 365 1620 405 καὶ
1660 365 1716 414 ὦς

226 427 429 478 γυναικῶν
454 421 523 468 τοὶς
553 418 733 473 γλώσσας
763 419 786 460 0‘
822 421 1062 470 Ψαμμίτιχος
1093 418 1272 471 ἐκταμών
1300 437 1335 460 κ.
1371 437 1405 460 τ.
1443 426 1492 470 A„
1526 421 1625 460 hanc
1655 423 1717 461 fa-

226 483 340 520 bulae
371 480 661 529 discrepantiam
695 479 732 513 in
762 478 942 514 Hecataei
970 478 1065 514 libro
1098 478 1231 527 legisse
1267 477 1436 526 videtur,
1476 480 1619 532 quique
1651 479 1717 532 (p.

230 540 325 586 123)
357 536 523 573 eundem
546 537 781 571 Hecataeum
800 535 959 584 intelligi
981 541 1017 570 et
1037 535 1170 583 respici
1194 541 1299 584 putat
1319 536 1366 582 11,
1390 535 1440 576 15
1461 536 1499 572 in
1529 538 1584 584 iis,
1618 550 1717 589 quae

228 595 277 632 de
297 595 406 630 rebus
424 590 684 642 geographicis
705 593 813 628 Iones
830 598 1009 638 statuunt,
1038 598 1075 628 et
1094 592 1141 637 Il,
1169 590 1245 632 156
1266 592 1304 627 in
1325 592 1381 638 iis,
1412 605 1509 643 quae
1528 591 1576 630 de
1596 594 1719 632 insula

227 651 361 689 mobili
380 648 493 685 habet
513 648 726 685 Herodotus
747 660 881 697 parum
901 649 971 698 ipsi
992 647 1197 684 credibilia.
1259 647 1345 685 Vid.
1366 647 1502 698 fragm.
1523 651 1654 688 Hecat.
1677 665 1718 702 p.

231 709 323 748 123.
381 707 430 743 Et
450 707 684 742 Hecataeum
705 706 894 741 Milesium
911 705 1077 756 aliosque
1098 704 1261 740 Milesios
1286 712 1475 753 auctoreS,
1499 705 1718 755 Thaletem,

227 761 585 808 Anaximandrum,
609 763 904 808 Anaximenem,
935 760 1136 809 Cadmum,
1159 773 1323 813 quorum
1342 763 1541 812 populares
1556 764 1720 814 plurima

230 820 460 859 commercia
493 832 561 870 per
582 818 780 870 Scythiam
805 819 972 868 egerint,
1008 825 1158 855 secutus
1174 817 1322 855 videtur
1350 818 1563 857 Herodotus
1583 821 1630 869 ΙΙ,
1653 820 1718 870 34,

229 879 296 915 ubi
326 884 452 914 narrat
472 878 610 913 Istrum
626 871 727 928 πρός
755 877 953 914 πολλῶν
983 870 1266 927 γινώσκεσθαι.
1323 876 1382 914 Cf.
1409 878 1531 914 Kruse
1556 879 1615 914 De
1637 878 1720 916 Istri

230 935 340 973 Ostiis
360 948 397 984 p.
427 936 494 973 20.

341 992 446 1027 Haec
468 987 624 1040 quidem
641 988 770 1025 omnia
788 988 829 1024 in
849 1001 970 1024 unum
991 994 1237 1038 conspectum
1256 988 1375 1039 posita
1404 1002 1639 1043 quamquam
1658 1003 1722 1028 sa·-

229 1048 276 1085 tis
312 1053 612 1084 commonstrare
642 1044 830 1092 videntur,
870 1044 1063 1082 Herodoto
1097 1046 1296 1092 Hecataei,
1338 1046 1408 1082 viri
1427 1047 1525 1083 inter
1545 1049 1721 1099 aequales

231 1117 318 1142 suos
340 1103 617 1148 eminentioris,
647 1109 690 1139 ut
705 1103 766 1139 vel
788 1102 907 1138 eloco
927 1103 972 1149 V,
991 1104 1042 1142 36
1064 1108 1239 1152 apparet,
1268 1102 1404 1152 scripta
1424 1105 1575 1153 cognita
1594 1106 1721 1153 fuisse,

230 1161 391 1198 minime
422 1167 552 1196 tamen
586 1158 681 1195 illud
704 1171 978 1210 usquequaque
1003 1158 1152 1195 efficere
1180 1171 1288 1209 posse
1308 1158 1505 1207 videntur,
1534 1168 1578 1198 ut
1597 1163 1723 1198 Hero-

233 1217 368 1255 dotum
388 1216 566 1253 Hecataei
586 1217 699 1252 libros
720 1217 941 1266 compilasse
960 1214 1126 1267 indeque
1143 1213 1245 1251 haud
1261 1228 1381 1266 pauca
1401 1217 1440 1252 in
1461 1230 1570 1254 suam
1592 1230 1724 1255 narra-

234 1276 380 1312 tionem
401 1274 630 1310 transtulisse
661 1273 907 1320 arbitremur,
933 1273 1152 1323 praesertim
1173 1285 1262 1309 cum
1287 1285 1351 1320 ea,
1393 1286 1490 1325 quae
1520 1288 1569 1311 ex
1596 1276 1724 1312 Heca-

232 1338 318 1369 taeo
338 1330 471 1367 hausta
499 1336 698 1380 putentur,
737 1343 757 1366 e
777 1342 845 1366 suo
875 1342 1029 1381 quoque
1058 1343 1162 1379 penu
1187 1342 1267 1366 non
1286 1331 1412 1366 minus
1432 1331 1529 1367 bene
1555 1331 1724 1382 proferre

231 1389 398 1439 potuerit
416 1389 562 1434 Noster,
585 1399 700 1437 quem
724 1387 792 1423 ista
814 1387 896 1423 loca
912 1388 1036 1436 ipsum
1058 1385 1190 1423 adiisse
1215 1399 1327 1437 supra
1348 1388 1541 1425 evicimus.
1597 1390 1724 1426 Immo
1738 1435 1750 1442 .

233 1444 339 1482 haud
367 1456 511 1495 pauca,
545 1456 666 1494 quae,
693 1444 748 1479 uti
776 1442 834 1479 his
869 1450 974 1490 utar,
1004 1444 1043 1478 in
1063 1444 1231 1494 Aegypti
1262 1443 1512 1494 descriptione
1532 1446 1578 1483 ab
1599 1447 1725 1483 Hero-

235 1501 325 1539 doto
347 1501 608 1551 praetermissa
627 1500 823 1547 miramur,
845 1496 890 1549 i³)
919 1501 981 1537 vel
1010 1513 1095 1536 eam
1113 1501 1160 1537 ob
1182 1513 1335 1537 causam
1346 1501 1392 1537 ab
1408 1502 1726 1540 Halicarnassensi

234 1559 372 1596 omissa
394 1571 472 1594 esse
493 1556 737 1605 crediderim,
770 1555 873 1608 quod
902 1555 996 1593 haec
1016 1557 1167 1593 uberius
1197 1558 1274 1593 iam
1304 1559 1473 1608 exposita
1502 1559 1648 1596 viderat
1677 1560 1724 1597 ab

233 1617 438 1660 Hecataeo,
461 1614 566 1650 cuius
586 1615 721 1664 scripta
742 1614 907 1649 multum
925 1614 1100 1650 manibus
1131 1614 1302 1650 terebant
1324 1616 1517 1666 aequales,
1548 1615 1615 1653 sed
1627 1629 1726 1668 quae

233 1672 326 1708 falsa
348 1672 394 1707 ab
424 1672 613 1706 Hecataeo
641 1671 771 1706 referri
791 1669 956 1717 viderat,
990 1683 1031 1705 ea
1052 1671 1100 1706 ob
1129 1683 1338 1720 magnam,
1377 1684 1451 1722 qua
1471 1672 1639 1710 floruisse
1666 1673 1727 1712 vi-

235 1728 372 1765 dentur
387 1728 567 1763 Hecataei
585 1728 744 1777 scripta,
774 1728 1036 1763 auctoritatem
1056 1727 1245 1777 corrigere
1267 1734 1303 1764 et
1323 1727 1528 1764 emendare
1547 1742 1637 1766 cum
1655 1742 1728 1766 vo-

234 1786 364 1823 luisset
383 1786 537 1831 Noster,
578 1782 667 1820 hinc
698 1785 736 1820 ni
757 1784 866 1820 fallor
888 1783 1183 1834 explicandum,
1230 1783 1335 1835 quod
1367 1784 1429 1821 hic
1460 1786 1537 1821 illic
1559 1787 1727 1824 acerbius

234 1844 471 1879 Hecataeum
497 1841 683 1890 tetigerit.-
719 1841 790 1876 nisi
822 1841 936 1876 etiam
956 1841 1141 1890 privatam
1166 1840 1361 1892 quandam
1390 1842 1468 1878 sive
1489 1842 1728 1880 inimicitiam

235 1913 314 1936 slve
334 1898 631 1934 aemulationem
651 1898 749 1934 inter
771 1904 976 1948 utrumque
999 1898 1249 1935 intercessisse
1268 1905 1401 1950 putes,
1430 1897 1478 1937 de
1500 1899 1574 1952 qua
1597 1906 1737 1937 tamen·

235 1954 331 1992 nihil
352 1954 562 2008 quidquam
581 1955 730 2005 uspiam
749 1953 930 1993 traditum
948 1955 1085 2006 reperi.

931 2115 970 2160 ς.
1002 2115 1041 2153 9.

352 2237 464 2275 Hisce
483 2236 716 2287 argumentis
736 2242 952 2287 permotus,
988 2234 1226 2273 Herodotum
1248 2249 1296 2273 ex
1322 2236 1483 2274 aliorum
1503 2237 1580 2275 sive
1608 2235 1730 2276 histo-

237 2293 403 2331 ricorum
434 2295 511 2331 sive
542 2292 887 2344 logographorum,
927 2293 1055 2344 quales
1075 2299 1158 2328 tum
1180 2294 1304 2340 suere,
1335 2295 1478 2345 scriptis
1505 2293 1610 2331 haud
1638 2308 1730 2332 sane

237 2352 359 2388 multa
378 2350 543 2388 hausisse
564 2351 736 2387 arbitror.
793 2352 872 2386 Nec
886 2356 1035 2386 tantum
1054 2350 1218 2386 tribuam
1235 2351 1318 2387 loco
1340 2352 1368 2395 I,
1381 2353 1399 2390 1
1427 2349 1634 2403 (Περσέων
1658 2350 1731 2403 μέν

237 2423 314 2447 νυν
346 2407 396 2447 οἷ
422 2410 443 2446 λ
459 2403 480 2447 0'
495 2425 518 2459 γ
530 2422 542 2445 ι
557 2422 575 2445 ο
589 2422 600 2444 ι
627 2408 818 2453 Φοίνικας
839 2406 989 2451 αι’τίονς
1010 2421 1040 2453 φ
1054 2422 1078 2443 α
1090 2406 1137 2444 σὶ
1167 2405 1353 2458 γενέσθαι
1365 2422 1402 2445 κ.
1418 2423 1450 2445 τ.
1462 2410 1529 2454 λ.),
1542 2415 1731 2460 quantum

239 2465 354 2501 tribui
373 2465 454 2502 vult
473 2462 628 2500 Dalilm.
648 2464 675 2499 l.
710 2464 735 2503 l,
767 2477 804 2513 p.
830 2464 920 2503 108.
952 2463 1128 2514 Namque
1150 2462 1364 2500 Herodotus
1382 2471 1423 2501 ut
1449 2466 1549 2514 alibi,
1579 2479 1614 2504 v.
1637 2479 1670 2502 c.
1689 2466 1731 2502 in

239 2522 350 2558 rebus
371 2522 567 2573 Aegyptiis
593 2521 803 2572 Aegyptios
823 2518 1054 2567 sacerdotes,
1087 2521 1138 2556 ita
1159 2519 1198 2556 h.
1214 2520 1241 2557 l.
1261 2522 1464 2557 Persarum
1487 2523 1585 2558 viros
1601 2520 1731 2558 doctos

239 2578 318 2615 sive
346 2580 479 2629 Magos
508 2576 656 2626 laudat,
702 2577 836 2629 quibus
864 2574 964 2613 hanc
992 2578 1251 2614 narrationem
1284 2578 1430 2616 debeat.
1500 2580 1581 2615 Nec
1610 2579 1732 2628 magis

334 2764 371 2807 *)
397 2764 474 2801 Vid.
500 2768 586 2799 nott.
612 2764 656 2798 ad
680 2764 724 2806 II,
752 2764 793 2799 15
818 2776 853 2810 p.
881 2765 949 2799 512
973 2768 1008 2800 et
1031 2765 1074 2800 ad
1097 2765 1143 2808 11,
1167 2767 1212 2801 28
1235 2777 1269 2812 p.
1294 2767 1372 2802 534.
1396 2767 1441 2801 T.
1463 2766 1481 2801 1
1513 2768 1550 2801 et.
1577 2766 1623 2801 cf.
1647 2776 1732 2811 quo·

241 2821 309 2856 que
331 2815 416 2845 nott.
441 2810 485 2845 ad
508 2812 570 2855 VI,
595 2811 651 2847 55.
674 2812 720 2847 T.
745 2811 797 2845 111
820 2823 854 2856 p.
878 2811 957 2846 297.
