1839 3292
399 213 482 256 124

803 214 1261 252 HERODOTI

339 339 344 345 ·
394 340 474 376 νος
501 322 590 368 ὑπὸ
619 326 681 379 τῷ
709 322 832 377 οὔρεϊ
858 325 919 377 τῷ
947 321 1099 365 ἀντίον
1128 326 1399 378 Σαλαμῖνος,
1430 323 1478 368 τό
1507 324 1708 367 καλέε-4ο

395 408 466 435 ται
516 389 759 446 Αἰγάλεως,
805 388 1130 432 ἀνεπυνθάνετο
1169 390 1248 432 τὸν
1277 392 1539 447 ποιήσαντα·
1578 392 1652 436 καὶ

397 459 442 502 οἱ
473 456 787 513 γραμματισταὶ
817 455 1071 513 ἀνέγραφον
1102 456 1324 511 πατρόθεν
1353 459 1428 502 τὸν
1446 458 1653 515 τριήραρ-

365 532 477 581 7χον
507 524 581 568 καὶ
615 524 695 582 τὴν
723 522 882 580 πόλιν.)
941 524 1055 581 πρὸς
1085 526 1131 569 δὲ
1161 525 1222 568 ἔτι
1251 526 1324 569 καὶ
1361 527 1651 584 προσελάβετο

340 710 441 748 conf.
457 711 521 759 IV,
542 708 772 757 88.wl,44.
802 708 996 749 Plutarch.

339 766 530 805 Themist.
575 769 625 808 13
666 768 746 804 init.
803 769 859 804 Ita
891 769 995 804 enim

337 826 455 862 moris
474 824 585 861 fuisse
604 823 764 874 videtur,
785 831 827 861 ut
856 838 923 861 rex
954 825 993 861 in

338 882 415 918 alto
450 880 583 918 sedens
613 880 890 931 proficiscentes
930 887 994 918 aut

332 945 547 989 pugnantes
588 938 823 987 conspiceret
853 938 992 988 copias.

331 995 406 1040 Qui
438 993 539 1045 apud
571 993 809 1031 Herodotum
838 1001 994 1031 vocatur

330 1046 538 1103 Αἰγάλεως
558 1063 680 1098 mons,
719 1052 748 1086 is
770 1051 857 1087 alibi
877 1064 994 1088 voca-

332 1114 395 1145 tur
423 1105 467 1147 τό
494 1103 699 1158 Αἰγάλεων
727 1104 831 1158 ὅρος,
864 1108 994 1143 exiens

334 1164 376 1201 iu
427 1165 731 1214 promontorium
778 1162 995 1213 Amphiale,

337 1220 442 1273 quod
463 1221 696 1258 Salaminiae
723 1220 868 1256 insulae
890 1233 909 1255 e
929 1233 994 1256 re-

336 1279 450 1328 gione
481 1279 588 1324 iacet,
636 1277 702 1313 ubi
737 1283 815 1313 erat
847 1274 869 1315 ὁ
898 1291 995 1327 πορ-

336 1332 444 1385 θιιός
455 1336 532 1371 sive
548 1334 735 1370 traiectus.
792 1334 903 1368 Nunc
923 1345 995 1369 vo-

336 1397 425 1428 cant
447 1390 711 1438 Scaramagna.
751 1388 837 1426 Vid.
859 1390 994 1439 Poppo

335 1446 386 1484 ad
406 1444 586 1497 Thucyd.
606 1447 672 1493 I‚2
689 1458 764 1496 pag
768 1444 885 1486 .258
900 1446 994 1485 259·

338 1505 462 1539 Kruse
483 1503 608 1538 Hellas
628 1503 675 1549 ΙΙ,
700 1504 717 1540 1
742 1514 828 1552 pag.
855 1504 902 1542 13
915 1515 993 1553 seq

337 1561 531 1606 211318,
544 1559 605 1596 cui
622 1559 757 1594 merito
769 1559 894 1594 minus
907 1571 995 1595 vera

335 1614 534 1663 videntur,
564 1627 662 1667 quae
693 1613 861 1662 deloco,
891 1614 994 1651 unde

335 1673 485 1709 Xerxes
504 1673 542 1708 in
562 1672 655 1709 solio
674 1671 808 1708 sedens
824 1684 994 1722 pugnam

336 1730 523 1779 spectarit,
546 1742 565 1764 e
585 1727 836 1765 Phanodemo
868 1727 993 1777 (cuius

335 1785 413 1823 vid.
435 1786 613 1835 fragmm.
638 1798 723 1835 pag.
751 1787 797 1824 12
819 1798 878 1822 nr.
906 1786 992 1832 VII)

336 1849 375 1878 et
389 1841 620 1879 Acestodoro
641 1841 850 1878 afferuntur
869 1854 889 1877 a
902 1843 993 1878 Plu-

335 1899 467 1935 tarcho
490 1900 513 1937 l.
535 1899 561 1937 l.
600 1899 663 1935 Sic
684 1911 836 1950 quoque
857 1899 992 1935 Blom-

335 1954 438 1991 field.
467 1957 506 1991 in
537 1956 700 1992 Glossar.
735 1953 783 1991 ad
810 1954 988 2006 Aeschyl.

336 2012 441 2048 Pers.
467 2011 561 2059 473,
600 2012 664 2048 ubi
704 2018 815 2062 poeta
854 2013 991 2048 Xerxis

336 2075 525 2104 memorat
545 2065 704 2117 ὑψηλὸν
724 2065 860 2118 ὄχθον,
873 2082 991 2104 unam

336 2124 520 2161 Herodoti
531 2126 784 2161 narrationem
801 2123 914 2162 habet
924 2139 990 2161 ve-

336 2195 432 2221 ram.
490 2180 649 2218 Athenis
679 2188 805 2217 autem
836 2183 874 2217 in
905 2195 990 2218 arce

337 2239 480 2284 seliam,
502 2239 540 2273 in
571 2251 644 2289 qua
675 2239 822 2274 Xerxes
857 2251 991 2275 ‹tonse—

335 2294 432 2331 disse
443 2295 644 2341 serebatur,
661 2296 737 2330 sive
749 2308 902 2331 auream
913 2296 990 2331 sive

337 2358 556 2401 argenteam
576 2358 768 2387 servarant
798 2358 891 2388 teste
912 2353 990 2388 De-

335 2406 525 2444 mosthen.
547 2421 580 2444 c.
604 2408 813 2444 Timocrat.
835 2422 872 2458 p.
894 2408 989 2455 741,

336 2465 360 2505 5
383 2465 467 2501 coil.
489 2466 709 2514 Harpocrat.
739 2478 776 2514 p.
799 2467 852 2504 25
886 2466 989 2515 Lips.

335 2534 366 2557 s.
387 2535 423 2558 v.
446 2516 699 2573 άργυρόπους
720 2521 876 2573 δίφρος.

351 2648 360 2658 ·
392 2630 433 2670 οἱ
468 2633 786 2683 γραμματισταί]
835 2635 892 2669 De
932 2632 989 2671 his

334 2685 411 2725 vid.
429 2688 536 2724 allata
558 2688 606 2724 ad
619 2690 700 2736 VII,
722 2692 808 2729 100.
841 2689 990 2727 Eadem

335 2751 510 2780 enarrant
531 2744 723 2782 Plutarch.
737 2746 988 2786 Tliemistoci.

339 2802 388 2840 13
420 2801 499 2838 init.
530 2801 663 2839 TzetZ.
694 2801 792 2842 Chil.
830 2806 860 2852 1,
893 2806 987 2846 978.

1049 732 1106 738 —
1142 709 1204 748 Ad
1238 707 1443 765 πατρόθεν
1476 711 1579 749 conf.
1626 713 1707 762 Vll,

1106 820 1206 875 πρός
1229 821 1308 863 δὲ
1296 822 1351 863 ε’τι
1378 840 1446 863 και
1470 819 1710 892 προσελάβε-

1049 896 1092 920 το
1117 882 1232 930 φίλος
1256 877 1332 919 ἔων
1364 875 1629 933 Ἀριαράμνης
1660 876 1708 919 ά-

1048 953 1126 988 νηρ
1155 937 1311 987 Πέρσης
1331 952 1368 976 κ
1397 953 1428 975 τ.
1450 936 1505 987 λ.]
1542 939 1597 974 Ita
1618 951 1708 974 cum

1050 993 1268 1043 Schweigh.
1283 1023 1293 1039 ‚
1349 994 1464 1030 Gaisf.
1500 1001 1536 1030 et
1574 995 1708 1044 Negris

1050 1049 1150 1097 dedi,
1172 1052 1357 1100 genitivos
1378 1046 1521 1089 τούτου
1543 1053 1615 1089 τοῦ
1628 1046 1708 1089 πά-

1050 1111 1146 1152 θεος
1160 1107 1325 1143 referens
1338 1106 1385 1143 ad
1395 1107 1553 1143 verbum
1564 1119 1708 1158 προσε-

1051 1161 1193 1214 λάβετο
1207 1193 1216 1209 ,
1247 1162 1350 1214 quod
1372 1162 1505 1199 eodem
1521 1164 1598 1199 fere
1619 1176 1707 1200 mo·-

1052 1218 1125 1264 do,
1165 1232 1240 1270 quo
1271 1218 1634 1269 προσεπιλαβέσθαι
1660 1221 1706 1268 V,

1051 1276 1104 1316 44
1126 1277 1209 1312 coll.
1231 1274 1283 1316 45
1305 1282 1340 1312 et
1357 1274 1617 1326 ἐπιλαβέσθαι
1642 1277 1706 1325 Vl,

1051 1333 1104 1373 49
1147 1331 1208 1369 hic
1244 1331 1414 1368 adhiberi
1444 1331 1618 1381 credam3
1655 1334 1709 1370 ita

1051 1395 1093 1424 ut
1119 1387 1213 1426 haec
1244 1389 1322 1425 sere
1353 1390 1487 1426 existat
1516 1389 1590 1426 loci
1618 1402 1707 1426 sen-

1051 1446 1192 1482 tentia:
1217 1445 1266 1482 Ac
1281 1449 1463 1495 praeterea
1480 1446 1708 1484 Arz'aramnes

1052 1515 1181 1552 quoque
1204 1502 1308 1538 liuius
1332 1501 1540 1538 Phoenicum
1572 1505 1708 1552 stragis

1046 1565 1183 1609 partem
1207 1559 1341 1604 habuit,
1374 1561 1436 1608 qm·
1463 1558 1711 1609 disceptationi

1051 1615 1184 1665 adfuit,
1223 1615 1364 1652 Ionibus
1379 1628 1454 1652 cum
1471 1619 1556 1652 esset
1573 1618 1709 1653 amicus

1050 1685 1229 1722 eorumque
1249 1684 1390 1708 causam
1407 1672 1487 1708 inde
1509 1676 1629 1720 ageret
1648 1685 1708 1709 co-

1049 1741 1125 1765 ram
1145 1741 1225 1777 rege
1252 1731 1292 1765 ut
1312 1728 1438 1765 Persa.
1496 1731 1629 1779 ltaque
1658 1728 1708 1766 ad

1051 1785 1165 1834 φίλος
1186 1782 1260 1824 ἐών
1276 1784 1454 1836 equidem
1464 1786 1705 1836 subintelligo

1048 1844 1128 1880 τῶν
1149 1837 1330 1879 'Ico'vcovt
1366 1840 1469 1893 quod
1508 1848 1637 1878 tamen
1663 1849 1707 1880 ut

1049 1899 1168 1935 textui
1190 1899 1388 1944 inseratur,
1417 1899 1576 1935 minime
1597 1897 1708 1936 vide-

1048 1962 1108 1991 tnr
1148 1956 1416 1992 necessarium.
1484 1957 1563 1992 Nec
1598 1956 1706 1992 aliter

1048 2010 1220 2048 Reiskius
1273 2013 1402 2048 locum
1440 2012 1706 2063 interpretatus

1049 2075 1127 2105 est:
1150 2069 1462 2115 „Ariaramnem‚
1496 2070 1557 2115 ait,
1578 2070 1704 2105 virum

1046 2126 1218 2171 Persam,
1248 2126 1388 2161 Ionum
1418 2126 1585 2161 amicum
1615 2138 1705 2161 cum

1046 2194 1221 2231 praesens
1252 2181 1417 2227 adesset,
1450 2182 1704 2218 calamitatem

1046 2239 1149 2273 illam
1166 2237 1403 2273 Phoenicum
1424 2237 1608 2274 adiutasse
1628 2240 1703 2274 cri-

1046 2293 1286 2339 minaudo3<=
1307 2296 1422 2345 inque
1443 2294 1605 2330 eandem
1617 2308 1704 2331 sen-

1045 2353 1203 2388 tentiam
1225 2351 1338 2386 etiam
1360 2350 1605 2400 accepithaec
1615 2365 1703 2387 ver-

1047 2408 1095 2444 ba
1123 2405 1344 2444 Larcherus.
1377 2407 1487 2451 Quod
1509 2409 1599 2444 olim
1615 2409 1703 2444 vul-

1046 2471 1179 2511 gatum
1192 2471 1269 2500 erat
1290 2462 1564 2513 προσεβάλετο,
1581 2466 1703 2502 tenuit

1045 2513 1181 2565 Bothe,
1207 2521 1365 2556 Annott.
1395 2520 1443 2556 ad
1472 2522 1631 2558 Terent.
1661 2535 1701 2572 p.

1045 2576 1627 2624 466‚ubiPhoenicumamioum
1638 2579 1702 2614 in-

1044 2634 1162 2683 telligi
1182 2635 1301 2670 voluit
1324 2635 1610 2680 Ariaramnem,
1647 2635 1700 2670 si-

1044 2691 1125 2726 mul
1167 2703 1256 2726 cnm
1295 2689 1350 2727 his
1385 2692 1569 2742 supplicio
1604 2690 1700 2727 affe-

1046 2753 1170 2792 ctum3
1192 2746 1356 2798 indeque
1378 2761 1444 2798 pro
1466 2744 1623 2796 παρεών
1642 2747 1701 2783 le·-

1045 2805 1084 2855 gi
1104 2804 1184 2843 vult
1207 2799 1415 2857 άσπαίρων
1437 2811 1473 2842 et
1494 2803 1542 2842 ad
1561 2804 1700 2855 geniti-
