1839 3292
389 225 473 266 146

386 345 466 390 vv.

790 222 1260 259 HERODOTI

538 330 647 374 ὥστε
710 329 1037 384 ὑποδεξάμενον
1096 327 1287 383 ἅσμενον
1329 328 1434 380 τούς
1491 327 1709 384 λόγουςδο

387 401 467 444 τὸν
509 397 778 442 Πανιώνιον,
831 398 1005 450 κομίσαι
1061 395 1113 438 τοὶ
1158 395 1287 437 τέκνα
1339 395 1413 438 καὶ
1461 395 1542 452 τήν
1577 412 1653 451 γυ-

359 475 383 510 3
397 472 540 511 valna.

604 463 661 514 ὠς
684 463 728 505 δὲ
760 461 843 517 ἄρα
873 464 1077 520 πανοικίη
1109 479 1183 517 μιν
1211 461 1448 516 περιέλαβε,
1483 464 1596 518 ἔλεγε
1626 463 1650 508 ὁ

382 532 648 587 Ἑρμότιμος
677 530 800 573 τάδε·
841 564 864 581 ,,
856 533 917 580 ,Ω
946 533 1121 575 πάντων
1152 529 1329 583 ανδρων
1357 527 1441 584 ἤδη
1471 531 1653 584 μάλιστα

389 635 410 652 ,,
402 600 493 650 ,ἀπ’
527 601 666 655 ἔργων
697 597 1004 643 ἀνοσιωτάτων
1034 599 1109 643 τὸν
1140 600 1239 654 βίον
1265 594 1517 652 κτησαμενε,
1546 599 1587 640 τί
1606 597 1708 641 σὲ85

387 669 498 724 „irc-5
526 667 663 711 κακόν
689 664 715 722 ἢ
737 666 870 718 αὐτὸς
902 667 927 722 ἢ
956 671 1044 710 τῶν
1066 667 1179 721 ἐμῶν
1208 682 1270 716 τις
1301 664 1512 719 ἐργάσατο
1533 663 1562 719 ἢ
1592 665 1651 716 σὲ,

388 736 444 793 ,,ὴ“
473 740 561 779 τῶν
591 738 681 777 σῶν
709 750 827 783 τινα,
871 734 939 777 ὅτι
967 752 1017 790 με
1051 733 1139 776 ἀντ’
1169 730 1330 786 ἀνδρὸς
1369 731 1573 787 ἐποίησας
1600 729 1651 774 τὸ

359 803 552 859 4,,μηδὲν
583 800 716 851 &ivam
748 801 912 852 ἐδόκεές
940 819 983 845 τε
1013 802 1144 851 θεοὺς
1172 799 1320 856 λήσειν
1353 797 1424 842 οἷα
1453 799 1654 855 ἐμηχανῶ

388 871 535 925 ,,τότε·
568 871 614 913 οἴ
640 881 685 913 σε
714 868 956 926 ποιήσαντα
986 868 1158 922 ἀνόσια,
1188 869 1310 926 νόμῳ
1329 868 1483 924 δικαίῳ
1511 866 1646 922 χρεώ-

333 1055 455 1093 fluxit.
511 1055 643 1105 Itaque
673 1066 762 1090 cum
795 1052 930 1091 Matth.
959 1060 995 1090 et

331 1110 510 1148 Bekkero
542 1111 682 1146 retinui
703 1110 896 1159 vulgatam
925 1125 996 1148 κο-

334 1169 470 1219 μίσας,
517 1179 634 1217 quam
680 1167 807 1215 scripti
841 1173 995 1202 tuentur

332 1225 417 1261 libri
437 1225 605 1274 itemque
627 1220 799 1258 Thomas
815 1224 994 1272 Magister

332 1293 421 1331 pag.
444 1277 536 1318 644.
597 1279 654 1314 Ac
684 1279 796 1329 paulo
827 1286 912 1330 post
932 1280 994 1314 iu-

332 1337 485 1374 venitur
521 1333 696 1385 κομίσαι.
754 1334 815 1371 Ad
841 1335 993 1382 οἰκέτας

333 1392 434 1431 conf.
481 1390 625 1427 Thom.
655 1393 822 1440 Magistr.
851 1393 874 1429 l.
900 1393 925 1429 l.
956 1399 993 1429 et

333 1456 427 1486 nott.
471 1446 519 1483 ad
557 1447 699 1484 Herod,
735 1449 839 1495 VIII,
885 1447 906 1471 Γ

882 1464 919 1489 Ο.
939 1471 993 1476 '—

334 1505 465 1557 ἐκείνῃ
491 1511 633 1554 spectat
656 1504 702 1541 ad
724 1505 871 1541 Sardes.

390 1590 688 1644 ὑποδεξάμενον
703 1591 893 1644 ἅσμενον]
915 1595 994 1630 Eo—

335 1650 422 1687 dem
458 1649 573 1687 modo
618 1651 784 1702 loquitur
814 1652 993 1687 Aelianus

333 1709 381 1744 Ν.
403 1707 450 1743 A.
479 1707 557 1754 VI,
590 1706 661 1753 50,
691 1708 755 1743 ubi
787 1707 993 1744 Herodotei

335 1764 409 1800 loci
426 1775 505 1799 nou
529 1763 599 1799 fuit
623 1764 826 1800 immemor
847 1766 990 1804 Jacobs,

334 1840 389 1848 --
422 1821 466 1855 In
497 1833 603 1871 seqq.
638 1821 839 1871 περιέλαβε
868 1822 991 1858 valet.-

333 1878 373 1912 in
395 1879 566 1925 potestate
591 1877 733 1924 habuit,
766 1885 807 1914 ut
839 1878 891 1924 V,
923 1880 990 1918 23.

334 1932 446 1980 VIII,
478 1934 514 1971 6.
533 1953 588 1960 -
615 1934 690 1969 Pro
718 1931 795 1983 ἤδη
825 1929 991 1983 μάλιστα

334 1989 589 2039 Wesselingio
600 1992 719 2040 magis
732 1992 895 2040 placeret
917 1987 992 2040 ὅήτ,

334 2044 562 2082 Abreschius
605 2048 779 2082 voculam
827 2044 906 2097 ἤδη
946 2060 990 2083 eo

334 2114 446 2138 sensu
487 2103 607 2152 accipi
643 2104 744 2150 vult,
786 2116 860 2155 quo
901 2104 990 2140 alias

334 2156 445 2208 μέχρι
464 2160 541 2197 νῦν
563 2159 630 2195 huc
649 2173 776 2210 usque,
812 2161 925 2210 plane
947 2173 989 2196 ac

333 2215 363 2249 si
390 2213 543 2251 dixisset
577 2212 740 2255 πάντων
769 2211 927 2266 ἅνδρῶν
953 2217 991 2255 οἳ

332 2266 412 2320 ’ἤδη
447 2268 649 2320 γεγόνασι,
686 2280 727 2309 ut
758 2272 857 2323 apud
887 2275 991 2309 Pau-

332 2338 410 2362 san.
441 2327 534 2374 Vll,
565 2330 618 2367 22
651 2330 688 2373 ξ.
719 2328 763 2366 4:
797 2329 899 2380 quod
931 2337 990 2365 ta-

332 2395 418 2418 men
443 2396 489 2418 011
514 2384 612 2420 facto
636 2397 729 2434 opus
755 2384 877 2431 suerit,
905 2399 989 2420 me-

331 2440 401 2475 rito
429 2438 573 2476 dubitat
592 2440 764 2477 Siebelis.
813 2443 988 2492 Namque

330 2497 368 2530 in
395 2495 579 2533 Herodoti
604 2510 757 2548 quoque
787 2498 871 2534 loco
897 2511 988 2548 par-

331 2553 442 2587 ticula
464 2549 542 2602 ἤδη
569 2555 647 2590 vim
673 2561 787 2604 auget
816 2556 987 2605 superla-

330 2608 394 2642 tivi
436 2621 477 2644 ac
510 2610 623 2646 totius
656 2612 887 2647 sententiae:
929 2611 986 2648 Τιι

330 2664 398 2700 ium
424 2667 571 2702 omnium
600 2668 751 2703 virorum
781 2669 986 2717 nequissimo

328 2721 465 2768 negotw
481 2724 590 2758 υιίαηι
608 2728 817 2761 sustentans.

385 2794 429 2838 τό
457 2797 582 2849 μηδὲν
608 2797 729 2852 εἶναι]
770 2804 906 2851 „Culte
937 2818 982 2844 το

1052 1050 1176 1104 μηδὲν
1219 1048 1353 1099 ὄντες,
1377 1051 1482 1098 viles,
1513 1052 1641 1099 ignavi
1672 1056 1709 1087 et

1049 1109 1182 1145 nullius
1193 1110 1243 1144 rei
1256 1108 1403 1145 homines
1417 1106 1708 1158 Sophocl.Aiac.

1049 1166 1145 1204 779.
1225 1165 1336 1204 Dion.
1413 1164 1607 1215 Chrysost.
1645 1164 1706 1201 Or.

1048 1220 1256 1257 xxxvln
1285 1234 1322 1270 p.
1351 1219 1443 1261 480.
1471 1222 1505 1256 A
1531 1227 1567 1256 et
1586 1220 1709 1256 LXVI
1742 1232 1745 1242 ν

1048 1290 1086 1327 p.
1109 1280 1186 1317 611
1211 1278 1260 1314 D.
1298 1276 1415 1313 Aliud
1436 1277 1708 1320 Hermotimus,

1050 1334 1305 1373 calamitatem
1351 1346 1480 1382 suam,
1535 1333 1611 1384 (ιιι-ξι
1646 1344 1709 1369 nec

1049 1393 1105 1427 vir
1124 1404 1185 1427 nec
1209 1390 1349 1440 femina
1366 1396 1545 1436 evaserat,
1567 1401 1709 1439 expro-

1049 1447 1162 1484 brans
1210 1448 1442 1498 nequissimo
1506 1446 1708 1483 Panionio.

1049 1503 1124 1539 Adi
1169 1504 1375 1553 Salvagnio
1416 1504 1612 1540 observata
1658 1500 1707 1538 ad

1052 1560 1175 1596 Ovidii
1228 1561 1325 1596 Ibim
1371 1560 1464 1600 457.
1495 1559 1708 1603 „lVesse-

1049 1616 1176 1665 ling.
1246 1618 1311 1653 Tu
1357 1616 1432 1656 vid.
1466 1613 1601 1652 Matth.
1640 1616 1706 1652 Gr.

1049 1674 1113 1709 Gr.
1137 1676 1172 1719 ξ.
1195 1673 1289 1714 437.
1318 1680 1398 1709 not.
1427 1676 1443 1712 1
1476 1680 1512 1709 et
1534 1685 1631 1724 quae
1647 1679 1707 1708 at-

1047 1731 1131 1766 tulit
1171 1731 1307 1766 similia
1332 1730 1501 1780 Apitzins
1548 1728 1594 1765 ad
1631 1729 1707 1766 So-

1047 1785 1173 1837 pliocl.
1202 1785 1382 1823 Trachin.
1408 1785 1509 1826 1075
1528 1784 1706 1822 AdVGrSS·

1046 1857 1083 1893 p.
1108 1846 1203 1883 321.
1243 1843 1312 1881 Cr.
1339 1841 1559 1879 laudaverat
1583 1843 1706 1878 Hein-

1048 1899 1145 1936 dorf.
1187 1898 1235 1936 ad
1275 1901 1426 1936 Platon.
1465 1897 1635 1950 Euthyd.
1666 1899 1707 1944 §-

1047 1959 1101 1998 82
1120 1968 1208 2006 pag.
1227 1956 1308 1998 418
1329 1970 1409 2008 seq.
1434 1962 1471 1992 et
1487 1955 1536 1992 ad
1555 1956 1707 1993 Platon.

1048 2012 1215 2063 Sopliist.
1255 2026 1343 2064 pag.
1380 2015 1476 2054 271.
1516 2015 1614 2054 272.
1653 2033 1702 2040 —

1047 2071 1216 2106 Verbum
1261 2066 1474 2120 ὑπήγαγον
1508 2081 1588 2106 nou
1626 2075 1708 2106 tam

1046 2127 1258 2176 siguificare
1288 2125 1440 2164 videtur
1463 2125 1706 2173 adduxerunt,

1047 2190 1088 2218 ut
1113 2184 1183 2230 VI,
1212 2185 1287 2230 72,
1319 2181 1384 2218 sed
1412 2183 1574 2218 retinere
1593 2182 1707 2218 simul

1046 2240 1125 2274 vim
1163 2239 1466 2290 praepositionis,
1512 2239 1624 2288 plane
1663 2245 1706 2276 ut

1046 2295 1125 2341 IX,
1158 2295 1223 2334 94.
1283 2295 1408 2336 Ωαίΐε
1429 2296 1599 2342 inscium,
1621 2293 1706 2344 sal-

1047 2352 1182 2388 lacibus
1242 2352 1452 2388 sermonibus
1526 2352 1705 2402 confiden-

1045 2413 1111 2445 tem
1132 2407 1206 2444 huc
1226 2408 1462 2446 adduxerunt.
1478 2407 1703 2456 Lawlwrus,

1045 2466 1109 2515 qui
1139 2465 1301 2501 conferri
1334 2465 1416 2500 vult
1442 2463 1703 2503 Heinsterhus.

1045 2521 1091 2557 ad
1115 2520 1303 2571 Aristoph.
1320 2522 1419 2557 Plut.
1446 2534 1482 2571 p.
1507 2521 1581 2569 58,
1611 2521 1703 2559 hinc

1044 2577 1191 2614 reddit:
1225 2579 1296 2624 „ils
1315 2579 1400 2615 t'ont
1425 2579 1537 2615 attire‘
1561 2591 1633 2629 par
1652 2591 1703 2617 un

1040 2635 1152 2684 appcit
1168 2636 1387 2685 trompeur.“
1445 2634 1507 2672 Ad
1535 2637 1703 2686 περιῆλ-

1041 2695 1092 2729 θε
1105 2691 1204 2728 conf.
1217 2699 1313 2728 nott.
1326 2690 1373 2728 ad
1391 2691 1473 2739 V11,
1493 2694 1546 2734 88
1559 2692 1701 2728 etPlu-

1037 2746 1159 2784 talcli.
1187 2749 1283 2785 Mar.
1308 2751 1377 2788 10:
1409 2747 1478 2789 και
1504 2745 1701 2801 περιῆλθὲ

1037 2819 1096 2852 τις
1113 2802 1268 2855 νέμεσις
1286 2821 1323 2846 κ.
1341 2819 1376 2846 τ.
1394 2807 1430 2846 λ.
