1839 3292
355 182 440 225 372

328 294 352 332 4
362 297 502 350 ,,μεθα
539 291 914 348 θωυμαστότεροι.

753 180 1219 220 HERODOTI

982 287 1101 338 οἰκὸς
1142 289 1188 332 δὲ
1217 288 1429 345 ἄρχοντας
1462 287 1679 343 ἄνδραςίὸ

354 363 562 414 ,,τοιαῦτα
590 359 770 403 ποιέειν·
799 356 897 401 κότε
929 355 1013 411 γὰρ
1044 355 1097 412 δὴ
1128 356 1200 399 καὶ
1229 357 1403 411 παρέξει
1426 355 1622 407 κάλλιον,

354 428 409 485 ,,ἢ
440 428 509 472 ὅτε
545 443 592 482 γε
622 424 875 481 ἀνθρώπων
904 439 948 467 τε
979 427 1154 467 πολλῶν
1193 423 1382 479 ἄρχομεν
1409 422 1549 480 πάσης
1577 439 1623 467 τε

327 499 466 553 5,,τῆς
506 493 710 550 Ἀσίης,·“
770 496 921 548 Κῦρος
963 491 1008 535 δὲ
1049 494 1184 535 ταῦτα
1214 490 1426 543 ἀκούσας,
1465 492 1539 534 καὶ
1566 489 1622 535 οὐ

345 562 587 620 θωυμάσας
616 562 694 605 τὸν
725 560 881 617 λόγον,
924 560 1090 603 ἐκέλευε
1119 560 1284 603 ποιέειν
1309 562 1468 603 ταῦτα·
1507 558 1680 602 οὕτωΞΟ

358 631 404 676 δὲ
436 628 605 673 αὐτοῖσι
640 630 847 683 παραίνεε
884 625 1073 672 κελεύων
1101 627 1523 681 παρασκευάζεσθαι,
1565 624 1624 678 ὥς

329 698 507 744 ὂούκέτι
529 697 764 753 ἄρξοντας,
804 695 891 740 ἀλλ’
931 693 1212 750 ἀρξομένους.
1270 695 1434 751 φιλέειν
1461 694 1546 751 γὰρ
1577 694 1623 738 ἐκ

354 771 443 812 τῶν
479 769 690 823 μαλακῶν
729 764 883 821 χώρων
931 763 1152 818 μαλακούς
1200 762 1361 817 ἄνδρας
1401 764 1623 819 γίνεσθαι·

358 834 413 880 οὐ
442 835 525 891 γάρ
555 850 623 877 τοι
652 837 728 890 τῆς
750 832 884 888 αὐτῆς
912 835 991 887 γῆς
1022 829 1131 874 εἶναι
1160 830 1332 886 καρπόν
1361 847 1405 874 τε
1437 836 1621 886 θωυμα-

328 902 467 948 Ίστὸν
496 900 628 958 φύειν
662 901 737 946 καὶ
767 899 931 955 ἄνδρας
961 897 1159 955 ἀγαθούς
1194 898 1247 942 τὰ
1277 897 1474 955 πολέμια.
1516 897 1678 958 ὤστε25

355 1083 449 1130 κᾶε
461 1085 534 1140 γάρ
547 1081 598 1138 δή
615 1083 682 1124 καὶ
697 1082 856 1136 παρέξει
867 1079 959 1123 κάλ-

301 1147 423 1194 λιον]
454 1146 480 1182 i.
502 1158 536 1181 e.
567 1142 706 1194 quando
722 1145 810 1178 enim
826 1141 887 1179 Ιιοσ
899 1155 962 1178 ειε-

301 1218 343 1240 ‘ne
364 1201 569 1240 commodius
595 1214 624 1237 s.
658 1199 880 1248 meliusfierz'
893 1211 962 1248 po-

303 1263 398 1298 terit.
455 1259 521 1296 Tu
550 1256 652 1295 conf.
678 1257 745 1305 111,
779 1258 845 1295 73.
869 1255 962 1301 142,

302 1331 352 1354 ne
374 1316 494 1367 plura.
544 1316 621 1351 Pro
656 1309 747 1352 κότε
770 1311 962 1349 Sancrofti

303 1373 427 1411 codex
455 1371 571 1409 habet
593 1367 751 1437 πρότερα,
783 1368 831 1405 cf.
851 1370 961 1415 Lol.

303 1430 365 1467 Ad
404 1430 520 1467 verba
556 1442 624 1467 και
659 1421 708 1465 ου’
739 1420 962 1476 θωυμάσας

303 1485 370 1527 τὸν
389 1482 511 1537 λόγον
529 1485 630 1524 conf.
652 1481 848 1523 Plutarch.
868 1483 903 1518 Π
923 1496 962 1532 p.

308 1546 387 1584 172
406 1544 452 1579 E.

362 1595 467 1639 οὕτω
488 1595 530 1637 δὲ
556 1593 710 1636 αὐτοῖσι
723 1611 760 1635 κ.
780 1611 810 1634 τ.
835 1593 884 1645 λ.]
902 1593 964 1631 Ad

304 1658 437 1694 Persas
457 1655 593 1692 refero.
623 1655 702 1690 Nec
712 1666 840 1689 moror
849 1664 964 1688 accu-

304 1714 442 1751 sativos
474 1713 745 1764 subsequentes
771 1706 964 1760 ἄρξοντας

307 1778 344 1807 et
364 1765 630 1821 οἷρξομὲνουςς
660 1766 737 1804 vid.
759 1765 875 1802 modo
891 1767 962 1811 IX,

304 1829 370 1866 79.
427 1827 676 1876 participium
716 1819 962 1874 ἀρξομένους

301 1883 449 1934 passivo
467 1895 580 1920 sensu
610 1878 888 1931 accipiendum,
920 1885 963 1915 ut

302 1935 664 1994 πολιορκησόμενοι
706 1938 784 1984 IX,
814 1938 879 1976 97.
916 1936 961 1983 V,

304 1995 370 2037 34.

361 2050 513 2103 φιλέειν
531 2047 605 2103 γοῖρ
621 2071 669 2078 -
684 2046 833 2099 ἄνδρας
856 2048 962 2100 γίνε-

304 2108 426 2160 σθαι]
476 2109 582 2145 Facit
612 2105 688 2144 huc
722 2106 964 2157 Hippocratis

301 2167 407 2203 locus
427 2167 484 2202 De
502 2178 577 2203 aer.
601 2177 663 2216 aq.
691 2170 726 2201 et
738 2164 832 2200 loco.
855 2163 893 2207 ξ.
910 2165 962 2202 33

302 2224 434 2273 p.289
453 2236 482 2261 5.
505 2221 586 2262 347
602 2223 771 2272 itemque
793 2221 963 2257 Senecae

300 2281 359 2316 De
390 2280 447 2315 ira
471 2280 520 2327 H,
551 2280 600 2317 16
632 2284 691 2324 et,
732 2278 798 2313 ubi
829 2274 964 2312 eadem

301 2335 488 2373 sententia
524 2333 696 2385 proditur
731 2345 965 2385 quamquam

304 2393 460 2430 diversis
482 2391 606 2430 verbis
635 2389 831 2427 Plutarch.
865 2390 900 2425 11
922 2402 960 2438 p.

308 2452 386 2490 172
407 2451 449 2486 F.
487 2449 604 2486 Plura
625 2448 714 2498 Cyri
736 2445 835 2483 dicto
856 2445 963 2482 simi-

305 2507 355 2542 lia
380 2507 532 2556 collegit
560 2503 741 2542 Gataker.
769 2502 817 2540 ad
837 2503 964 2538 Anto-

306 2564 386 2599 nin.
407 2564 470 2610 IV,
492 2564 546 2603 39
558 2562 644 2599 coll.
660 2562 820 2597 Dunaeo
835 2559 873 2594 in
884 2560 964 2594 De-

306 2618 496 2655 mosthen.
531 2632 571 2670 p.
601 2620 694 2658 131.
752 2619 814 2655 Ex
845 2617 965 2652 Hero-

307 2675 397 2711 doto
428 2682 557 2711 autem
587 2688 784 2725 expressus
817 2672 967 2711 videtur

306 2729 580 2768 Valckenaerio
595 2732 693 2769 Livii
702 2732 806 2768 locus
817 2731 963 2777 XXIX,

309 2789 361 2829 ‘25
373 2788 643 2837 „fertilissimus
660 2801 751 2840 ager
761 2800 882 2841 eoque
895 2787 964 2824 ab-

1016 1081 1166 1119 undans
1204 1082 1379 1119 omnium
1410 1082 1520 1133 copIa
1548 1094 1678 1119 rerum

1017 1147 1073 1176 est
1110 1140 1238 1189 regio:
1281 1147 1317 1176 et
1355 1140 1526 1176 imbelles
1558 1138 1678 1191 (quod

1017 1197 1244 1247 plerumque
1263 1197 1304 1232 in
1329 1196 1446 1233 ubere
1475 1208 1566 1246 agro
1588 1209 1679 1233 eve-

1020 1254 1098 1298 nit)
1121 1253 1269 1289 barbari
1288 1253 1416 1290 sunt.“
1475 1251 1537 1289 Ad
1556 1253 1678 1303 ipsam

1017 1311 1268 1358 sententiam,
1302 1322 1419 1361 quam
1451 1310 1679 1361 plerumque

1018 1380 1172 1414 veram,
1210 1368 1250 1402 in
1290 1367 1512 1405 universum
1549 1373 1678 1403 tamen

1020 1424 1196 1460 fallacem
1231 1437 1309 1460 <esse
1348 1424 1399 1461 ait
1436 1424 1678 1473 WVesseling„

1022 1481 1123 1518 conf.
1150 1482 1314 1519 Heeren.
1341 1479 1399 1518 Id.
1419 1481 1450 1529 I,
1479 1483 1497 1520 1
1520 1494 1560 1531 p.
1589 1479 1681 1520 194.

1022 1536 1115 1577 395.
1154 1538 1293 1574 Veram
1305 1537 1410 1573 illam
1426 1550 1505 1574 esse
1520 1543 1683 1574 conten-

1022 1593 1127 1630 derat
1143 1607 1296 1645 qnoque
1305 1592 1529 1641 Larcherus,
1545 1606 1683 1631 recen-

1020 1651 1122 1687 tioris
1152 1650 1329 1687 historiae
1369 1651 1554 1701 exemplis
1593 1650 1682 1703 qui-

1020 1706 1182 1744 busdam
1216 1707 1383 1746 adiectis.
1442 1708 1542 1753 Quin
1581 1707 1682 1744 cele-

1019 1764 1230 1801 berrimum
1264 1766 1531 1816 Montesquieu
1563 1765 1604 1800 in
1633 1764 1683 1800 li-

1019 1821 1087 1858 bro
1110 1821 1157 1858 de
1176 1822 1309 1871 legum
1330 1822 1449 1859 causis
1479 1821 1556 1869 (ita
1576 1821 1681 1857 enim

1018 1891 1108 1915 cum
1133 1879 1164 1915 Ι.
1184 1879 1233 1915 Α.
1257 1879 1419 1915 Ernesto
1448 1877 1609 1915 reddere
1632 1878 1680 1914 li-

1019 1941 1077 1971 cet
1097 1936 1234 1971 Latine
1254 1936 1339 1971 libri
1369 1935 1523 1972 titulum
1553 1935 1681 1986 Esprit

1020 1990 1084 2028 des
1104 1992 1221 2041 Loix)
1242 1991 1346 2029 idem
1363 1993 1579 2031 observasse
1591 1992 1681 2042 plu—

1019 2049 1198 2101 ribusque
1271 2050 1488 2100 exposuisse
1561 2047 1679 2097 addit,

1022 2118 1271 2157 quamquam,
1311 2105 1438 2143 iudice
1474 2103 1679 2153 Lai-chero,

1021 2163 1147 2199 minus
1173 2164 1337 2212 respexit
1365 2162 1413 2199 ad
1444 2161 1680 2200 Christianae

1020 2219 1211 2269 religionis
1229 2220 1307 2255 vim
1331 2226 1444 2271 atque
1474 2220 1679 2256 auctorita-

1020 2282 1099 2311 tem
1125 2276 1299 2312 omnibus
1319 2276 1411 2313 locis
1431 2288 1474 2312 ac
1496 2277 1680 2327 tempori-

1020 2333 1158 2369 busita
1180 2331 1511 2380 accommodatae,
1542 2340 1585 2370 ut
1614 2333 1679 2370 vix

1020 2401 1086 2436 ea,
1127 2401 1226 2441 quae
1266 2389 1359 2426 olim
1396 2390 1531 2437 fuerit,
1574 2403 1679 2427 nunc

1019 2458 1173 2498 quoque
1207 2446 1423 2484 inveniatur
1449 2448 1544 2484 aeris
1564 2453 1679 2499 atque

1020 2503 1115 2540 coeli
1133 2503 1202 2542 vis.

1076 2555 1123 2598 ττέ
1159 2557 1354 2609 πολέμια]
1396 2558 1483 2597 Vid.
1506 2565 1603 2597 nott.
1629 2557 1678 2596 ad

1020 2616 1084 2664 IV,
1133 2618 1172 2656 3.
1236 2616 1406 2653 Verbum
1444 2613 1679 2668 συγγνόντες

1020 2673 1141 2710 valet:
1174 2685 1278 2722 quum
1299 2671 1452 2723 (veram
1484 2674 1563 2711 scil.
1597 2673 1676 2724 Cy-

1020 2730 1051 2766 ri
1081 2731 1308 2767 sententiam
1342 2734 1436 2777 esse)
1480 2729 1674 2768 intellexis-

1019 2789 1108 2826 sent.
