1839 3292
13 409 78 454 73

517 223 842 261 URANIA
900 222 1028 260 VIII.

1341 226 1397 265 97

147 336 315 379 ἄλλοισι
346 331 734 386 Πελοποννησίοισι
763 329 882 384 ἔμελε
914 329 1058 373 οὐδέν.
1104 327 1322 383 Ὀλύμπια
1352 328 1398 372 δὲ
1453 345 1538 373 Hanc
1553 349 1693 381 peninon-

143 468 369 523 πόννησον
400 467 526 508 ἔθνεα
557 465 670 508 invni.

143 535 336 591 τόχθονα
366 533 500 581 ἐόντα,
530 531 638 576 κατὰ
666 530 809 588 χώρην
839 533 1013 586 ἵδρυται
1049 533 1133 573 νῦν
1161 533 1215 585 τῇ
1246 530 1318 574 καὶ
1350 530 1399 574 τὸ
1413 536 1459 574 75

89 720 135 756 In
156 718 290 770 quibus
301 715 407 754 Eleos
428 720 557 750 contra
572 714 743 751 Xerxem

89 776 329 826 reliquorum
357 773 590 808 Graecorum
626 777 744 807 castra

90 838 234 869 secutos
274 842 351 865 esse
384 827 510 864 scribit
538 828 743 863 Pausanias

89 888 141 935 V,
169 887 196 926 4
223 886 260 930 ξ,
281 884 327 933 5,
357 889 473 933 negat
506 882 663 921 Diodor.
691 884 742 921 T.

87 944 124 980 ΙΙ
152 955 190 992 p.
213 939 292 981 547
329 939 493 978 Wessel.

142 993 341 1046 Ὀλύμπια
380 993 422 1034 δὲ
455 993 522 1034 καὶ
561 991 741 1046 Κάρνεια

85 1049 327 1104 παροιχώκεε
344 1049 440 1102 ἤδη]
476 1051 550 1088 Ubi
578 1048 662 1101 ἱεροὶ
680 1052 743 1087 in-

86 1111 205 1161 telligi
234 1116 339 1146 notat
367 1106 532 1144 Fischer.
562 1107 611 1144 ad
629 1108 744 1145 Wel-

87 1168 156 1204 ler.
201 1167 276 1213 ΙΙΙ,
318 1168 355 1204 1.
395 1177 479 1215 pag.
517 1163 611 1204 258.
681 1162 745 1200 Ad

88 1221 501 1274 plusquamperfectum
543 1214 744 1271 παροιχώ-

89 1294 153 1318 κεε
193 1278 293 1315 conf.
326 1279 549 1314 Buttmann.
582 1277 645 1313 Gr.
677 1278 743 1314 Gr.

91 1337 127 1371 Π
148 1347 235 1385 pag.
262 1335 353 1373 197.
410 1335 467 1369 De
487 1332 630 1369 carneis
662 1333 743 1382 egi-

89 1404 175 1428 mus
207 1389 254 1426 ad
292 1390 380 1436 VII,
414 1390 507 1428 216.
565 1388 745 1432 Quiesce-

90 1449 183 1485 bant
215 1453 343 1482 antem
376 1457 480 1480 arma
518 1442 612 1480 haec
650 1443 743 1480 dum

91 1504 299 1553 agebantur
318 1501 421 1548 festa,
440 1513 510 1536 nec
530 1507 616 1537 ante
633 1513 745 1550 egre-

94 1559 247 1596 dilicuit
269 1558 461 1608 Spartanis
487 1555 534 1593 ad
557 1557 714 1594 bellum.

269 1647 360 1698 Cap.
389 1646 565 1683 Lxxnl.

134 1724 262 1766 Οἶκέει
281 1723 323 1765 δὲ
338 1722 410 1775 τήν
428 1720 742 1774 Πελοπόννησον

92 1782 214 1823 ἔθνεα
240 1778 355 1832 ἑπτά]
386 1782 549 1832 Respicit
575 1780 622 1817 ad
647 1779 742 1818 haec

92 1838 264 1876 Eustath.
284 1838 331 1876 ad
350 1837 456 1876 Iliad.
487 1850 573 1888 pag.
593 1839 697 1885 289,
717 1839 742 1877 9

93 1910 122 1933 S·
143 1898 243 1942 219,
264 1894 331 1935 43.
377 1896 420 1930 In
440 1896 612 1945 proxime
631 1906 738 1945 seqq.

95 1965 184 1989 cum
220 1950 413 1988 Schaefer.
452 1957 489 1987 et
524 1949 743 2000 Schweigh-

94 2009 233 2044 retinui
272 2007 428 2058 ἵδρυται
463 2008 539 2045 νῦν
576 2008 627 2060 τῇ
663 2005 744 2053 καὶ,

94 2065 161 2101 ubi
188 2063 303 2100 Gaisf.
337 2069 529 2112 receperat
565 2064 660 2101 νῦν
696 2076 748 2100 τε

94 2118 198 2168 καὶ,
228 2118 332 2172 quod
360 2118 455 2156 mihi
485 2118 641 2171 quidem
670 2118 747 2156 dis-

94 2177 218 2227 plicet.
283 2175 455 2212 Reiskius
502 2182 538 2212 et
579 2177 746 2212 Koenius

94 2234 305 2269 maluerant
333 2229 404 2283 τήν
422 2233 560 2280 νῦντε,
589 2233 748 2269 Wesse-

94 2290 231 2339 lingius
254 2287 365 2339 (Diss.
381 2287 561 2325 Herodot.
581 2289 637 2324 XI
655 2301 743 2339 pag.

97 2347 177 2385 200
195 2358 292 2397 seq.,
324 2346 391 2381 ubi
417 2346 530 2381 etiam
552 2351 745 2396 comparat

97 2401 204 2448 VIII,
236 2399 334 2451 143)
368 2403 417 2454 τῇ
440 2404 516 2440 νῦν
561 2416 618 2449 τε,
654 2401 745 2438 Val-

99 2454 316 2493 ckenaerius
353 2457 508 2506 ἵδρυται
537 2460 637 2504 νῦν,
670 2454 744 2508 τὴν

99 2511 186 2559 καὶ,
210 2512 310 2563 quod
328 2512 436 2550 valde
456 2512 605 2550 arridet.
645 2514 745 2550 Sen-

99 2581 161 2605 sus
183 2569 257 2605 loci
274 2569 430 2605 minime
443 2569 598 2606 dubius:
619 2583 655 2606 eo
676 2571 747 2606 loco

100 2623 209 2660 sedem
245 2637 335 2661 nunc
361 2625 485 2662 habent
516 2639 545 2663 s.
573 2626 747 2672 habitant,

102 2693 167 2730 quo
198 2680 278 2717 olim
308 2682 411 2716 etiam
432 2681 650 2718 habitabant.
699 2684 748 2720 Et

801 711 943 762 οἰκέει,
973 711 1077 765 quod
1090 712 1206 749 etiam
1225 714 1338 762 paulo
1355 714 1455 751 infe-

798 771 874 807 rius
931 768 1162 806 servandum
1211 768 1332 817 duxi,
1390 772 1455 807 ubi

800 824 1018 876 Schweigh.
1062 832 1098 862 et
1127 825 1241 862 Gaisf.
1275 825 1458 865 dederant

801 881 918 922 οἶκέε.
949 904 1005 909 —-
1039 883 1097 918 De
1133 882 1324 918 locutione
1356 880 1456 923 κατά

799 934 931 989 χώρην
951 938 1051 977 conf.
1074 944 1170 975 nott.
1191 937 1238 974 ad
1256 940 1328 986 lv,
1362 939 1456 980 135.

798 994 908 1041 Quod
934 994 983 1031 ad
1002 995 1074 1031 loci
1104 1002 1374 1044 argumentum
1399 1003 1458 1032 at-

798 1053 914 1100 tinet,
944 1053 1021 1087 iam
1052 1051 1190 1088 Galeus
1225 1052 1455 1098 observarat,

800 1120 860 1145 sex
878 1115 1027 1145 tantum
1045 1114 1176 1157 gentes
1196 1106 1315 1144 videri
1334 1121 1457 1158 agno-

800 1178 903 1201 scere
935 1166 1170 1211 Homerum,
1219 1163 1457 1216 totidemque

799 1233 889 1257 sane
947 1233 1144 1256 occurrere
1178 1222 1323 1257 notavit
1366 1222 1458 1258 val-

801 1275 1041 1323 ckenaerius,
1089 1288 1325 1327 quamquam
1360 1290 1458 1328 quae

798 1339 911 1383 poeta
931 1333 1063 1378 attulit,
1099 1345 1143 1368 ea
1164 1331 1287 1370 adhuc
1307 1333 1459 1384 indige-

798 1402 839 1425 re
866 1388 993 1425 critica
1022 1387 1279 1439 disquisitione
1310 1389 1457 1427 dudum

798 1451 1000 1481 monuerat
1029 1444 1165 1481 Strabo
1194 1445 1281 1481 VIII
1310 1459 1347 1495 p.
1374 1448 1456 1487 332

798 1515 827 1539 s.
850 1502 930 1542 513
960 1502 1030 1547 A.‚
1062 1501 1128 1551 qui
1155 1501 1234 1550 ipse
1262 1513 1323 1537 sex
1343 1514 1457 1552 prae-

799 1559 909 1608 cipue
948 1557 1204 1606 Peloponnesi
1258 1564 1457 1595 enumerat

798 1615 971 1663 regiones
989 1625 998 1650 :
1034 1614 1357 1664 Peloponnesum,
1378 1615 1459 1650 Eli-

799 1669 911 1716 dem,
945 1671 1193 1717 Messeniam,
1234 1671 1457 1719 Laconiam‚

796 1725 1041 1777 Argolidem,
1096 1725 1290 1763 Achaeam
1344 1734 1458 1778 atque

795 1782 1019 1831 Arcadiam,
1060 1796 1149 1819 cum
1170 1784 1256 1830 alii,
1278 1781 1327 1819 ad
1362 1797 1457 1836 quos

798 1842 911 1877 etiam
954 1840 1169 1892 Soymnum
1212 1838 1352 1876 Chium
1399 1853 1456 1879 vs-

799 1896 880 1938 515
909 1909 988 1947 seq.
1023 1896 1160 1932 referas
1189 1896 1297 1943 licet,
1331 1899 1456 1945 septem

798 1953 1018 1999 nominent3
1050 1954 1201 2002 quinque
1221 1953 1312 1989 olim
1344 1952 1459 1989 fuisse

801 2016 950 2046 enarrat
965 2007 1210 2060 Thucydides
1231 2010 1259 2053 I,
1284 2011 1347 2049 10.
1383 2010 1459 2044 Ne-

801 2079 875 2116 qne
895 2078 984 2102 vero
1004 2067 1179 2114 regiones,
1205 2065 1272 2102 sed
1294 2064 1457 2102 diversas

802 2124 853 2159 ait
877 2120 1173 2158 Valckenaerius
1202 2122 1457 2171 Peloponnesi

801 2182 918 2227 gentes
940 2179 1153 2214 enumerari
1182 2178 1227 2214 ab
1249 2177 1456 2225 Herodoto,

803 2248 919 2286 quem
957 2235 1082 2284 ipsum
1122 2236 1257 2284 opinor
1292 2235 1457 2284 respexit

799 2292 1003 2328 Pausanias
1028 2291 1060 2327 V
1080 2291 1185 2339 init.,·
1207 2303 1282 2341 quo
1303 2297 1457 2327 auctore

798 2348 829 2384 si
864 2361 926 2384 eos
955 2349 1136 2393 Graecos,
1183 2348 1248 2398 qui
1289 2348 1456 2397 quinque

801 2403 1233 2453 duntaxatPeloponnesi
1245 2410 1366 2453 partes
1378 2416 1456 2439 esse

800 2467 994 2507 statuunt,
1055 2473 1260 2510 sequamur
1285 2489 1294 2505 ,
1343 2460 1455 2496 Eleos

803 2523 838 2553 et
857 2515 1023 2553 Arcades
1053 2516 1130 2552 una
1150 2515 1312 2552 Arcadi&
1333 2516 1457 2552 conti-

802 2574 884 2608 neri
911 2571 1174 2618 statuendum,
1196 2573 1351 2608 alteram
1370 2584 1457 2622 por.

803 2630 946 2665 tionem
976 2627 1217 2664 Achaeorum
1255 2629 1335 2665 vult
1364 2641 1455 2675 esse,

803 2692 877 2721 tres
899 2685 1060 2735 reliquas
1080 2685 1328 2722 Doriensium.
1345 2684 1456 2721 conf.

100 2734 280 2773 hactenus
334 2737 542 2786 perfectum
594 2738 751 2789 ἵδρυται
806 2740 852 2777 de
872 2738 929 2776 his
938 2740 1191 2790 Peloponnesi
1216 2740 1457 2778 divisionibus

102 2794 167 2830 vix
183 2793 349 2829 multum
370 2791 492 2830 differt
519 2806 540 2829 a
565 2796 751 2844 praesenti
808 2797 965 2834 Siebelis
985 2797 1024 2832 in
1044 2797 1248 2837 Hellenicc.
1266 2811 1305 2848 p.
1328 2800 1421 2838 179.

157 2850 378 2886 Hmono-r.
398 2847 465 2886 IV.

1159 2855 1184 2893 7

143 403 215 446 καὶ
245 399 439 454 Κάρνεια
468 397 732 453 παροιχώκεε
761 398 858 452 ἤδη.
922 396 1059 439 Οἰκὲει
1090 397 1133 438 δὲ
1161 395 1240 451 τήν
1258 399 1396 439 Helo..
1452 377 1510 435 {³¹¹¹
1530 387 1601 413 quot
1624 382 1727 417 populu

729 466 897 507 τούτων
934 463 979 505 δὲ
1009 462 1062 504 τοὶ
1092 461 1170 516 μὲν
1200 463 1291 514 δύο,
1324 463 1397 507 αὐ-

1465 412 1598 445 ¹¹⁰⁰la¹¹t3
1623 424 1727 444 eorum

1452 443 1595 478 origines.
