1839 3292
523 197 866 233 URANIA.
927 196 1058 231 vul.
1365 197 1421 235 45

168 308 275 361 πρὸς
308 311 419 350 τοῖσι
448 304 617 358 οὕρεσι”
664 303 735 347 καὶ
774 301 985 359 γυναῖκάς
1013 318 1134 352 τινας
1164 302 1421 356 διέφθειραν

38 380 103 424 3-1
167 375 418 431 μισγόμενοι
449 372 536 416 ὑπὸ
565 371 769 426 πλήθεος.
803 372 1174 426 Παραποταμίους
1204 368 1250 412 δὲ
1279 370 1752 451 παρα-4Οὲᾋὲἰςώῑξξζξίὶῐῗέ-

1733 436 1742 450 3

164 443 413 497 μειβόμενοι
463 443 513 494 οἱ,
542 437 783 495 βάρβαροι,
825 438 1034 482 ἀπίκοντο
1082 438 1124 488 ἐς
1169 436 1414 485 Πανοπέας.
1475 451 1752 516 {iqmugarssffiffissffl

164 511 366 554 ἐνθεῦτεν
397 509 441 551 δὲ
480 507 562 563 ἤδη
606 505 912 562 διακρινομένη
939 506 966 562 ἦ
998 505 1174 562 στρατιή
1207 502 1352 546 αὐτῶν
1381 503 1417 546 ἐ-
1473 515 1703 555 nogotiangszb}

140 580 344 633 Ξσχίζετο.
373 576 421 619 τό
441 575 518 630 μὲν
534 580 734 616 πλεῖστον
763 574 836 617 καὶ
856 574 1162 616 δυνατώτατον
1191 575 1270 614 τοῦ
1288 582 1416 624 στρα-
1473 557 1600 617 {ii'ffiTn
1618 557 1716 584 mgoe'

165 650 268 695 τοῦ,
317 644 404 699 ἅμα
447 642 563 696 αὐτῷ
602 642 738 696 Ξέρξῃ
777 640 1077 694 πορευόμενον
1117 638 1187 684 ἐπ’
1224 638 1419 693 Ἀθήνας,

137 713 340 768 3ἐσὲβαλε
370 712 412 761 ἐς
445 709 681 760 Βοιωτούς,
712 710 753 759 ἐς
779 713 860 764 γῆν
881 708 1185 763 Ὀρχομενίων.
1217 709 1477 749 Buteoni-5²2³&

166 779 211 823 δὲ
240 785 327 822 πᾶν
355 779 403 822 τὸ
432 782 597 833 πλῆθος
625 776 818 832 ἐμήδιζε·
848 776 922 826 τὰς
953 778 998 819 δὲ
1017 774 1142 825 πόλις
1168 774 1313 817 αὐτῶν
1343 774 1420 816 ἅν-

168 849 264 900 δρες
297 845 553 895 ΝΙακεδόνες
582 844 901 899 διατεταγμένοι
923 845 1092 897 ἔσωζον,
1115 842 1201 885 ὑπὸ
1230 840 1423 894 Ἀλεξάν-

166 915 277 966 δρου
309 912 688 969 ἀποπεμφθέντες·
718 914 878 965 ἔσωζον
910 913 977 963 δὲ,
1021 914 1121 968 τῇδε
1162 909 1424 966 βουλόμενοι

165 984 298 1037 δῆλον
325 981 487 1024 ποιέειν
515 980 653 1036 Ξέρξῃ
694 981 759 1023 ὅτι
790 980 843 1022 τὰ
872 979 1046 1036 [Μήδων
1084 979 1272 1023 Βοιωτοὶ
1314 994 1421 1032 φρο-

164 1049 317 1092 νέοιεν.
375 1044 498 1092 οὗτοι
536 1048 614 1104 μὲν
655 1047 706 1104 δή
748 1052 835 1090 τῶν
864 1046 1101 1104 βαρβαρων
1130 1045 1264 1102 ταύτῃ
1295 1042 1478 1101 {moi—50

163 1132 309 1160 ποντο.

263 1182 412 1226 ’Ἄλλοι
455 1183 500 1227 δὲ
541 1182 708 1232 αὐτῶν,
743 1180 956 1237 ἡγεμόνας
992 1182 1180 1237 ἔχοντες,
1232 1179 1417 1236 ὁρμέατο
1475 1180 1726 1250 ‘ggffiggfflffiffi

166 1251 233 1294 ἐπὶ
263 1251 310 1294 τὸ
341 1251 439 1304 ἴρόν
468 1250 516 1294 τό
549 1251 595 1293 ἐν
631 1255 857 1304 Δελφοῖσι,
888 1250 933 1292 ἐν
959 1252 1073 1306 δεξιῇ
1101 1249 1178 1292 τόν
1208 1252 1422 1303 Παρνησ-

167 1319 245 1361 σὸν
274 1317 544 1376 ἀπέργοντες.
576 1319 658 1361 ὅσα
687 1317 732 1360 δὲ
761 1317 833 1360 καὶ
864 1311 986 1360 οὗτοι
1016 1316 1193 1371 ἐπέσχον
1223 1320 1297 1372 τῆς
1328 1320 1421 1358 Φω-

35 1191 99 1237 35

818 1503 857 1540 p.
882 1491 974 1530 179.
1029 1491 1151 1526 Kruse
1183 1489 1230 1536 Π,
1253 1491 1278 1528 2
1298 1501 1385 1539 pag.
1408 1488 1475 1529 59.

818 1549 862 1583 111
883 1548 926 1582 E.
949 1545 1136 1583 Dodwelli
1154 1559 1266 1596 opere
1280 1547 1391 1595 paulo
1407 1558 1478 1581 an-

818 1610 854 1640 te
876 1602 1028 1640 laudato
1041 1604 1140 1642 Tab.
1161 1603 1281 1639 XLVI
1291 1601 1478 1638 exhiben-

106 1494 238 1530 Elatea
256 1499 447 1530 remotum
470 1503 514 1528 eo
541 1491 763 1543 pertinuisse

107 1556 247 1587 censet.

161 1659 228 1700 καὶ
244 1656 436 1713 γυναῖκάς
457 1675 566 1708 τινας
580 1659 762 1710 διέφθει-

107 1732 182 1769 ραν
212 1714 438 1769 μισγόμενοι
459 1715 537 1756 ὕπὸ
560 1715 758 1768 πλήθεος]

107 1775 132 1811 i.
155 1787 188 1811 e.
209 1774 368 1811 mulieres
387 1774 558 1824 quasdam
576 1774 760 1824 intersece-

106 1834 202 1878 runt,
225 1831 373 1880 plurimi
395 1844 534 1867 numero
564 1845 640 1868 cum
676 1833 760 1881 ipsis

107 1900 142 1924 se
179 1889 355 1925 miscentes
382 1900 414 1924 s.
447 1889 533 1938 ipsis
567 1889 636 1925 vim
665 1887 760 1938 infe-

107 1946 230 1981 rentes.

274 2033 366 2084 Cap.
391 2033 571 2070 XXXIV.

161 2109 202 2157 ἔς
233 2110 458 2161 Πανοπέας]
482 2113 639 2162 Legitur
658 2111 759 2148 urbis

106 2180 248 2203 nomen
276 2169 374 2214 VIII,
397 2169 448 2209 35
473 2170 559 2210 coll,
592 2169 758 2205 Pausan.

106 2225 158 2270 X,
178 2223 203 2262 4
225 2225 261 2269 ξ.
285 2226 304 2263 1
326 2225 454 2276 ibique
476 2226 632 2262 Siebelis
666 2238 757 2275 pag.

109 2281 199 2326 162,
222 2281 298 2331 qui,
333 2282 585 2318 recentiorum
607 2294 758 2333 quoque

107 2337 326 2374 testimoniis
343 2338 473 2386 allatis,
493 2339 627 2375 urbem
647 2351 759 2388 supra

109 2390 392 2430 Orchomenum
419 2401 455 2430 et
498 2393 758 2431 Chaeroneam

110 2447 218 2484 sitam
245 2449 356 2486 fuisse
383 2458 521 2496 narrat,
560 2452 625 2487 ubi
655 2464 757 2487 nunc

110 2503 214 2539 vicus
244 2508 425 2556 reperitur
458 2508 567 2556 Agios
599 2506 757 2545 Blasios.

111 2559 283 2610 Namque
302 2570 429 2612 postea
442 2564 540 2600 bello
561 2577 664 2600 sacro
685 2565 758 2600 ite-

110 2627 197 2650 rum
234 2629 360 2654 eversa
393 2632 415 2655 a
442 2621 621 2657 Romanis
652 2620 759 2672 Sylla

112 2669 208 2707 duce
227 2672 277 2708 ita
296 2681 435 2712 vastata
455 2683 521 2724 est,
552 2683 594 2712 ut
613 2678 758 2713 Pausa-

109 2728 195 2763 niae
215 2735 333 2765 aetate
357 2744 504 2779 prorsus
525 2732 645 2769 diruta
656 2734 760 2769 iace-

110 2789 178 2820 ret.
206 2785 292 2822 Alia
313 2784 454 2824 dabunt
474 2789 760 2829 Mannert.v111

817 1667 879 1697 tur
899 1659 970 1696 hae
982 1672 1180 1696 murorum
1191 1660 1370 1710 reliquiae
1391 1671 1478 1695 ma-

816 1718 944 1753 ximae
966 1718 1076 1753 molis
1099 1724 1134 1753 et
1154 1729 1243 1753 saue
1266 1715 1477 1762 mirandae,

816 1781 859 1810 ut
890 1786 911 1809 a
943 1774 1117 1826 Cyclopis
1147 1774 1325 1810 exstructi
1342 1773 1396 1809 illi
1415 1773 1475 1810 vi-

817 1829 990 1869 deantur.

873 1886 912 1933 ἐς
943 1889 1020 1940 γῆν
1046 1882 1332 1936 Ὀρχομενίων]
1368 1885 1473 1921 Arti-

817 1944 948 1981 culum
966 1945 1059 1989 τῶν,
1082 1956 1196 1993 quem
1208 1949 1292 1992 post
1313 1944 1388 1993 γῆν
1409 1943 1472 1977 in-

816 2007 967 2046 serunt,
997 1999 1119 2035 delevi
1139 2000 1358 2035 auctoritate
1381 1999 1472 2034 Flo-

814 2058 955 2093 rentiui
989 2057 1089 2093 libri.
1170 2056 1338 2092 Retinuit
1382 2067 1472 2090 eum

813 2113 1017 2160 Matthiae,
1057 2111 1257 2148 Bekkerus
1292 2110 1407 2147 edidit
1431 2109 1472 2156 ἐς

813 2172 889 2222 γῆν
909 2167 1001 2220 τὴν
1031 2164 1190 2219 Ὀρχομ.
1222 2169 1372 2216 Colligit
1400 2180 1470 2202 au-

813 2234 893 2263 tem
914 2225 986 2263 hoc
1008 2239 1056 2262 ex
1082 2226 1167 2262 loco
1193 2226 1235 2261 C.
1258 2225 1301 2263 Ο.
1323 2224 1468 2260 Miiller.

815 2281 1042 2321 Orchomen.
1063 2295 1147 2332 pag.
1166 2280 1246 2320 403
1269 2294 1290 2317 a
1313 2280 1379 2317 Cr.
1401 2293 1471 2315 ex-

814 2341 968 2387 citatus,
1006 2340 1147 2375 Persici
1182 2338 1271 2374 belli
1299 2344 1471 2387 tempore

814 2395 1158 2433 Orchomeniorum
1188 2401 1328 2431 terram
1358 2405 1470 2444 supra
1515 2398 1519 2403 '

814 2451 1036 2503 Cephissum
1056 2453 1168 2488 fuisse
1190 2457 1397 2486 extensam.
1413 2470 1469 2476 -—

813 2509 875 2546 Ad
889 2510 1120 2546 locutionem
1137 2504 1182 2545 τοὶ
1194 2503 1353 2554 λῑΙήδων
1368 2520 1468 2556 φρο-

813 2570 899 2606 νεῖν
919 2566 1019 2603 couf.
1040 2571 1136 2602 nott.
1149 2562 1196 2599 ad
1217 2563 1298 2611 vu,
1318 2562 1410 2605 145.

1004 2654 1096 2704 Cap.
1117 2652 1280 2690 XXXV.

874 2727 1131 2783 α’πὲργοντες]
1172 2730 1257 2770 Vid.
1295 2738 1390 2768 nott.
1418 2730 1466 2769 ad

816 2788 897 2837 Vn,
923 2791 1014 2829 109.
1063 2788 1124 2826 Ad
1147 2789 1307 2828 verbum
1336 2787 1467 2828 {atva-
