1839 3292
271 1131 337 1177 93

396 213 480 254 126

796 212 1259 250 HERODOTl

395 337 470 378 ην,
501 318 562 365 ἐπ’
583 318 633 377 ἧς
666 321 784 365 ἔπλεε
816 320 997 375 Πυθέης
1027 320 1051 363 ὁ
1080 320 1324 375 Ἰσχενόουῗ,
1352 321 1431 365 τόν
1470 321 1514 364 οἴ
1543 320 1662 376 Πέρ-

397 401 470 433 σαι
499 389 799 432 κατακοπέντα
830 385 983 442 ἀρετῆς
1015 389 1157 430 εἵνεκα
1188 385 1304 442 εἶχον
1334 389 1380 432 ἐν
1408 394 1462 446 τῇ
1490 391 1566 446 νηῒ
1593 390 1662 432 ἐκ·

368 455 700 511 Ξπαγλεόμενοι.
757 454 834 499 τόν
874 453 926 510 δή
972 454 1240 510 περιάγουσα
1279 454 1368 509 ἅμα
1403 462 1517 501 τοῖσι
1554 457 1662 512 Πέρ-

398 537 498 582 σησι
527 523 617 579 ἥλω
645 526 753 578 νηῦς
788 522 815 578 ἡ
846 525 1058 578 Σιδωνίη,
1090 523 1197 566 ὥστε
1229 523 1411 578 Πυθέην
1432 523 1548 567 οὕτω
1581 536 1663 567 σω-

396 595 530 646 θῆναι
555 590 598 640 ἐς
627 592 825 646 Αἴγιναν.

887 589 941 642 ὡς
972 594 1016 635 δὲ
1047 592 1181 635 ἐσεῖδε
1226 591 1303 647 τήν
1333 595 1418 648 νῆα
1455 591 1535 646 τήν
1561 589 1719 634 ’Δι’-60

395 657 520 714 τικήν
560 657 583 701 ὁ
632 658 932 713 Πολύκριτος,
975 659 1106 715 ἔγνω,
1147 659 1196 703 τὸ
1227 659 1413 716 σημήϊον
1444 658 1554 702 ἰδών
1587 661 1664 714 τῆς

396 727 700 783 στρατηγίδος·
731 728 803 770 καὶ
831 726 976 783 βώσας
998 728 1076 772 τὸν
1107 728 1409 784 Θεμιστοκλέα,
1442 723 1664 780 ἐπεκερτό-

367 803 531 851 3μησε,
563 794 605 845 ἐς
634 798 722 838 τῶν
751 796 1016 852 Αἰγινητέων
1049 795 1126 840 τὸν
1167 797 1384 853 μηδισμὸν
1424 795 1661 848 ὀνειδίζων.

395 869 535 908 ταῦτα
573 864 652 920 μέν
689 879 774 906 νυν
811 865 888 919 νηῒ
924 864 1123 920 ἐμβαλών
1162 865 1185 909 ὁ
1227 865 1498 920 Πολύκριτος
1535 863 1717 917 ἆπέῤ-65

398 934 496 989 ῥιψε
530 933 572 984 ἐς
606 931 906 987 Θεμιστοκλέα.
948 935 1000 976 OE
1029 933 1075 976 δὲ
1104 932 1336 989 βάρβαροι,
1367 938 1456 976 τῶν
1486 934 1532 975 αἱ
1559 935 1661 988 νῆες
1720 937 1802 977 662

398 1001 714 1055 περιεγένοντο,
747 999 982 1055 φεύγοντες
1012 999 1222 1045 ἀπίκοντο
1257 1001 1301 1052 ἐς
1336 1000 1542 1057 Φάληρον
1574 998 1663 1044 ὑπὸ

399 1068 477 1113 τὸν
505 1069 634 1121 πεζὸν
665 1066 865 1122 στρατόν.

482 1135 553 1179 Ἐν
583 1135 629 1180 δὲ
659 1140 713 1193 τῇ
737 1135 956 1191 ναυμαχίῃ
974 1134 1110 1193 ταύτῃ
1130 1135 1556 1194 ἥκουσανἘλλήνων
1573 1134 1661 1192 ὅρι-

67 1198 124 1231 Qui
142 1198 223 1224 inter
246 1196 345 1223 Grae-

66 1241 116 1259 cos
136 1240 197 1258 rem
216 1230 344 1258 fortissi-

67 1274 114 1293 me
131 1264 292 1301 gesserint.

341 1335 606 1373 auctoritatem
626 1341 775 1372 secutus
798 1347 870 1370 nec
891 1331 1006 1369 dubi-

342 1400 458 1439 tans,
499 1393 592 1443 quin
633 1394 759 1442 Κρΐος
799 1390 1005 1442 amiquitus

343 1449 496 1487 Graecis
527 1448 679 1484 auribus
714 1447 859 1498 aliquid
894 1447 1006 1482 abso-

345 1519 443 1543 num
472 1503 692 1540 habiturum
711 1504 834 1540 fuerit.
895 1502 1007 1548 Quod

348 1563 520 1614 sequitur
549 1558 616 1600 τὸν
647 1558 711 1610 δή,
747 1560 794 1597 ad
815 1559 1006 1612 Pytheam

344 1618 440 1656 illud
461 1624 618 1668 spectat.
678 1616 739 1653 Ad
762 1614 805 1657 τό
829 1614 1005 1668 σημήϊον

345 1676 445 1712 conf.
485 1675 590 1721 vlu,
639 1675 692 1713 88
727 1681 763 1711 et
803 1673 849 1710 de
882 1674 1005 1710 forma

343 1728 479 1784 βώσας
499 1738 595 1767 nott.
617 1729 665 1766 ad
685 1731 724 1776 I,
759 1733 823 1771 10.
845 1751 899 1758 —
928 1732 1003 1766 Pro

346 1790 618 1839 Θεμιστοκλῆα
678 1785 765 1823 dedi
817 1789 1006 1838 Θεμιστο-

344 1844 449 1884 κλέα.

402 1895 686 1950 ἐπεκερτόμησε
705 1923 756 1928 -
789 1894 1005 1946 ὀνειδίζων]

345 1959 369 1995 i.
413 1971 445 1995 e.
501 1957 702 1994 inclamans
745 1955 1007 1993 Themistoclem

346 2016 512 2052 conviciis
545 2015 736 2050 insectatus
769 2016 844 2059 est,
879 2025 1007 2062 expro-

346 2073 452 2108 brans
483 2073 536 2115 ei,
576 2083 663 2119 quae
691 2070 731 2105 dc
755 2070 1006 2117 Aegz'netarum

344 2128 504 2165 mccle'smo
520 2126 579 2162 ille
602 2127 793 2176 superiore
824 2139 924 2162 anuo
946 2126 1005 2162 ‹li-

344 2188 460 2221 fcrat.
521 2184 593 2219 Ubi
614 2182 893 2219 distinctionem
917 2189 1005 2219 ante

345 2235 630 2289 ἐπεκερτόμησε
687 2238 853 2275 deletam
924 2240 1006 2276 vult

346 2295 698 2345 Schweighaeuser,
731 2297 771 2331 in
800 2298 894 2332 Lex.
924 2298 1006 2331 He-

345 2353 426 2393 rod.
444 2383 453 2401 ,
495 2354 560 2404 qui
581 2351 682 2388 idem
703 2353 742 2388 in
762 2354 898 2388 Latina
918 2365 1006 2389 ver-

345 2412 450 2447 sione
472 2408 564 2445 haec
594 2410 684 2445 scite
721 2421 811 2444 eum
841 2411 879 2444 in
918 2421 1007 2444 mo-

348 2466 441 2503 dum
471 2464 652 2502 reddidit:
683 2466 879 2502 inclamans
913 2465 1007 2502 The-

345 2523 497 2560 mistocli
516 2527 547 2559 et
576 2523 738 2559 conviciis
759 2535 832 2558 eum
855 2524 1008 2559 insecta-

348 2583 427 2625 tus,
459 2582 532 2627 ita,
570 2581 639 2625 ait,
670 2579 860 2627 Aeginetae
886 2578 1007 2615 Medis

341 2635 479 2685 favent.
503 2637 602 2681 „Tu
623 2634 699 2671 vid.
720 2648 832 2685 snpra
864 2635 911 2671 ad
944 2636 1006 2682 VI,

348 2690 402 2730 49
442 2692 564 2728 alluta.
636 2694 714 2728 Nec
754 2693 853 2728 male
901 2690 940 2728 h.
980 2692 1006 2728 l.

355 2747 451 2784 Wes
467 2748 687 2796 seling.:“
725 2750 769 2784 In
792 2747 894 2785 hunc
915 2761 1005 2798 ergo

346 2804 623 2855 Aeginetarum
644 2803 843 2856 μηδισμὸν
865 2806 944 2856 ipso
965 2806 1006 2842 in

1061 1333 1257 1371 conflictus
1276 1333 1425 1372 fervore
1445 1328 1635 1380 ὀνειδίζει,
1655 1344 1722 1370 seu

1061 1403 1140 1426 non
1178 1392 1258 1427 siue
1288 1392 1426 1441 probro
1460 1388 1651 1427 invehitur
1685 1395 1723 1426 et

1063 1447 1191 1484 obiicit
1224 1445 1516 1485 Atheniensium
1553 1448 1723 1498 impera-

1062 1505 1155 1551 tori,
1187 1505 1349 1555 qnippe,
1382 1503 1485 1556 quod
1514 1517 1572 1540 res
1594 1510 1723 1540 osten-

1063 1559 1187 1607 debat,
1208 1561 1456 1608 notissimum,
1470 1560 1722 1611 Polycritus.“

1063 1618 1105 1653 C.
1129 1618 1172 1654 O.
1194 1618 1332 1654 Mijller
1360 1619 1553 1669 Aeginett.
1581 1630 1619 1667 p.
1643 1615 1722 1657 125

1061 1672 1164 1710 hunc
1186 1675 1423 1725 Polycritam
1445 1674 1583 1711 ducem
1599 1673 1724 1710 classis

1061 1731 1306 1781 Aegineticae
1349 1732 1461 1768 fuisse
1501 1737 1621 1781 putat.
1667 1749 1724 1758 —

1061 1787 1123 1824 Ad
1168 1789 1329 1824 verbum
1380 1784 1582 1836 α’πὲῤῥιψε
1621 1785 1722 1825 conf.

1061 1845 1100 1890 Ι,
1134 1845 1226 1884 153.
1252 1845 1347 1892 Vll,
1385 1848 1434 1885 13
1465 1851 1501 1880 et
1536 1842 1584 1880 ad
1615 1844 1724 1879 locu-

1062 1902 1207 1936 tionem
1237 1898 1321 1940 ὑπό
1355 1898 1424 1940 τόν
1464 1896 1630 1950 στρατόν
1660 1899 1725 1948 (acl

1064 1958 1293 2008 exercitum)
1315 1958 1387 2006 Vl,
1411 1960 1463 1998 72
1484 1958 1614 2009 ibique
1628 1962 1723 1993 nott.

1270 2048 1364 2098 Cap.
1394 2048 1532 2086 xcm.

1117 2122 1297 2176 ἥκουσαν
1340 2123 1541 2176 Ἑλλήνων
1585 2122 1724 2174 ἄριστα

1061 2182 1291 2233 Αἰγινῆται]
1342 2184 1534 2228 „Honoris
1569 2182 1724 2232 amplis-

1061 2240 1165 2281 simi,
1195 2240 1301 2275 velut
1319 2240 1365 2274 ab
1386 2238 1580 2275 Herodoto
1604 2238 1725 2288 Aegi-

1062 2297 1156 2331 netis
1179 2296 1346 2331 attributi
1368 2303 1424 2331 ter
1445 2296 1620 2331 meminit
1636 2295 1725 2331 Ari-

1062 2351 1165 2388 stidis
1195 2352 1394 2388 scholiasia
1428 2349 1532 2403 [pag.
1563 2351 1626 2392 25.
1658 2353 1723 2391 61.

1063 2408 1116 2448 74
1132 2410 1243 2443 From
1251 2408 1353 2457 meh]
1373 2407 1596 2445 Plutarchus
1609 2408 1724 2444 etiam

1064 2466 1103 2500 in
1127 2463 1377 2501 Themismcl.
1413 2466 1466 2515 [p.
1504 2463 1587 2515 17.]
1619 2465 1724 2501 cuius

1064 2522 1238 2557 meminit
1279 2523 1453 2558 perizon.
1495 2521 1543 2558 ad
1572 2522 1722 2557 AeIIan.

1065 2579 1110 2614 Υ.
1134 2580 1179 2615 H.
1204 2579 1297 2625 xil,
1326 2581 1374 2618 10
1399 2577 1562 2614 eandem
1582 2579 1621 2614 in
1643 2589 1726 2614 rem

1065 2636 1152 2670 citat
1166 2634 1415 2682 Herodotum,
1439 2648 1555 2686 quem
1567 2635 1606 2670 in
1621 2634 1724 2670 Libr.

1066 2690 1112 2727 de
1134 2691 1315 2728 Herodot.
1338 2692 1493 2741 Malign.
1517 2705 1553 2742 p.
1576 2693 1651 2732 871
1676 2691 1725 2727 D.

1064 2750 1272 2796 aegerrime
1311 2748 1382 2785 fert
1421 2749 1525 2785 abuti
1562 2758 1725 2798 persona

1063 2803 1329 2856 deiDelplnci3
1352 2803 1412 2842 hic
1433 2805 1537 2842 enim
1555 2803 1725 2854 Aegine-
