1839 3292
563 234 901 272 URANIA.
960 233 1086 271 V111.

195 346 347 404 μεταξύ
391 342 641 397 Σαλαμῖνός
676 358 721 386 τε
757 340 960 396 κειμένην
1002 341 1075 384 καὶ
1123 342 1197 395 τῆς
1238 338 1435 396 ἠπείρου,

192 411 376 462 πολλοὺς
392 410 694 465 τῶνΠερσὲων
726 408 1012 465 οἷπεβίβασαν·
1041 412 1170 452 τοῦτο
1203 409 1271 459 δὲ,
1302 408 1492 463 ἐπειδὴδο

1357 235 1441 274 105

194 483 388 537 ἐγίνοντο
429 479 555 534 μέσαι
583 476 749 528 νύκτες,
789 476 949 531 ἀνῆγον
977 475 1055 530 μὲν
1082 474 1131 518 τὸ
1163 473 1231 518 ἀπ’
1260 475 1441 531 ἑσπέρης

193 548 322 603 κέρας
351 544 636 600 κυκλούμενοι
664 544 773 598 πρὸς
796 543 876 598 τὴν
906 548 1159 597 Σαλαμῖνα·

195 617 239 660 οἱ
268 614 377 671 ἀμφὶ
405 612 484 670 τὴν
510 611 625 656 Κέον
652 628 697 656 τε
726 612 799 656 καὶ
818 610 897 668 τὴν
926 609 1219 666 Κυνόσουραν
1249 611 1440 668 τεταγμέ-

141 815 215 854 que
243 798 387 848 stadiis,
420 799 467 834 ob
496 810 665 848 pugnam
687 797 792 833 illam

139 858 313 894 navalem
366 856 534 892 maxime
593 855 790 891 celebrata.

139 916 249 951 Nunc
273 919 428 950 vocatur
448 910 688 960 Lipsocotalia
720 923 792 947 nec

139 970 223 1007 ullis
250 968 389 1019 gaudet
416 968 559 1004 incolis.
603 966 688 1004 Vid.
713 968 793 1002 Ae-

139 1025 256 1077 schyl.
277 1027 380 1062 Pers.
412 1023 492 1064 453
513 1024 654 1060 Blomf.
692 1025 793 1059 Pau-

138 1095 217 1120 san.
237 1084 280 1130 Ι,
304 1082 411 1126 36§.
431 1083 468 1120 2.
491 1081 609 1116 Kluse
629 1081 727 1116 Hell.
744 1081 791 1129 II,

142 1141 162 1178 1
186 1152 224 1189 p.
243 1137 335 1177 304.
359 1159 406 1164 —
447 1138 541 1172 Mox
559 1134 776 1185 Schweigh.
767 1163 790 1182 .,

142 1207 260 1246 quem
281 1193 447 1244 sequitur
468 1192 606 1239 Gaisf.‚
641 1193 793 1228 retinuit

142 1246 438 1300 ἀπεβιβάσαντο
457 1248 662 1300 medioque
677 1249 791 1285 verbo

143 1319 229 1343 eam
247 1306 376 1342 tribuit
397 1306 474 1341 vim
487 1334 496 1351 ,
526 1312 568 1340 ut
587 1307 644 1341 sui
671 1318 792 1351 causa,

143 1365 217 1399 suis
233 1361 428 1398 rationibus
444 1361 653 1397 consulentes
672 1362 710 1396 in
731 1362 794 1396 in-

143 1419 266 1455 sulam
299 1419 408 1454 istam
437 1415 505 1452 hos
540 1417 794 1453 transmiserint

142 1476 292 1511 Persae.
332 1471 523 1524 Equidem
551 1486 639 1509 cum
658 1470 794 1509 Matth.

142 1537 180 1567 et
198 1528 322 1566 Bekk.
349 1530 466 1564 malui
485 1535 580 1565 stare
608 1542 629 1565 a
649 1528 794 1566 Sohae-

140 1587 234 1635 fero,
263 1587 327 1637 qui
347 1598 367 1621 e
388 1584 533 1622 duobus
554 1585 664 1622 codd.
677 1615 686 1632 ‚
720 1584 794 1622 du-

142 1642 236 1680 dum
265 1643 418 1678 iubente
445 1640 716 1678 Valckenaerio
747 1640 796 1678 ad

141 1700 248 1745 VIII,
279 1698 354 1746 95,
398 1697 500 1734 dedit
531 1693 792 1749 ἐπεβίβασαν,

141 1762 185 1792 ut
203 1755 315 1806 paulo
338 1761 419 1804 post
440 1750 680 1805 ἀπεβίβαζον
707 1755 794 1791 coll.

140 1813 215 1859 IX,
254 1813 320 1851 32.
350 1811 463 1857 VIII,
493 1811 545 1851 95
571 1807 794 1862 (απέβησε).

145 1869 223 1907 119
245 1864 554 1934 (καταβιβασαι).

200 1919 351 1974 α’νῆγον
376 1921 447 1973 μὲν
474 1920 516 1961 τὸ
545 1918 608 1962 ἄπ’
629 1921 796 1974 ἑσπέρης

143 1977 259 2026 κέρας
293 1975 557 2028 κυκλούμενοι
595 1993 629 2017 κ.
667 1994 699 2017 τ.
735 1978 791 2028 λ.]

143 2036 266 2072 Locus
305 2034 538 2085 impeditior,
575 2048 690 2086 quem
729 2038 794 2072 vix

143 2098 244 2128 recte
285 2092 470 2128 intellexit
505 2092 794 2141 Wesselingius.

142 2149 241 2184 Nam
263 2144 307 2186 τὸ
326 2146 441 2198 κέρας
464 2147 512 2184 de
535 2150 794 2198 promontorio

142 2204 343 2254 Megaridis
363 2205 401 2239 in
414 2217 517 2240 mare
535 2212 664 2241 contra
685 2205 796 2241 Sala-

143 2262 288 2296 minem
310 2262 548 2310 prominente
567 2275 655 2297 cum
682 2262 797 2297 intel-

144 2316 293 2353 lexisset
315 2317 406 2367 (quo
436 2330 547 2353 sensu
573 2331 663 2354 sane
683 2316 802 2368 κέρας

146 2372 248 2422 apud
261 2373 502 2410 Strabon.IX
519 2388 556 2424 p.
579 2372 658 2414 604
679 2387 708 2410 s.
721 2373 801 2414 395

146 2429 194 2464 A.
216 2429 298 2467 coll.
327 2429 485 2466 Salmas.
514 2429 560 2466 ad
574 2431 693 2467 Solin.
716 2442 803 2480 pag.

150 2486 170 2522 1
180 2485 260 2532 16),
271 2492 410 2533 postea,
424 2493 635 2522 commotus
657 2488 805 2535 potissi-

147 2552 257 2575 mum
276 2541 358 2577 loco
380 2541 592 2579 Herodoteo
613 2543 709 2590 VIII,
732 2544 799 2589 85,

150 2593 198 2631 de
221 2594 404 2633 Persarum
426 2599 548 2635 classis
573 2611 691 2634 cornu
720 2600 798 2635 sive

149 2659 254 2701 parte
275 2649 366 2688 haec
386 2656 540 2704 accepit,
561 2654 799 2691 dissentiente

149 2706 522 2757 Schweighaeusero,
542 2712 606 2761 qui
620 2710 666 2747 de
679 2712 799 2747 Grae-

150 2776 284 2800 corum
305 2765 417 2800 classe
438 2773 473 2800 et
489 2766 639 2816 quidem
657 2780 699 2803 ea
711 2780 799 2817 par-

150 2826 200 2865 te,
221 2833 317 2873 quae
338 2819 386 2857 ad
399 2821 632 2860 occidentem
651 2830 799 2874 specta-

1201 544 1364 598 ἀνῆγον
1395 543 1440 586 δὲ

847 797 935 844 bat,
959 809 1074 848 quam
1094 797 1230 833 Persae
1265 796 1505 833 circumven-

848 854 922 890 turi
955 860 992 889 et
1019 854 1255 890 interclusuri
1287 860 1416 900 erant,
1442 866 1505 889 co-

848 908 1046 960 gitandum
1065 923 1142 946 esse
1163 911 1320 957 censuit,
1352 904 1504 960 ἀνῆγον

850 966 1019 1002 absolute
1047 966 1309 1016 accipiendum
1339 979 1416 1001 esse
1436 978 1500 1001 ra-

849 1029 908 1059 tus
936 1023 1012 1060 scil.
1050 1019 1118 1068 τα“ς
1149 1025 1261 1071 νῆας.
1309 1021 1500 1073 Equidem

847 1077 1113 1116 malui⁴voces
1148 1075 1193 1118 w*
1223 1074 1295 1117 ἐπ’
1337 1077 1501 1127 ἑσπέρας

847 1133 963 1185 κέρας
984 1136 1122 1170 referre
1153 1134 1200 1171 ad
1222 1131 1375 1186 ἐνῆγον
1403 1136 1502 1171 clas-

847 1203 1004 1241 semque
1037 1191 1247 1240 intelligere
1285 1193 1499 1237 Persarum,

849 1248 914 1298 qui
925 1259 1041 1282 cornu
1055 1248 1195 1292 (classis
1211 1248 1313 1295 suae)
1329 1246 1379 1294 id,
1398 1247 1500 1297 quod

850 1302 898 1339 ad
911 1315 1084 1339 occasum
1097 1304 1299 1352 spectabat,
1313 1305 1503 1340 moverint

847 1372 877 1396 s.
896 1358 1145 1408 produxerint
1165 1360 1399 1396 Salaminem
1414 1373 1503 1395 ver—
1561 1405 1563 1408 ι

847 1428 921 1462 sus,
942 1416 1228 1465 quaminsulam
1249 1417 1501 1452 circumirent.

847 1472 905 1508 Ac
941 1472 1037 1507 bene
1073 1472 1195 1509 Klotz.
1242 1470 1309 1520 (ad
1343 1473 1502 1507 Luciani

849 1527 1011 1578 dialogg.
1034 1529 1159 1564 Mortt.
1180 1540 1266 1578 pag.
1283 1527 1354 1575 47)
1377 1528 1504 1564 brevi-

846 1585 1082 1635 loquentiam
1101 1585 1278 1651 orationis
1303 1583 1364 1620 hic
1384 1591 1503 1632 notat,

852 1640 927 1693 quit
946 1654 1057 1678 voces
1068 1637 1111 1679 τὸ
1129 1636 1194 1680 om?
1203 1638 1367 1691 ἑσπέρας
1387 1656 1429 1678 κε
1413 1640 1504 1692 ’ρας

851 1705 1042 1749 ponantur
1067 1709 1155 1747 pro:
1194 1713 1237 1736 το
1267 1693 1364 1748 πρὸς
1391 1695 1503 1735 ἕσπέ-

851 1769 925 1805 ραν
944 1753 1071 1804 κέρας,
1096 1748 1171 1800 αφ’
1200 1751 1376 1804 ἑσπέρας.
1405 1754 1502 1790 Ver-

851 1812 944 1848 bum
975 1806 1137 1861 οἷναγειν
1165 1811 1321 1846 omnino
1351 1823 1429 1846 esse
1444 1811 1503 1847 vi-

852 1866 983 1904 detur:
1012 1879 1115 1904 naves
1133 1879 1150 1903 e
1176 1869 1327 1903 statione
1345 1869 1506 1904 ancoris-

853 1936 937 1974 que,
972 1924 1033 1960 ubi
1063 1924 1208 1960 stabant
1237 1925 1393 1972 quietae,
1432 1924 1505 1960 loco

851 1992 983 2017 movere
1005 1984 1110 2029 atque
1129 1982 1166 2016 in
1188 1993 1283 2016 mare
1303 1979 1414 2016 altum
1433 1979 1504 2016 du·-

851 2050 935 2074 cere.
1006 2036 1114 2075 Conf.
1155 2049 1266 2086 supra
1304 2036 1414 2077 allata
1456 2034 1504 2072 ad

849 2094 958 2140 VIII,
989 2095 1040 2132 60
1062 2094 1099 2137 ξ,
1121 2095 1154 2132 1.
1177 2115 1227 2119 —
1258 2091 1319 2128 Ad
1341 2093 1505 2128 locutio-

850 2163 941 2185 nem
961 2148 1073 2198 μέσαι
1094 2144 1234 2194 νύκτες
1251 2148 1349 2184 conf.
1370 2149 1505 2183 310111-

851 2205 952 2242 field.
981 2206 1171 2241 simillima
1198 2206 1306 2255 plura
1333 2204 1504 2240 excitan-

851 2269 929 2299 tem
951 2261 998 2297 ad
1019 2260 1196 2312 Aeso-hyl,
1219 2259 1388 2310 Choeph.
1413 2262 1507 2300 282.

909 2318 949 2357 οἱ
967 2313 1070 2368 οἷμφὶ
1083 2315 1156 2367 τήν
1178 2316 1284 2356 Κέον
1304 2317 1419 2355 τεκαὶ
1433 2313 1507 2365 τήν

856 2369 1120 2424 Κυνόσουραν
1149 2372 1393 2425 τεταγμένοι]
1425 2373 1449 2410 i.
1472 2385 1506 2408 e·

855 2432 948 2482 „qui
975 2430 1022 2466 ad
1050 2431 1169 2466 ceum
1205 2437 1242 2466 et
1271 2431 1508 2480 Cynosuram

854 2485 1044 2523 habebant
1065 2488 1285 2533 stati0nem,
1304 2488 1331 2521 ii
1356 2497 1508 2535 quoque

855 2544 1001 2580 ancoris
1025 2544 1153 2579 solutis
1184 2543 1302 2578 altum
1327 2541 1507 2577 tenebant

855 2612 1044 2650 omneque
1070 2599 1207 2634 fretum
1235 2598 1401 2644 insulae,
1431 2596 1508 2648 qu&

852 2657 1028 2692 transitus
1058 2655 1100 2690 fit
1129 2667 1176 2689 ex
1193 2655 1339 2701 Attica,
1373 2655 1507 2703 exple-

853 2712 945 2747 bant
962 2710 1009 2746 ad
1027 2709 1263 2746 Munichiam
1278 2723 1397 2761 usque
1422 2723 1507 2746 me-

854 2767 988 2803 ridiem
1013 2773 1049 2802 et
1069 2768 1254 2802 orientem
1271 2780 1397 2803 versus
1421 2779 1508 2816 por-

853 2824 944 2860 recti
967 2823 1013 2860 ob
1041 2823 1199 2860 nimiam
1222 2824 1378 2861 navium
1405 2823 1507 2859 mul-

1493 340 1616 367 classem
1635 341 1765 368 Graeco-

1490 381 1554 399 rum
1574 383 1600 399 u=
1596 374 1700 412 mliqne

1471 406 1598 446 Ocingen
1591 411 1644 432 nes
1664 407 1736 441 fuga

1494 439 1662 467 excludunt.

1497 620 1578 663 655
