1839 3292
405 226 491 267 352
807 220 1278 260 HERODOTI

410 339 525 392 ρεῖν,
557 333 769 388 σωτηρίης
800 329 940 374 εἵνεκά
968 341 1066 384 σφι·
1102 328 1172 379 ὠς,
1201 328 1256 384 ἢν
1286 327 1371 381 ἄρα
1393 327 1528 384 σφέας
1550 345 1676 372 κατα-

407 402 608 461 λαμβάνῃ
641 398 713 443 oto}
742 416 820 453 περ
851 398 1082 452 κατέλαβε,
1128 397 1292 452 ἔχοντες
1329 395 1565 451 ἡγεμόνας,
1599 395 1678 440 σώ-

380 478 572 527 Ξζωνται
609 470 651 519 εἷς
680 467 756 518 τοὶς
799 464 1001 520 κορυφὰς
1042 468 1115 520 τῆς
1147 464 1373 520 Μυκάλης.
1433 464 1677 521 ἐτάχθησαν

406 542 486 596 μέν
516 553 599 580 νυν
629 536 697 579 ἐπὶ
726 539 856 578 τοῦτο
886 534 934 577 τό
964 537 1141 589 πρῆγμα
1175 535 1218 575 οἱ
1246 531 1484 586 Μιλήσιοι,
1515 534 1734 578 τούτου45

406 625 451 652 τε
481 609 664 653 εἵνεκεν,
696 604 769 646 καὶ
799 604 870 645 ἴνα
896 602 953 658 μή
985 600 1216 655 παρεόντες
1246 600 1291 642 ἐν
1321 605 1380 656 τῷ
1401 601 1678 654 στρατοπέδω

379 685 451 720 3τι
477 673 663 730 νεοχμὸν
702 671 906 713 ποιέοιεν.
966 672 1009 712 οῖ
1050 670 1095 712 ὁὲ
1131 672 1220 711 πᾶν
1259 669 1308 711 τό
1358 668 1559 712 ἐναντίον
1596 647 1678 713 voi?

407 739 782 797 προστεταγμένου
819 738 1014 781 ἐποίεον·
1049 736 1180 788 ἄλλοις
1210 752 1252 778 τε
1268 737 1578 792 κατηγεόμενοί
1599 751 1678 793 σφι

407 809 542 861 ὁδούς
573 808 807 863 φεύγουσι,
854 809 898 848 αἳ
929 806 979 861 δὴ
1011 806 1170 860 ἔφερον
1209 805 1250 855 ἐς
1285 806 1386 856 τοὺς
1429 809 1679 861 πολεμίους,

405 880 479 924 καὶ
509 879 630 926 τέλος
660 874 786 918 αὐτοί
816 886 895 928 σφι
919 874 1115 929 ἐγίνοντο
1143 875 1379 923 κτείνοντες
1414 874 1678 930 πολεμιώτα-

405 966 485 992 τοι.
543 944 668 988 Οὕτω
709 941 761 999 δὴ
809 942 859 985 τὸ
904 940 1110 995 δεύτερον
1157 941 1294 999 Ἰωνίη
1333 941 1415 986 ἀπὸ
1468 944 1676 997 Περσέων
1690 949 1735 983 50

405 1015 581 1069 ἆπίστη.

514 1081 588 1124 Ἐν
620 1080 666 1123 δὲ
695 1076 829 1134 ταύτῃ
861 1080 914 1133 τῇ
946 1075 1059 1133 μάχῃ
1085 1076 1302 1133 Ἑλλήνων
1331 1077 1589 1134 ἠρίστευσαν
1620 1078 1678 1122 'A-

407 1155 609 1208 θηναῖοι·
641 1148 712 1192 καὶ
736 1145 1006 1202 Ἀθηναίων,
1030 1144 1294 1201 Ἑρμόλυκος
1325 1145 1347 1189 ὁ
1368 1146 1602 1197 Εὐθύνου,
1638 1147 1681 1190 o'c-

380 1220 494 1277 Ξνήρ
524 1217 794 1274 παγκράτιον
812 1212 1078 1269 ἐπασκήσας·
1107 1218 1267 1257 τοῦτον
1300 1215 1345 1258 δὲ
1373 1215 1451 1258 τὸν
1475 1213 1680 1270 Ἑρμόλυ-

405 1304 488 1333 κον
518 1285 724 1341 κατέλαβε
754 1284 937 1336 ὕστερον
978 1281 1170 1334 τούτων,
1209 1283 1403 1338 πολέμου
1441 1282 1589 1335 ἐόντος
1616 1283 1735 1326 'Al-55

405 1355 632 1411 θηναίοισί
670 1370 714 1397 τε
743 1352 816 1396 καὶ
846 1352 1158 1403 Καρυστίοισι,
1198 1351 1245 1394 ἐν
1277 1351 1441 1410 Κύρνῳ
1485 1357 1559 1408 τῆς
1590 1356 1677 1396 Κα-

409 1425 587 1479 ρυστίης
616 1421 755 1478 χώρης
774 1418 1059 1463 ἀποθανόντα
1090 1421 1136 1463 ἐν
1156 1419 1291 1477 μάχῃ,
1319 1426 1490 1464 κεῖσθαι
1521 1422 1588 1464 ἐπὶ
1605 1425 1677 1465 Γε-

408 1495 586 1549 ραιστῷ.
645 1488 772 1533 Μετὰ
804 1488 850 1532 δὲ
876 1487 1160 1545 Ἀθηναίους,
1191 1491 1427 1543 Κορίνθιοι
1454 1490 1527 1534 καὶ
1551 1494 1678 1546 Τροι-

246 1080 346 1127 105

71 1150 130 1183 Qui
155 1148 235 1176 inter
254 1148 350 1175 Grac-

71 1193 122 1211 cos
168 1183 350 1210 fortitudine

71 1217 278 1246 excell-ierint.

351 1716 414 1754 vel
443 1711 544 1766 πρὸς
575 1713 636 1750 vel
665 1711 707 1751 ἐκ
735 1709 919 1762 praeponi
942 1706 1013 1745 de-

350 1774 441 1811 bere
475 1772 714 1807 arbitrentur.
763 1767 846 1812 Quo
875 1772 1011 1802 neutro

350 1843 445 1881 opus
462 1842 540 1866 esse
551 1826 644 1864 vidit
658 1822 1012 1874 Schweighaeuser.

350 1888 514 1937 iungens
530 1887 610 1923 τῶν
633 1880 819 1933 Περσέων
841 1877 910 1926 τας
932 1875 1013 1918 διό-

351 1944 445 1989 δους
466 1944 582 1980 exitus
609 1939 814 1985 Persarum,
838 1938 860 1974 i.
880 1950 912 1974 e.
935 1938 1014 1973 exi-

351 2005 408 2038 tus
427 2002 564 2037 viarum
577 2028 586 2046 ,
614 1998 739 2048 quibus
761 2008 795 2031 se
808 1994 938 2031 Persae
956 2005 1014 2030 re-

351 2059 464 2105 cipere
489 2059 641 2108 possent.
667 2077 718 2082 —-
757 2050 819 2088 Ad
844 2047 1013 2100 νεοχμόν

350 2118 482 2154 ποιεῖν
503 2113 553 2150 cf.
579 2113 648 2159 IX,
677 2112 745 2151 99.
761 2131 818 2136 —
838 2109 883 2144 Iu
906 2120 1011 2159 seqq.

348 2171 396 2208 ad
423 2165 708 2221 κατηγεόμενοι
738 2167 894 2217 eiusque
913 2171 1014 2201 stru-

350 2236 499 2265 cturam
526 2226 627 2263 conf.
653 2223 701 2261 ad
719 2224 810 2270 VII,
847 2221 928 2262 215
956 2222 1013 2257 al-

350 2286 438 2322 lata.
475 2284 610 2333 Auigit
630 2293 784 2334 quoque
814 2277 887 2314 hoc
911 2285 1014 2314 stru-

351 2350 480 2379 cturae
517 2353 638 2390 genus
665 2340 852 2385 Hartung.
886 2333 1011 2370 Lehre

349 2413 426 2437 von
441 2398 514 2434 den
526 2391 833 2434 Griech.Partik.
846 2393 863 2427 Ι
874 2391 1010 2441 p.151.

352 2457 534 2507 Sequitur
565 2454 668 2489 euim
695 2452 736 2487 in
783 2449 900 2485 altero
928 2460 1011 2483 ora-

350 2511 644 2550 tiouismembro
671 2507 832 2545 verbum
861 2504 1013 2540 finitum

350 2571 436 2607 loco
459 2568 658 2621 participii.
711 2562 822 2610 Quod
842 2562 1013 2613 sequitur

352 2639 446 2676 σφι,
503 2625 551 2662 ad
595 2625 729 2661 Persas
766 2634 797 2658 S.
834 2620 1012 2656 barbaros

351 2690 506 2735 spectat.

580 2749 673 2798 Cap.
705 2747 783 2784 CV.
835 2787 840 2792 ,

405 2824 645 2882 Ἑρμόλυκος
663 2824 685 2867 ὁ
696 2819 920 2872 Εὐθύνου]
932 2823 1010 2859 Eu-

1068 1707 1200 1762 thyni,
1249 1710 1317 1749 sed
1369 1712 1518 1749 obscuri
1551 1709 1731 1758 hominis,

1069 1768 1266 1816 meminit,
1306 1776 1463 1806 notante
1497 1770 1730 1819 WVesseling.

1069 1827 1260 1863 Aristotel.
1295 1825 1422 1865 Rhett.
1463 1828 1517 1870 ΙΙ,
1564 1828 1614 1866 19
1641 1838 1729 1876 pag.

1070 1884 1150 1930 923
1181 1883 1396 1934 Euthynous
1424 1882 1526 1934 apud
1557 1883 1730 1920 ciceron.

1070 1941 1211 1979 Tusco.
1240 1942 1275 1988 I,
1308 1941 1362 1980 49
1392 1939 1731 1977 110111iuatur.Her-

1069 1998 1241 2048 molycum
1300 1999 1592 2048 pancratiastam
1645 2009 1731 2032 me-

1068 2062 1193 2092 morat
1211 2057 1375 2091 Pausau.
1395 2056 1423 2100 Ι,
1445 2056 1498 2094 23
1527 2055 1564 2099 ξ.
1601 2057 1731 2094 12—-

1069 2112 1239 2148 Verbum
1269 2110 1455 2151 ἐπασκεῖν
1475 2110 1611 2148 eadem
1631 2111 1671 2147 iu
1689 2124 1730 2146 re

1068 2169 1142 2215 VI,
1167 2170 1235 2208 92.

1127 2302 1418 2356 Καρυστίοισι]
1467 2305 1525 2340 De
1580 2302 1730 2354 Carysto

1067 2361 1144 2400 vid.
1176 2369 1268 2399 nott.
1302 2361 1349 2398 ad
1369 2360 1474 2406 VIII,
1510 2362 1728 2406 1121213

1069 2417 1116 2454 de
1136 2420 1301 2456 Geraesto
1328 2416 1405 2455 vid.
1428 2417 1535 2464 VIII,
1563 2418 1604 2456 7.
1637 2415 1728 2466 Cyr-

1067 2490 1134 2513 mts
1164 2478 1227 2528 qui
1258 2477 1370 2512 suerit
1388 2476 1507 2522 locus,
1537 2471 1726 2509 mihiuon

1068 2534 1247 2571 innotuit.
1307 2532 1467 2570 Videtur
1485 2538 1612 2568 autem
1642 2528 1681 2566 h.
1700 2530 1725 2565 l.

1067 2589 1162 2626 illud
1202 2592 1336 2641 respici
1365 2590 1532 2637 bellum,
1573 2586 1620 2623 de
1651 2598 1726 2638 quo

1069 2646 1290 2698 Thucydid.
1338 2649 1373 2694 I,
1423 2649 1497 2694 98,
1547 2642 1728 2696 quodque

1069 2704 1258 2741 Dodwelt.
1279 2706 1316 2742 in
1344 2704 1498 2741 Annali.
1518 2698 1726 2750 Thucydd.

1068 2762 1182 2798 refert
1227 2761 1275 2799 ad
1316 2763 1471 2813 Olymp.
1516 2756 1726 2803 LXXVIII,

1067 2822 1094 2860 2
1124 2820 1202 2858 sive
1230 2819 1310 2861 467
1342 2833 1375 2858 a.
1400 2816 1490 2855 Chr.
1518 2829 1559 2854 n.
