1839 3292
424 229 494 266 DE
523 228 649 266 VITA
679 227 752 266 ΕΤ
782 226 1016 265 SCRIPTIS
1045 228 1326 267 HERODOTI.
1530 233 1615 275 393

134 337 395 379 sacerdotibus
407 339 596 391 colloquia
615 337 760 377 habuit.
794 339 889 377 Inde
907 341 948 377 in
967 339 1136 376 mediam
1153 353 1372 390 progressus
1393 341 1616 392 Aegyptum

134 396 305 447 Memphi
324 398 561 448 aliquantum
580 404 836 434 commoratus
857 404 894 433 et
924 411 1013 434 cum
1032 395 1287 434 sacerdotibus
1318 397 1524 434 collocutus
1548 407 1614 448 est,

134 453 210 492 vid.
231 455 278 501 Π,
300 456 347 500 33
383 466 431 489 ex
447 466 580 489 eorum
604 454 708 489 enim
726 454 1002 490 narrationibus
1021 454 1232 490 maximam
1252 460 1403 504 partem
1424 452 1536 490 ducta
1555 456 1616 491 vi-

135 509 293 555 dentur,
328 522 425 561 quae
461 509 507 546 de
535 511 700 560 Aegypti
730 523 866 560 regum
894 508 1048 546 historia
1078 517 1142 547 aut
1170 509 1217 546 de
1243 510 1486 560 religionibus
1508 523 1617 546 enar-

132 573 264 602 rantur
283 567 331 613 II,
348 567 412 606 99.
437 568 528 606 108.
554 568 646 605 110.
665 568 757 605 121.
782 568 871 605 136.
898 566 989 606 153.
1013 568 1103 605 176.
1160 567 1253 603 visit
1281 568 1416 603 Noster
1444 568 1618 618 pyrami-

134 621 211 669 des,
227 635 318 673 quas
339 629 511 658 accurate
532 620 724 671 descripsit
750 622 915 671 singulas
933 623 980 669 ΙΙ,
1007 619 1083 661 124
1103 634 1182 673 seq.
1204 625 1298 662 127.
1322 621 1412 663 134.
1437 626 1528 668 136,
1562 624 1618 659 13-

133 677 358 729 byrinthum
387 691 476 715 cum
494 676 672 713 Moeridis
691 678 777 713 lacu
795 678 1034 714 memorabili
1053 678 1101 723 Π,
1126 678 1202 717 148
1222 691 1342 730 seqq.,
1372 680 1457 716 alia.
1516 680 1618 724 Quin

132 735 367 785 superiorem
387 747 537 786 quoque
551 734 591 769 in
605 735 827 784 Aegyptum
848 733 1014 771 escendit
1033 745 1153 785 usque
1175 733 1224 770 ad
1243 736 1422 771 terminos
1434 735 1617 773 meridio-

132 792 237 827 nales
256 789 688 841 propeElephantinem,
712 797 753 826 ut
773 791 853 841 ipse
873 797 1029 828 testatur
1047 791 1159 838 11‚29
1171 791 1258 827 coll.
1282 792 1377 838 11‚9.
1411 790 1617 829 Chemmin

133 848 261 884 invisit
281 846 345 895 (ΙΙ,
362 849 434 892 91)
455 859 498 883 30
518 845 673 883 Thebas
702 847 767 896 (II,
799 851 837 888 3.
870 846 991 898 143):
1023 847 1098 900 quai
1125 845 1172 883 de
1193 861 1234 884 re
1255 848 1358 885 conf.
1379 855 1476 888 nott.
1499 849 1547 886 ad
1566 851 1615 899 ΙΙ,

139 904 187 944 15
211 903 293 939 0011.
313 904 360 950 11,
384 902 462 943 143
481 904 610 954 ibique
630 909 726 942 nott.

244 959 349 1004 Quae
379 957 427 995 de
458 960 642 1010 Aethiopia
673 959 781 996 affert
813 958 1047 1007 Herodotus,
1089 958 1223 997 additis
1269 962 1425 998 vocibus
1452 959 1615 1012 λέγεται,

132 1013 232 1065 φασὶ
252 1022 337 1060 etc„
360 1014 407 1052 de
426 1017 501 1052 Nili
521 1017 686 1053 fontibus
707 1018 771 1065 (ΙΙ,
794 1019 846 1057 28
869 1019 996 1068 seqq.)
1020 1015 1066 1053 de
1085 1018 1216 1053 Meroe
1245 1016 1309 1066 (II,
1332 1019 1416 1068 29),
1449 1017 1496 1055 (10
1528 1019 1617 1069 ipsis

130 1071 380 1122 Aethiopibus
412 1074 496 1121 (111,
528 1075 577 1114 17
597 1086 701 1124 seqq.
722 1075 769 1119 II,
792 1076 843 1113 30
866 1073 912 1110 de
933 1074 1157 1120 Automolis,
1179 1074 1241 1118 IV,
1271 1076 1348 1114 183
1378 1074 1424 1110 de
1446 1076 1617 1125 Troglo-

132 1127 262 1179 dytis),
293 1141 355 1173 ea,
376 1130 523 1179 opinor,
554 1129 671 1165 fando
693 1129 862 1166 audierat
880 1131 919 1165 in
939 1131 1019 1180 ipsa
1037 1131 1214 1181 Aegypto
1235 1137 1319 1166 tum
1344 1131 1390 1167 ab
1419 1132 1617 1182 Aegyptiis

131 1184 402 1233 sacerdotibus,
423 1184 560 1221 harum
581 1199 709 1222 rerum
738 1187 886 1236 gnaris,
917 1193 1001 1222 tum
1029 1188 1074 1222 ab
1103 1188 1190 1236 ipsis
1221 1185 1332 1223 huius
1361 1194 1482 1224 terrae
1514 1188 1618 1224 indi-

131 1242 260 1291 genis,
291 1254 384 1292 quos
405 1244 623 1278 commercii
643 1255 752 1279 cansa
774 1244 811 1278 in
832 1244 1052 1293 Aegyptum
1074 1242 1215 1279 delatos
1236 1252 1477 1281 convenerat.
1507 1244 1617 1281 Idem

131 1305 253 1334 statuo
275 1297 323 1334 de
342 1299 398 1345 iis,
421 1312 520 1350 quae
551 1298 598 1335 ad
618 1300 805 1335 interioris
824 1300 968 1350 Libyae
989 1306 1126 1336 tractus
1146 1306 1314 1350 spectant
1326 1301 1387 1347 IV,
1413 1303 1485 1340 181
1509 1315 1615 1353 seqq.

135 1353 225 1393 184.
285 1356 418 1406 Neque
447 1355 495 1392 ad
514 1356 740 1392 Ammonios
760 1355 997 1391 Herodotum
1017 1357 1161 1393 venisse
1177 1356 1352 1392 credam:
1383 1357 1434 1392 ita
1449 1364 1501 1402 ut,
1519 1371 1617 1408 quae

133 1409 181 1446 de
196 1411 349 1447 illorum
370 1413 525 1461 regione
545 1413 724 1462 leguntur
742 1414 789 1457 II,
811 1410 878 1451 42.
897 1414 962 1458 ΙΙΙ,
986 1415 1050 1459 26,
1083 1426 1132 1448 ex
1161 1413 1341 1459 aliorum,
1375 1413 1616 1450 sacerdotum

132 1469 357 1518 praecipue,
387 1469 662 1505 narrationibus
681 1469 832 1504 fluxisse
850 1467 1063 1505 videantur.
1122 1469 1179 1505 Cf.
1212 1470 1337 1519 Heyse
1367 1469 1392 1507 1.
1417 1470 1443 1506 l.
1465 1484 1503 1520 p.
1524 1469 1614 1509 114.

134 1523 231 1564 115.
288 1526 367 1560 Nec
398 1525 504 1561 aliter
532 1523 579 1561 de
606 1527 650 1561 iis
670 1523 926 1571 statuendum,
964 1538 1060 1576 quae
1090 1524 1137 1561 de
1167 1526 1384 1574 regionibus
1404 1526 1450 1562 ab
1473 1528 1617 1564 oriente

134 1579 303 1631 Aegypti
322 1581 411 1628 sitis,
437 1580 484 1617 de
504 1583 696 1618 montibus
711 1582 879 1618 Arabicis
902 1582 963 1629 (ΙΙ.
985 1583 1042 1628 8),
1073 1582 1165 1629 aliis,
1187 1580 1397 1618 traduntur.

243 1637 347 1681 Quae
377 1637 616 1674 occidentem
643 1651 771 1675 versus
803 1639 849 1674 ab
876 1639 1052 1689 Aegypto
1082 1638 1341 1689 praetenditur
1367 1637 1506 1688 Libyae
1536 1651 1613 1687 ora,

131 1690 291 1728 dubium
310 1706 400 1730 sane
428 1694 594 1743 videtur,
625 1708 721 1731 num
741 1696 820 1745 ipse
844 1708 929 1731 eam
951 1694 1105 1743 adierit,
1137 1708 1197 1743 an,
1220 1707 1318 1746 quae
1341 1694 1387 1731 de
1407 1696 1470 1730 illa
1490 1695 1615 1743 refert,

129 1748 336 1799 indigenis,
369 1764 462 1802 quos
481 1753 521 1788 in
540 1752 716 1802 Aegypto
737 1759 801 1787 aut
821 1752 969 1802 Cyrene
991 1753 1187 1799 convenit,
1219 1752 1366 1790 debeat.
1424 1753 1523 1787 Nam
1537 1753 1617 1789 fre-

136 1813 298 1855 quenter
316 1808 356 1842 in
376 1807 449 1844 1130
469 1810 683 1845 narratione
704 1809 860 1845 obvium
881 1808 975 1845 illud
990 1806 1320 1860 λέγουσι,λέγεται
1339 1809 1402 1855 IV,
1419 1811 1507 1848 173.
1523 1810 1616 1849 187.

133 1863 210 1901 191
234 1863 317 1899 0011.
351 1864 442 1904 155.
480 1866 579 1904 189:
611 1865 746 1916 quibus
776 1864 873 1900 adde
901 1866 947 1901 sis
970 1878 1031 1902 eos
1052 1866 1180 1910 locos,
1210 1866 1277 1901 ubi
1312 1864 1359 1901 de
1380 1866 1523 1916 Libyae
1542 1867 1617 1901 situ

132 1916 210 1966 (ΙΙ,
241 1921 306 1958 32.
333 1919 396 1966 IV,
422 1923 498 1960 168
519 1921 626 1972 seq.)
658 1928 694 1957 et
716 1920 763 1957 de
785 1922 960 1970 gentibus
981 1934 1065 1957 eam
1099 1922 1350 1958 incolentibus
1374 1922 1438 1970 (ΙΙ,
1460 1924 1525 1961 52,
1550 1922 1614 1969 IV,

134 1975 225 2013 180.
244 1977 322 2014 190
350 1976 438 2024 etc.)
460 1978 638 2026 exponit3
669 1990 761 2013 nam
789 1976 836 2013 ad
868 1991 928 2014 eas
957 1991 1077 2029 usque
1106 1980 1286 2014 Nostrum
1314 1979 1529 2028 pervenisse
1548 1980 1616 2015 vix

131 2028 309 2066 credibile
332 2031 521 2069 videbitur
541 2036 587 2081 ei,
605 2034 671 2084 qui.
693 2035 834 2070 itineris
862 2033 1098 2071 difficultates
1118 2048 1186 2085 per
1207 2033 1352 2070 deserta
1372 2035 1440 2071 ista
1459 2041 1616 2084 reputa-

130 2087 240 2123 verit.
299 2087 455 2138 Cyrenen
493 2092 639 2126 venisse
672 2089 910 2127 Herodotum
939 2090 1054 2143 idque
1088 2092 1176 2128 navi
1207 2091 1382 2127 coniicias
1414 2092 1545 2142 utique
1566 2104 1616 2128 ex

130 2150 304 2180 accurata
336 2152 373 2181 et
396 2146 497 2182 urbis
530 2153 566 2183 et
590 2147 753 2196 regionis
783 2146 1032 2197 descriptione
1053 2149 1100 2194 ΙΙ,
1128 2151 1193 2188 32.
1216 2151 1279 2187 33.
1306 2148 1370 2193 IV,
1395 2146 1485 2186 154.
1521 2146 1614 2187 155.

134 2198 224 2238 157.
244 2202 333 2240 199.
361 2203 409 2249 11,
426 2205 478 2242 96
501 2210 536 2240 et
556 2205 792 2253 potissimum
808 2218 855 2240 ex
870 2206 916 2252 H,
943 2208 1032 2249 181,
1047 2205 1113 2240 ubi
1135 2211 1299 2240 statuam
1319 2202 1366 2239 ad
1386 2216 1499 2239 suum
1517 2211 1616 2240 tem-

131 2267 202 2303 pus
224 2255 348 2294 adhuc
372 2259 516 2294 salvam
535 2267 736 2297 memorat.
793 2263 874 2298 Hac
905 2275 952 2297 ex
981 2262 1074 2297 urbe
1095 2260 1142 2297 ad
1170 2267 1299 2311 gentes
1321 2261 1534 2310 proximas,
1567 2259 1616 2297 de

132 2312 266 2361 quibus
281 2316 464 2351 nonnulla
492 2316 691 2353 traduntur
711 2318 791 2366 (IV,
816 2318 906 2357 157.
927 2320 1035 2365 198),
1065 2319 1190 2368 ipsum
1210 2318 1417 2354 excurrisse
1438 2316 1614 2353 Herodo-

132 2372 216 2403 tum
235 2370 299 2405 vix
319 2370 494 2409 credam:
525 2375 604 2410 veri
625 2375 780 2411 similius
801 2381 856 2411 est
875 2376 985 2410 illum
1003 2373 1143 2411 haecce
1164 2375 1349 2425 accepisse
1377 2374 1438 2410 vel
1456 2387 1476 2409 a
1499 2374 1614 2424 Cyre..

132 2424 236 2460 naeis
264 2426 326 2462 vel
352 2428 398 2463 ab
426 2429 512 2478 ipsis
541 2428 678 2467 harum
705 2432 878 2480 gentium
908 2431 1121 2481 indigenis,
1159 2445 1251 2483 quos
1286 2431 1434 2481 Cyrene
1455 2429 1615 2468 viderat.

132 2478 217 2515 Vid.
238 2489 333 2522 nott.
356 2482 403 2519 ad
423 2486 485 2532 IV,
506 2489 583 2526 167
604 2488 690 2523 coll.
722 2494 816 2524 nott.
843 2487 891 2524 ad
910 2490 957 2534 Π,
979 2490 1045 2528 28.
1103 2489 1152 2524 Et
1168 2489 1229 2524 hic
1259 2500 1349 2524 sane
1375 2485 1614 2536 Carthagini-

134 2548 238 2572 enses
259 2540 380 2586 potuit
399 2541 588 2590 invenire,
618 2551 858 2590 mercatores,
893 2545 1039 2594 opinor,
1069 2558 1163 2596 quos
1193 2551 1305 2580 testes
1334 2544 1423 2579 citat
1453 2544 1516 2591 IV,
1544 2542 1614 2583 43·

137 2592 227 2632 195.
250 2595 340 2634 196.
362 2596 440 2643 VII,
458 2600 554 2638 167:
587 2601 659 2636 nisi
677 2601 716 2635 in
736 2600 865 2637 Sicilia
884 2600 923 2636 id
936 2602 1080 2637 factum
1102 2614 1180 2637 esse
1202 2600 1406 2646 existimes,
1428 2599 1474 2636 ad
1497 2613 1614 2651 quam

131 2648 370 2686 Herodotum
402 2666 422 2688 e
450 2653 604 2692 Thuriis
632 2656 722 2692 inde
749 2658 896 2694 venisse
923 2657 1021 2693 infra
1049 2658 1306 2707 probabimus.
1363 2658 1462 2692 Nam
1491 2658 1614 2707 ipsam

133 2704 402 2756 Carthaginem
429 2709 498 2744 Ille
526 2709 628 2748 haud
650 2712 782 2750 adiisse
802 2712 962 2751 videtur.
1020 2715 1098 2749 Nec
1132 2714 1204 2749 alio
1223 2727 1271 2749 ex
1290 2712 1395 2749 fonte
1423 2712 1534 2750 ducta
1553 2714 1614 2750 vi-

133 2760 271 2798 dentur
286 2792 295 2810 ,
330 2777 426 2815 quae
448 2764 495 2802 de
517 2768 596 2805 aliis
613 2770 757 2822 Libyae
785 2770 961 2821 gentibus
980 2770 1115 2807 Noster
1135 2770 1344 2808 memoriae
1362 2769 1529 2821 prodidit
1547 2769 1612 2818 IV,

136 2819 225 2859 191.
246 2821 337 2861 192.
363 2820 454 2863 194.
479 2823 571 2865 195.
