1839 3292
329 155 413 196 264

728 155 1200 194 HERODOTI

299 267 425 307 3τοῦ.
481 261 504 306 ὁ
547 263 591 306 δὲ
636 263 683 307 ἐν
724 262 865 320 τούτῳ
896 267 956 318 τῷ
986 268 1108 321 κακῷ
1137 265 1348 321 ἐχόμενος,
1372 266 1480 310 ὥστε
1502 266 1595 321 τρέ-

328 347 418 386 χων
458 331 557 383 περὶ
595 334 669 385 τῆς
696 334 836 385 ψυχῆς
865 330 951 384 πρό
985 348 1026 374 τε
1056 335 1138 374 τοῦ
1167 332 1366 376 θανάτου
1401 334 1651 389 moedus-65

328 413 405 448 νος
433 397 571 440 πολλοί
601 413 644 440 τε
674 398 746 440 καὶ
777 398 936 454 λυγρὰ,
970 399 1097 454 ἔργον
1128 397 1339 454 ἐργάσατο
1369 401 1497 456 μέζον
1527 400 1596 445 λό-

300 468 426 521 4yov.
458 464 514 515 ὠς
542 463 625 520 γὰρ
657 466 710 521 δή
741 465 908 510 ἐδέδετο
939 466 986 510 ἐν
1007 466 1118 524 ξύλῳ
1139 469 1420 524 σιδηροδέτῳ,
1443 467 1597 512 ἐσενει-

327 533 507 588 χθέντος
537 549 623 584 κως
655 536 858 590 σιδηρίου
888 534 1116 592 ἐκράτησε·
1168 532 1325 578 αὐτίκα
1363 535 1409 578 δὲ
1440 534 1597 591 ἐμηχα-

330 605 437 645 νᾶτο
469 600 781 655 ἀνδρειότατον
812 602 941 657 ἔργον
980 602 1157 646 πάντων
1187 606 1275 646 τῶν
1304 602 1428 658 ἡμεῖς
1445 605 1594 661 ἴδμεν.
1607 610 1653 645 7ο

331 670 692 725 σταθμησάμενος
731 670 816 726 γάρ
858 671 972 722 ὅκως
1001 669 1261 723 ἐξελεύσεταί
1291 673 1335 714 οἱ
1362 670 1411 714 τό
1442 671 1598 715 λοιπόν

301 741 419 780 5τοῦ
448 736 598 789 ποδὸς,
631 735 818 794 α’πέταμε
847 738 925 782 τὸν
954 738 1118 794 ταρσὸν
1139 737 1319 782 ἑωυτοῦ.

1382 743 1519 782 ταῦτα
1549 740 1596 784 δὲ

330 803 515 861 ποιήσας
533 840 543 858 ,
577 805 685 849 ὥστε
716 806 1047 863 φυλασσόμενος
1074 805 1164 850 ὑπὸ
1188 806 1419 862 φυλάκων,
1450 808 1598 864 διορύ-

331 873 406 923 ξας
435 874 512 915 τὸν
542 879 701 929 τοῖχον,
731 874 896 932 ἀπέδρη
927 874 971 926 ἐς
1003 875 1177 931 Τεγέην,
1227 875 1301 927 τὰς
1330 876 1408 931 μὲν
1437 874 1598 928 νύκτας

330 940 643 996 πορευόμενος,
673 942 748 994 τοὶς
778 944 823 988 δὲ
853 943 1016 998 ἡμέρας
1046 943 1306 988 καταδύνων
1335 945 1378 996 ές
1398 943 1508 1000 ὕλην
1523 944 1598 988 καὶ

333 1007 636 1065 αὐλιζόμενος·
686 1010 804 1053 οὕτω
845 1011 952 1053 ὥστε
995 1014 1359 1067 Λακεδαιμονίων
1386 1013 1654 1068 πανδημεὶ75

332 1078 592 1132 διζημένων,
624 1080 747 1136 τρίτῃ
783 1076 983 1136 εὐφρόνῃ
1012 1078 1217 1134 γενέσθαι
1246 1078 1293 1122 έν
1310 1081 1462 1136 Τεγέῃ·
1491 1081 1600 1132 τούς

332 1146 377 1188 δὲ
415 1147 462 1189 έν
499 1146 701 1204 θωύματι
729 1147 899 1206 μεγάλῳ
930 1147 1151 1204 ἐνέχεσθαι
1175 1149 1250 1204 τῆς
1278 1163 1323 1191 τε
1351 1147 1522 1205 τόλμης,
1554 1146 1600 1193 ὁ·

275 1333 339 1381 ΠΙ,
377 1334 454 1373 119
488 1340 525 1370 et
556 1331 603 1370 de
634 1346 728 1372 voce
763 1327 938 1387 ἆνοῖρσια

274 1396 370 1426 nott.
398 1389 446 1426 ad
467 1392 532 1438 ΙΙΙ,
567 1393 630 1431 1Ο.

331 1445 374 1485 ἐν
390 1443 516 1501 τούτῳ
532 1451 585 1500 τῷ
607 1450 717 1503 κακῷ
733 1445 936 1500 ἐχόμενος]

275 1504 396 1553 Attigi
417 1503 465 1541 ad
485 1505 661 1554 V111‚52.
698 1506 816 1558 Seqq.
841 1502 939 1544 ὥστε

279 1558 428 1611 τρέχειν
460 1560 550 1612 περὶ
584 1565 654 1612 τῆς
680 1565 816 1614 ψυχῆς
849 1564 940 1599 illu-

279 1618 394 1654 stravi
421 1617 470 1654 ad
499 1620 581 1665 VII,
611 1619 678 1660 57.
736 1619 799 1656 Ad
827 1633 939 1657 voces

279 1672 396 1725 μέζον
422 1669 544 1729 λόγου
572 1675 649 1715 vid.
670 1683 767 1714 nott.
789 1675 837 1714 ad
859 1677 939 1726 Vll,

284 1730 372 1771 147.

337 1786 489 1829 ἐδέδετο
524 1789 567 1830 ἐν
604 1786 709 1843 ξύλῳ
738 1788 943 1842 σιδηροδέ-

280 1844 352 1897 τῳ]
385 1847 504 1897 Attigi
525 1847 573 1885 ad
596 1850 658 1897 Vl,
682 1847 749 1888 75.
781 1849 942 1885 wesse-

279 1902 418 1952 lingius
440 1905 604 1941 conferri
632 1907 738 1943 iubet
758 1906 871 1941 Petit.
894 1903 943 1941 ad

278 1960 400 2009 Legg.
431 1962 547 1999 Attio.
576 1963 640 2011 IV,
672 1965 695 2003 9
725 1975 762 2012 p.
795 1960 872 2002 461
907 1968 944 1999 et

278 2016 381 2053 Actt.
418 2019 552 2069 Apost.
586 2021 689 2069 XVI,
719 2016 773 2058 24
811 2019 942 2071 ibique

280 2074 475 2112 Wetsten.

338 2129 634 2183 ἐσενειχθέντος
654 2147 733 2179 κως
762 2131 945 2184 σιδηρίου

280 2185 493 2239 ἐκράτησε]
524 2189 550 2230 ἱ.
573 2203 605 2226 e.
644 2194 774 2226 nactus
806 2193 856 2226 est
884 2191 946 2227 in-

282 2248 509 2283 strumentum
521 2245 680 2296 ferreum
702 2247 824 2296 aliquo
848 2246 946 2283 moclo

284 2303 504 2352 compedibus
532 2303 674 2340 illatum
712 2316 834 2355 eoque
864 2303 945 2354 ipso

283 2358 371 2396 dein
393 2373 482 2397 usus
498 2367 552 2396 est
573 2358 621 2396 acl
642 2358 781 2410 pedem
804 2373 945 2410 ampu-

282 2415 457 2454 tandum.
514 2419 690 2469 Namque
715 2430 779 2468 pes
810 2416 946 2453 adstri-

284 2480 365 2510 ctus
387 2481 466 2511 erat
485 2475 590 2525 ligno
612 2472 851 2527 σιδηροδέτῳ
868 2475 891 2510 i.
911 2487 944 2512 e.

285 2530 389 2580 quod
410 2531 508 2568 ferro
530 2532 744 2568 revinctum
762 2537 863 2578 erat3
884 2529 947 2567 id-

285 2599 360 2637 que
381 2588 506 2636 ipsum
526 2589 671 2625 ferrum
692 2602 721 2626 s.
735 2589 948 2625 ferramen-

287 2649 371 2679 tum
404 2641 503 2694 (hoc
535 2647 638 2682 euim
669 2653 723 2682 est
752 2641 947 2696 σιδήριον,

290 2706 331 2736 ut
351 2702 479 2737 notavi
496 2701 544 2737 ad
564 2704 644 2747 VII,
669 2706 736 2750 18)
767 2701 856 2738 iude
878 2716 949 2738 ex—

288 2758 414 2805 traxit,
436 2771 512 2810 quo
543 2760 682 2809 pedem
711 2761 950 2811 implicatum

996 1340 1033 1371 et
1053 1334 1240 1371 innexum
1262 1333 1513 1373 abscinderet.
1529 1355 1586 1364 —
1609 1336 1658 1373 In

995 1404 1102 1444 seqq.
1127 1393 1290 1430 verbum
1324 1388 1658 1444 σταθμησάμενος

996 1446 1086 1485 hinc
1119 1451 1259 1487 excitat
1289 1449 1427 1488 Suidas
1465 1463 1497 1488 s.
1535 1463 1571 1490 v.
1604 1451 1660 1487 111

996 1519 1034 1556 p.
1055 1508 1150 1547 368.

1054 1556 1229 1614 ἀπέταμε
1285 1559 1370 1603 τὸν
1427 1573 1551 1614 ταρσ
1567 1559 1657 1613 δν]

998 1617 1171 1657 Plantam
1186 1619 1287 1670 pedis
1306 1620 1603 1671 interpretantur
1627 1632 1660 1656 s.

997 1678 1227 1713 anteriorem
1258 1676 1364 1727 pedis
1395 1684 1554 1728 partem,
1585 1674 1662 1728 quai

997 1740 1104 1784 parte
1124 1747 1190 1784 pes
1211 1734 1322 1770 latior
1342 1741 1405 1771 est.
1452 1734 1594 1770 Pollux
1612 1734 1661 1782 11,

998 1788 1024 1829 4
1047 1791 1085 1835 ξ.
1110 1793 1213 1831 197:
1246 1791 1334 1839 (τοῦ
1357 1787 1496 1838 ποδὸς)
1522 1787 1567 1829 τό
1597 1788 1663 1841 ἔμ-

992 1851 1180 1897 προσθεν
1195 1844 1291 1898 μετὰ
1313 1843 1408 1894 τούς
1427 1843 1661 1895 δακτύλους,

999 1899 1156 1953 ταρσός.
1212 1906 1258 1940 In
1282 1903 1396 1941 huius
1423 1905 1573 1955 ταρσοῦ
1592 1904 1664 1940 ab-

998 1962 1100 1998 scissi
1109 1962 1237 1998 locum
1248 1974 1342 1999 mox
1349 1962 1412 1998 ille
1432 1961 1665 1998 substituisse

1002 2017 1120 2055 fertur
1153 2015 1315 2066 ξῦλινον
1355 2016 1486 2058 πόδας
1534 2019 1664 2069 itaque

1002 2071 1150 2125 ταρσὸν
1192 2076 1316 2112 latiori
1345 2089 1460 2113 sensu
1490 2076 1664 2125 accipere

1001 2133 1136 2168 malim
1157 2130 1204 2167 de
1225 2133 1331 2169 omni
1351 2131 1450 2183 pede
1478 2139 1543 2168 aut
1563 2137 1665 2168 certe

1004 2187 1052 2225 de
1071 2189 1241 2224 inferiori
1261 2190 1340 2225 eius
1360 2195 1477 2239 parte.
1512 2187 1665 2236 Tegeam

1003 2252 1133 2282 autem
1179 2247 1454 2296 Hegesistratus
1505 2244 1664 2294 aufugit,

1004 2315 1080 2354 quo
1102 2300 1240 2338 eodem
1268 2303 1383 2338 etiam
1409 2299 1665 2353 Leotychides

1002 2360 1041 2395 in
1062 2360 1220 2395 exilium
1242 2360 1396 2407 abierat,
1427 2366 1521 2396 teste
1541 2360 1666 2394 Hero-

1004 2415 1093 2453 doto
1116 2417 1177 2463 VI,
1201 2419 1274 2456 δῖε
1307 2418 1448 2468 quippe
1470 2417 1666 2466 Tegeatae

1003 2474 1217 2510 Laconibus
1238 2474 1373 2510 infensi
1385 2481 1498 2524 atque
1509 2472 1666 2520 inimici,

1004 2537 1047 2567 ut
1068 2531 1204 2566 monui
1226 2529 1273 2567 ad
1294 2532 1323 2577 Ι,
1346 2530 1411 2571 65,
1433 2531 1503 2578 ΙΧ,
1524 2531 1578 2570 26
1598 2528 1667 2566 fin.

1005 2588 1074 2628 35·
1103 2589 1161 2623 De
1181 2588 1297 2624 verbo
1319 2582 1550 2634 αὐλίζεσθαι
1563 2585 1666 2623 conf.

1004 2651 1101 2681 nott.
1123 2643 1172 2681 ad
1192 2645 1292 2692 VIII,
1312 2647 1359 2692 ὃς
1391 2643 1440 2681 de
1478 2656 1571 2681 voce
1602 2636 1668 2681 sv’-

1008 2696 1167 2754 φρόνης
1186 2701 1265 2742 vid.
1281 2708 1376 2740 nott.
1400 2700 1448 2738 ad
1468 2701 1550 2748 Vll,
1574 2701 1639 2739 12.

1063 2757 1107 2798 ἐν
1145 2754 1333 2811 θωύματι
1364 2782 1414 2787 -
1438 2752 1664 2809 ἐνέχεσθαι]
