1839 3292
408 235 492 273 116

804 230 1264 267 HERODOTI

377 339 599 397 Ξναχθεῖς,
637 337 713 392 νηῒ
740 335 954 392 ἐμβάλλει.
1015 338 1335 392 συμπλακείσης
1374 337 1419 380 δὲ
1448 339 1524 392 τῆς
1552 334 1669 391 νηὸς,

407 410 482 453 καὶ
512 407 565 451 ού
605 405 862 459 δυναμένων
892 401 1215 458 ἀπαλλαγῆναι,
1246 403 1361 446 οὕτω
1392 403 1445 460 δὴ
1476 405 1520 447 οἱ
1549 403 1672 446 ἄλλοι

379 475 599 530 3Ἀμεινίῃ
621 471 885 528 βοηθέοντες
909 470 1182 526 συνέμισγον.
1238 468 1465 526 Ἀθηναῖοι
1493 471 1571 527 μὲν
1601 470 1728 515 οῧ-35

406 560 466 587 τω
496 542 673 596 λέγουσι
701 543 776 595 τῆς
804 540 1046 594 ναυμαχίης
1069 537 1271 593 γενέσθαι
1300 538 1380 594 τὴν
1410 538 1565 594 ἀρχήν·
1596 541 1672 582 Αί-

408 612 582 666 γινῆται
626 607 694 659 δὲ,
743 604 824 662 τὴν
857 606 966 650 κατὰ
996 607 1100 657 τούς
1137 608 1349 657 Αἰακίδας
1385 604 1672 661 ἀποδημήσα-

410 690 492 722 σαν
527 677 570 728 {g
601 677 808 730 Αἴγιναν,
838 675 1002 731 ταύτην
1032 672 1142 718 εἶναι
1172 673 1250 730 τήν
1281 671 1490 726 ἄρξασαν.
1549 671 1676 728 Λέγε-

380 749 482 789 4ται
521 744 566 788 δὲ
602 743 675 786 καὶ
720 740 843 791 τάδε,
885 741 945 793 ὥς
977 743 1131 798 φάσμα
1162 754 1240 797 σφι
1270 741 1480 796 γυναικὸς
1510 738 1671 797 ἐφάνη·

410 817 626 869 φανεῖσαν
655 810 701 854 δὲ
731 810 1117 862 διακελεύσασθαι,
1151 809 1258 853 ὥστε
1287 808 1360 852 καὶ
1390 808 1507 851 ἅπαν
1536 808 1670 852 ἄκοῦ-
1685 812 1732 850 4ο

410 894 481 925 σαι
527 880 576 924 τὸ
619 881 706 922 τῶν
750 876 975 932 Ἑλλήνων
1016 876 1333 931 στρατόπεδον,
1394 875 1674 920 ὀνειδίσασαν

410 949 629 1005 πρότερον
657 947 776 990 τάδε·
808 942 886 998 ,ἶῼ
915 945 1147 1002 δαιμόνιοι,
1178 946 1300 1001 μέχρι
1316 944 1450 988 κόσου
1479 944 1540 988 ἔτι
1559 943 1674 999 πρύ·

284 1024 350 1074 85
409 1034 550 1073 ,,μνην
579 1013 939 1070 ἄνακρούεσθε;“
971 1014 1096 1058 Κατὰ
1122 1015 1200 1070 μὲν
1229 1013 1282 1068 δὴ
1308 1012 1562 1070 Ἀθηναίους
1590 1012 1673 1056 ἐτε-

351 1168 506 1204 fratrem
545 1164 718 1216 perhibet
748 1163 906 1205 Diodor.
942 1166 1012 1212 XI,

354 1227 407 1264 37
428 1224 514 1259 coll.
534 1225 582 1263 18
604 1221 670 1259 fin.
700 1221 913 1273 Aeschylus
934 1223 1013 1272 ipse

351 1280 474 1316 fratris
502 1279 648 1316 facinus
681 1286 826 1323 tacens,
855 1280 1013 1315 Persam

352 1335 470 1373 modo
484 1334 674 1372 dicentem
687 1336 774 1372 facit
785 1334 1011 1385 (Pers.409)

351 1387 473 1444 ἦρξεν
493 1391 664 1442 ἐμβολῆς
679 1388 887 1443 Ἑλληνική
898 1394 1011 1439 ναῦς,

353 1450 420 1485 ubi
453 1455 560 1486 vetus
592 1447 790 1486 scholiasta
823 1450 1012 1500 Lycome-

355 1505 430 1542 den
448 1512 571 1552 vocat,
594 1507 708 1557 quiin
722 1507 923 1542 Artemisia
939 1519 1013 1555 pu-

352 1574 430 1612 gna
470 1563 612 1612 primus
651 1575 788 1600 navem
822 1564 1012 1599 Persicam

356 1618 496 1668 cepisse
546 1617 682 1656 dicitur
721 1621 767 1656 ab
816 1618 1011 1656 Herodoto

354 1676 454 1720 VIH,
473 1678 491 1713 1
504 1677 536 1714 l.

412 1729 672 1780 ἐξαναχθεὶς]
726 1731 751 1767 ἱ.
794 1744 828 1768 e.
872 1731 1012 1780 longius

355 1786 464 1837 (prae
496 1788 625 1823 ceteris
657 1801 705 1823 ex
735 1787 840 1839 acie)
862 1792 1011 1825 evectus.

356 1843 414 1880 Cf.
434 1842 620 1890 V11‚194.
649 1845 755 1889 Quae
778 1852 1011 1896 sequuntur:

355 1900 644 1950 συμπλακείσης
689 1903 761 1950 τῆς
803 1898 902 1950 νηὸς
943 1914 1012 1938 va-

354 1956 456 1993 lent:
487 1969 563 1992 cum
584 1959 686 1993 navis
705 1958 878 2007 implicita
897 1972 925 1994 s,
947 1959 1012 1994 im-

350 2016 463 2063 pacta
503 2015 625 2048 rostris
677 2014 868 2051 inhaereret
905 2014 1013 2051 alteri

354 2071 455 2107 navi.
512 2070 631 2105 Paulo
657 2070 762 2106 aliter
791 2070 895 2107 idem
923 2084 1011 2108 ver-

354 2125 449 2162 bum
470 2126 534 2171 111,
556 2127 623 2165 78.

412 2177 553 2232 φάσμα
577 2194 645 2230 σφι
660 2179 845 2232 γυναικὸς
858 2177 1005 2232 ἐφάνη]

353 2239 412 2274 De
447 2251 542 2275 voce
563 2235 702 2286 φάσμα
728 2238 803 2275 vid.
836 2246 930 2275 nott.
961 2239 1009 2276 ad

353 2294 416 2338 VI,
439 2296 503 2334 69.
539 2295 596 2329 Ac
617 2295 702 2329 satis
723 2295 927 2344 probabile,
952 2297 1009 2330 in-

352 2351 471 2400 telligi
486 2349 547 2386 hic
568 2349 930 2387 1⁸12'nerccwautnlius
941 2365 1009 2386 cu-

352 2407 464 2443 iusvis
512 2405 604 2443 deae
648 2408 870 2455 imaginem,
913 2421 1009 2457 quae

355 2464 509 2499 Graecis
524 2464 780 2513 pugnantibus
797 2466 1010 2512 apparuerit

353 2533 490 2570 easque
513 2519 559 2555 ad
580 2532 750 2569 pugnam
768 2521 888 2555 verbis
901 2533 1009 2556 com-

353 2577 511 2625 pellarit,
524 2577 648 2627 qualia
666 2577 704 2611 in
721 2577 932 2613 Homericis
952 2578 1010 2612 le-

353 2633 391 2681 gi
413 2645 524 2668 nemo
546 2633 677 2669 nescit.
708 2634 750 2667 Iu
772 2645 850 2684 seq.
873 2645 903 2668 a
921 2634 1009 2669 Flo-

354 2689 521 2735 rentino,
552 2684 633 2724 aliis
647 2687 734 2724 dedi
760 2685 803 2727 τό
830 2691 909 2726 τῶν
927 2687 1008 2728 Ἑλ-

350 2739 483 2793 λήνων
503 2740 774 2795 στρατόπεδον,
798 2746 861 2781 nbi
874 2746 1001 2796 vulgo,

347 2798 391 2841 τό
412 2796 675 2854 στρατόπεδον
691 2803 768 2841 τῶν
786 2799 997 2854 Ἑλλήνων,

1070 1164 1174 1217 quod
1213 1178 1302 1202 cum
1342 1164 1547 1202 Schaefero
1575 1165 1730 1202 retinuit

1069 1221 1262 1259 Matthiae.
1324 1223 1409 1272 Ipsa
1434 1223 1612 1259 orationis
1631 1228 1729 1258 stru-

1070 1286 1176 1315 ctura
1215 1279 1386 1315 similiter
1424 1279 1566 1315 variata
1614 1285 1729 1330 atque

1068 1337 1166 1383 VIII,
1191 1337 1293 1383 1183
1328 1348 1420 1371 nam
1439 1336 1598 1372 verbum
1620 1333 1727 1385 λέγε·-

1068 1408 1132 1431 ται
1170 1393 1339 1442 primum
1378 1393 1518 1443 excipit
1544 1391 1727 1442 particula

1071 1448 1125 1496 ὥς
1145 1462 1234 1485 cum
1255 1449 1370 1485 verbo
1384 1449 1504 1497 finito,
1532 1455 1615 1485 tum
1636 1460 1726 1485 vero

1068 1507 1108 1541 iu
1144 1506 1402 1542 accusativum
1431 1512 1467 1541 et
1494 1505 1727 1542 infinitivum

1069 1564 1187 1599 oratio
1208 1563 1351 1598 transit.
1382 1561 1443 1598 Ad
1465 1561 1727 1598 eandemsen-

1069 1633 1130 1656 sus
1175 1626 1400 1655 structuram
1440 1618 1535 1654 illud
1571 1631 1727 1670 quoque

1069 1677 1242 1727 pertinet,
1284 1674 1388 1727 quod
1418 1688 1555 1712 vocem
1584 1671 1726 1724 φάσμα

1069 1729 1262 1784 γυναικός
1291 1733 1461 1782 sequitur
1484 1733 1726 1782 participium

1069 1792 1278 1838 φανεῖσαν.
1322 1787 1400 1825 Sed
1421 1790 1508 1825 talia
1527 1790 1726 1825 neminem

1067 1858 1176 1896 spero
1199 1844 1407 1882 offendent.

1123 1898 1377 1942 ὀνειδίσασαν
1395 1896 1590 1952 πρότερον
1609 1895 1723 1950 τάδε]

1066 1959 1092 1995 i.
1115 1972 1148 1996 e.
1162 1962 1345 2009 postquam
1362 1960 1465 2008 prius
1481 1957 1626 1994 Graecis
1639 1957 1725 1993 haec

1066 2016 1316 2065 exprobrasset.
1362 2014 1517 2051 Primum
1537 2015 1640 2050 enim
1658 2013 1725 2050 illa

1065 2073 1232 2108 mulieris
1251 2073 1392 2122 species
1418 2072 1570 2108 Graecis
1594 2070 1724 2120 segui-

1065 2130 1156 2164 tiem
1170 2129 1421 2178 exprobravit,
1443 2127 1517 2179 quai
1528 2127 1641 2163 remis
1660 2126 1723 2162 in-

1065 2183 1257 2231 hibebant,
1287 2185 1410 2222 deinde
1438 2196 1527 2220 vero
1558 2195 1620 2219 eos
1652 2195 1723 2219 ex-

1066 2239 1212 2277 hortata
1241 2248 1315 2287 est,
1364 2248 1404 2277 ut
1435 2241 1520 2276 forti
1542 2246 1578 2275 et
1599 2239 1722 2276 confi-

1067 2296 1170 2333 denti
1192 2298 1318 2333 animo
1336 2296 1508 2333 inhostes
1524 2298 1720 2334 irruerent.

1065 2352 1158 2389 Inde
1179 2361 1312 2403 sponte
1334 2354 1496 2404 patebit,
1527 2348 1721 2404 πρότερον

1065 2408 1167 2445 haud
1190 2412 1328 2446 mutari
1351 2423 1458 2460 posse
1478 2411 1517 2445 in
1539 2405 1721 2460 πικρότε-

1067 2481 1136 2514 ρον
1150 2473 1214 2502 aut
1227 2463 1542 2517 προθυμότερον,
1560 2473 1601 2502 ut
1612 2467 1721 2503 Reis-

1065 2521 1130 2558 kio
1162 2530 1316 2559 venerat
1347 2524 1385 2559 in
1416 2530 1598 2560 mentem.
1657 2520 1720 2559 Ad

1064 2592 1196 2615 vocem
1221 2575 1421 2630 δαιμόνιοι
1442 2580 1541 2618 conf.
1554 2585 1649 2616 nott.
1669 2577 1719 2616 ad

1062 2636 1125 2683 lv,
1154 2639 1243 2677 126.

1231 2725 1324 2777 Cap.
1353 2726 1551 2764 LXXXV.

1099 2800 1197 2844 κατα
1217 2802 1292 2856 μὲν
1314 2802 1364 2858 δή
1384 2801 1716 2858 Ἀθηναίους]ὶ.ε.
