1839 3292
384 215 442 256 72

788 214 1255 252 HERODOTI

386 322 434 367 ἓν
472 325 535 382 τῷ
570 321 691 380 ἐλαίη
735 339 780 367 τε
807 323 880 368 καὶ
908 319 1112 367 θάλασσα
1139 322 1226 366 ἔνι·
1277 322 1332 366 τὰ
1373 320 1504 379 λόγος
1533 322 1655 378 παρὰ

331 513 469 538 narum
502 512 590 546 rex,
627 503 785 534 vocatur
825 492 996 548 γηγενής

332 558 360 595 ἰ.
382 571 415 594 e.
438 557 534 593 terrai
552 557 692 604 genitus
712 555 996 591 eVulcaniscil.

333 615 482 652 semine
538 613 577 648 in
629 617 770 646 terram
819 613 995 662 prolapso

336 669 486 716 editus,
517 676 560 705 ut
587 668 690 704 fama
720 668 876 705 serebat.
935 667 998 705 Ad

335 727 588 778 agriculturae
620 725 725 780 initia
753 726 792 760 in
825 725 904 761 solo
926 726 999 762 At-

335 785 410 821 tico
432 783 519 820 talia
535 788 716 833 spectare,
738 783 802 817 vix
824 788 878 818 est
895 781 999 833 quod

335 853 531 878 moneam.
606 837 692 875 vid.
735 839 910 876 Creuzer.
951 838 999 875 ad

338 897 458 936 Cicer.
517 897 575 932 De
595 902 673 932 nat.
696 893 820 932 deorr.
846 897 920 942 ΙΙΙ,
949 898 997 936 19

337 967 426 1005 pag.
463 952 555 993 576.
586 953 660 998 ΙΙΙ,
702 954 755 991 22
784 965 872 1002 pag.
903 954 997 994 599.

339 1010 515 1061 Symbol.
536 1011 570 1045 11
591 1022 628 1059 p.
657 1009 750 1049 652-
770 1009 822 1045 lv
843 1023 878 1060 q.
901 1008 997 1049 349.

338 1065 567 1104 Brdudsted.
605 1066 631 1102 l.
661 1066 686 1101 l.
717 1066 753 1101 ΙΙ
787 1079 874 1116 pag.
906 1068 1002 1105 227.

340 1125 437 1163 231.
496 1122 698 1158 Caeterum
720 1120 814 1158 haec
846 1123 926 1172 ipsa
955 1122 1002 1157 ab

339 1177 536 1217 Herodoto
571 1179 708 1227 scripta
746 1185 854 1228 putat
886 1178 928 1214 C.
959 1178 1002 1216 Ο.

339 1237 490 1272 Miiller.
537 1236 595 1270 De
644 1236 806 1272 Minerv.
856 1233 1004 1271 Poliad.

339 1305 430 1344 pag.
454 1293 503 1331 18
525 1292 594 1328 sub
633 1292 788 1328 tertium
814 1291 892 1328 fere
917 1291 1007 1327 belli

342 1349 658 1399 Peloponnesiaci
701 1349 866 1395 bellum,
903 1346 1006 1399 quod

341 1405 447 1443 idem
476 1412 653 1455 posuerat
686 1406 784 1442 Rose
817 1406 1008 1456 Inscriptt.

342 1464 500 1500 Graeco.
522 1474 610 1512 pag.
636 1460 728 1501 149.

401 1517 443 1557 ἐν
465 1520 517 1570 τῷ
540 1517 650 1567 ἐλαίη
672 1531 711 1555 τε
732 1515 798 1556 καὶ
820 1517 1007 1555 θάλασσα

344 1573 423 1624 ἔνι]
455 1576 659 1611 Neminem
679 1574 794 1625 sugit,
826 1575 863 1610 in
884 1573 1009 1610 Athe-

344 1644 486 1669 narum
521 1644 606 1668 arce
638 1630 714 1667 duo
757 1645 836 1668 esse
865 1631 1009 1681 templa

346 1689 466 1740 probe
533 1687 803 1732 discernenda,
849 1689 1009 1724 alterum

349 1747 605 1794 Παρθενῶνα
664 1743 767 1796 quod
810 1746 1010 1793 vocabant,

347 1803 509 1838 alterum
540 1803 734 1838 Minervae
754 1801 919 1838 Poliadis
949 1801 1009 1837 id-

348 1872 423 1910 que
444 1860 565 1908 magis
584 1865 794 1907 vetustum,
830 1861 891 1895 cui
919 1857 1008 1895 inde

345 1928 490 1952 nomen
512 1913 535 1955 ό
566 1911 728 1966 ἀρχαῖος
756 1913 856 1962 νεώς
886 1913 909 1954 ό
938 1917 1010 1964 τῆς

349 1967 553 2018 Πολιάδος
601 1973 678 2008 sive
731 1966 754 2011 ὁ
800 1967 1010 2022 Ἐρεχθέος

348 2026 464 2079 νηὸς,
512 2026 554 2067 τὸ
595 2028 742 2078 οἴκημα
782 2023 1009 2080 Ἐρεχθεῖον

349 2086 398 2122 ob
410 2085 547 2121 cellam
557 2087 798 2131 anteriorem,
811 2098 908 2137 qnae
919 2099 1011 2136 pro-

347 2142 429 2193 prie
444 2140 660 2178 Erechtheo
683 2141 855 2179 dedicata
876 2149 953 2178 erat
974 2149 1011 2179 et

350 2211 449 2250 quae
490 2200 605 2235 etiam
635 2199 826 2236 Erechthei
852 2201 1011 2235 nomine

347 2256 465 2306 vulgo
477 2255 710 2305 significatur
727 2269 838 2292 sensu
849 2257 1012 2293 strictio-

350 2326 404 2349 re.
446 2312 530 2349 Vid.
551 2319 647 2349 nott.
679 2312 727 2348 ad
747 2314 791 2359 V,
813 2316 878 2354 82.
902 2314 944 2350 C.
967 2314 1011 2350 O.

349 2369 501 2406 Miiller.
557 2370 615 2404 De
662 2371 822 2406 Minerv.
863 2369 1012 2407 Poliad.

351 2438 439 2476 pag.
462 2429 528 2466 22.
550 2426 708 2463 Siebelis
731 2425 778 2462 ad
798 2427 961 2464 Pausan.
982 2428 1011 2475 Ι,

352 2483 405 2522 26
427 2483 463 2527 ξ.
487 2485 510 2523 6
533 2495 621 2533 pag.
651 2485 705 2523 92
725 2483 811 2520 coll.
838 2482 1012 2520 Boeckh.

351 2538 540 2588 Inscriptt.
565 2541 582 2576 l
602 2552 690 2590 pag.
712 2539 807 2581 264.
829 2542 926 2577 Rose
947 2542 1014 2576 In-

352 2595 495 2644 scriptt,
517 2597 672 2635 Graece.
694 2609 782 2647 pag.
809 2597 884 2638 148
905 2610 1011 2649 seqq.

353 2650 397 2686 In
422 2651 603 2688 Herodoti
623 2654 706 2690 loco
728 2661 832 2704 patet
859 2667 938 2690 non
965 2653 1012 2690 de

354 2707 450 2743 cella
471 2708 552 2755 ista,
576 2711 636 2745 cui
656 2711 848 2760 sigillatim
865 2709 1014 2747 Erech-

353 2761 434 2799 thei
453 2777 615 2811 nomen,
657 2766 723 2802 sed
765 2766 811 2804 de
850 2775 929 2804 tota
954 2768 1016 2818 agi

355 2818 471 2870 aede,
510 2821 541 2858 si
561 2820 717 2874 quidem
741 2824 823 2860 olea
854 2837 957 2862 sacra
979 2832 1017 2862 et

1053 510 1158 534 mare
1196 509 1275 532 non
1312 496 1380 533 ista
1418 496 1459 533 iu
1499 497 1594 534 cella
1621 503 1713 545 erat,

1052 553 1118 591 sed
1132 584 1141 600 ‚
1162 560 1204 590 nt
1225 552 1354 590 diserti
1383 555 1582 590 enuntiant
1601 559 1716 590 testes

1055 624 1076 648 a
1103 612 1264 647 Miillero
1294 611 1318 647 l.
1349 610 1375 646 l.
1405 622 1494 660 pag.
1524 612 1579 649 22
1613 610 1717 646 citati

1056 666 1294 715 (Pliiloclior.
1319 679 1379 717 ap.
1411 668 1571 717 Dionys.
1592 666 1717 703 Halic-

1056 739 1094 776 p.
1133 727 1226 765 636.
1269 737 1297 761 s.
1328 737 1365 774 p.
1402 726 1442 763 2.
1467 725 1535 764 80.
1575 722 1716 760 Siebel.

1056 780 1197 818 Athen.
1219 781 1291 817 XV
1311 794 1347 831 p.
1370 779 1450 820 694
1466 781 1531 827 1)),
1553 779 1591 815 in
1613 780 1719 815 Pau-

1056 837 1212 885 droseo‚
1235 850 1333 889 quae
1353 835 1453 873 aedis
1475 849 1560 888 pars
1581 835 1629 872 ad
1651 848 1720 872 oc-

1056 895 1248 932 cidentem
1286 895 1456 930 maxime
1505 893 1718 944 spectabat,

1057 959 1093 989 et
1115 950 1270 1003 quidem
1299 952 1338 987 iu
1368 951 1516 1001 porticu
1547 950 1721 1000 Caryati-

1059 1008 1172 1056 dum,
1223 1015 1264 1044 ut
1300 1008 1546 1058 probabiliter
1592 1006 1722 1043 statuit

1057 1065 1162 1102 idem
1189 1065 1338 1103 Miiller.
1371 1063 1473 1100 Add.
1514 1063 1643 1100 Stuart
1684 1068 1722 1099 et

1058 1124 1204 1159 Revett.
1226 1119 1457 1160 Alterthiim.
1479 1122 1495 1156 I
1516 1132 1604 1171 pag.
1625 1118 1723 1160 472.

1062 1178 1157 1219 581.
1228 1177 1338 1224 Olea,
1385 1190 1502 1229 quam
1547 1178 1722 1213 Minerva

1061 1235 1101 1271 in
1151 1247 1235 1270 arce
1286 1234 1473 1284 plantasse
1531 1233 1723 1269 serebatur

1062 1292 1197 1343 prima,
1220 1291 1312 1327 olim
1334 1304 1400 1341 per
1421 1291 1620 1326 Graeciam
1633 1301 1724 1325 cum

1062 1361 1250 1399 perquam
1280 1359 1364 1383 rara
1397 1347 1465 1393 (cf.
1497 1347 1624 1397 ipsum
1643 1347 1726 1382 He·-

1062 1404 1187 1441 rodot.
1209 1404 1263 1451 Y,
1295 1406 1366 1452 82)
1400 1405 1550 1451 fuisset,
1596 1409 1727 1454 postea

1063 1462 1110 1498 ab
1134 1462 1264 1497 Atticis
1284 1459 1504 1496 hominibus
1521 1460 1726 1510 praecipue

1064 1519 1164 1555 culta
1176 1525 1241 1565 est,
1255 1523 1295 1553 ut
1306 1516 1353 1553 ad
1368 1518 1588 1567 praecipuos
1601 1518 1728 1566 regio-

1064 1576 1123 1612 nis
1139 1576 1264 1611 minus
1284 1573 1418 1610 feracis
1431 1572 1605 1625 adeoque
1615 1574 1728 1610 steri-

1066 1633 1110 1669 lis
1120 1630 1262 1668 reditus
1270 1631 1472 1667 referretur
1483 1629 1653 1682 deaeque
1667 1631 1729 1680 ip-

1067 1690 1141 1726 sius
1154 1689 1294 1725 tutelae
1306 1689 1619 1724 committeretur.
1636 1687 1728 1724 Plu-

1067 1759 1108 1783 ra
1138 1744 1240 1782 idem
1266 1746 1415 1783 Mulier.
1447 1745 1473 1781 l.
1495 1745 1522 1781 l.
1546 1757 1633 1794 pag.
1656 1746 1725 1784 30.

1069 1805 1135 1843 31.
1165 1803 1296 1840 Stuart
1327 1808 1363 1838 et
1384 1803 1530 1840 Revett.
1554 1802 1578 1837 l.
1598 1801 1625 1838 l.
1651 1802 1669 1836 Ι
1690 1813 1730 1850 p.

1066 1858 1162 1899 497.
1220 1860 1354 1910 Itaque
1391 1859 1445 1894 nil
1481 1859 1651 1901 mirum,
1688 1858 1730 1893 in

1064 1916 1244 1966 primaria
1294 1916 1543 1966 maximeque
1581 1920 1731 1951 vetusta

1068 1972 1161 2009 deae
1178 1974 1326 2010 Atticae
1347 1971 1440 2008 aede
1456 1973 1594 2019 oleam,
1616 1984 1637 2007 a
1660 1970 1730 2008 dea

1066 2031 1169 2079 ipsa,
1200 2037 1243 2066 ut
1272 2029 1466 2076 ferebant,
1507 2029 1729 2079 plantatam,

1067 2100 1217 2137 semper
1231 2093 1417 2123 servatam
1438 2087 1576 2136 pieque
1588 2085 1730 2121 cultam

1069 2157 1160 2189 esse,
1182 2145 1212 2179 si
1234 2142 1388 2194 quidem
1404 2144 1441 2178 in
1462 2142 1583 2192 stirpis
1601 2154 1731 2178 emor·

1069 2206 1155 2236 tuae
1184 2201 1314 2237 locum
1353 2200 1425 2235 alia
1466 2200 1540 2235 cito
1580 2197 1732 2235 subdita

1068 2257 1192 2293 fuerit.
1252 2257 1367 2307 'Hinc
1406 2256 1552 2291 Plinius
1591 2257 1641 2292 H.
1681 2256 1730 2292 N.

1069 2314 1170 2360 XVI,
1183 2312 1260 2353 44:
1283 2311 1470 2359 „Athenis
1482 2325 1634 2364 quoque
1646 2312 1730 2348 olea

1070 2369 1206 2406 durare
1245 2369 1404 2406 traditur
1443 2370 1483 2405 iu
1524 2370 1731 2405 certamine

1070 2426 1170 2463 edita
1192 2439 1212 2462 a
1232 2428 1443 2462 Minerva.“
1484 2427 1610 2475 Prope
1632 2424 1731 2462 hanc

1070 2485 1195 2520 oleam
1235 2482 1301 2531 (de
1336 2496 1410 2535 qua
1440 2482 1516 2519 vid.
1557 2483 1731 2522 ciceron.

1069 2542 1127 2577 De
1159 2542 1279 2591 Legg.
1310 2542 1346 2586 Ι,
1384 2543 1401 2579 1
1435 2539 1563 2591 ibique
1592 2541 1731 2576 Moser.

1069 2611 1109 2648 p.
1139 2597 1165 2637 4
1206 2604 1242 2633 et
1273 2597 1501 2633 Turnebum
1534 2610 1620 2647 pag.
1651 2598 1732 2638 527

1071 2653 1132 2691 ed.
1146 2654 1207 2690 Cr.
1228 2652 1437 2704 Spanhem.
1451 2652 1497 2689 ad
1508 2652 1732 2690 Callimach.

1070 2710 1218 2748 Pallad.
1240 2712 1397 2747 Lavacr.
1426 2711 1513 2760 26.)
1543 2724 1622 2747 nou
1655 2711 1732 2746 mi-

1071 2769 1155 2805 nori
1176 2768 1360 2818 religione
1384 2775 1624 2804 consecratus
1646 2780 1731 2804 cer-

1072 2826 1234 2862 nebatur
1244 2829 1373 2875 puteus
1384 2838 1413 2861 s.
1425 2824 1512 2876 fons
1529 2837 1644 2876 aquae
1654 2824 1731 2862 sal-
