1839 3292
25 455 93 501 80

477 204 939 243 CALLIOPE.

1009 205 1085 241 IX.
1329 208 1414 248 821

158 330 327 373 ,,μοιγε,
364 313 468 370 μήτε
517 313 867 370 συμβουλεύσῃς·
926 311 1053 368 χάριν
1099 312 1194 355 ἴσθι
1238 329 1283 356 τε
1329 313 1414 357 ἐών

159 382 399 438 ,,άπαθη’ς.“
453 381 508 424 ‘O
537 381 615 436 μὲν
644 386 778 424 ταῦτα
808 380 999 430 ἀκούσας
1029 378 1338 424 α’παλλάσσετο.

269 451 522 505 Παυσανίης
554 451 599 492 δὲ
628 449 829 506 κήρυγμα
854 445 1144 503 ποιησάμενος
1172 449 1335 504 μηδένα
1365 448 1409 491 ἅ-

1426 386 1471 423 55

1465 449 1583 478 Praeda
1623 452 1730 488 ingens

1468 489 1580 511 coacta.
1591 486 1614 519 Q
1619 495 1702 513 00000
1706 487 1742 514 do

156 524 342 562 πτεσθαι
376 522 451 573 τῆς
489 520 628 573 ληΐης,
669 517 939 570 συγκομίζειν
968 514 1133 558 ἐκέλευε
1165 516 1270 568 τούς
1298 518 1413 560 εἴλω-
1469 518 1743 554 Aeginetaeditati.

128 594 239 638 Ξτας
268 585 321 629 τοὶ
350 585 557 640 χρήματα.
589 586 631 627 οἱ
661 584 706 626 δὲ
737 582 820 625 civo}
849 584 896 626 τὸ
928 582 1222 635 στρατόπεδον
1243 584 1414 628 σκιδνά-

158 670 283 710 μενοι
313 653 516 706 εὕρισκον
545 649 705 707 σκηνὰς
745 648 1140 703 κατεσκευασμένας
1168 654 1315 704 χρυσῷ
1342 652 1412 695 καὶ
1425 660 1470 695 60

158 721 350 778 ἀργύρῳ,
381 719 531 767 κλίνας
560 733 604 760 τε
633 716 892 772 ἐπιχρύσους
920 715 994 759 καὶ
1022 715 1414 775 ἐπαργύρους,κρη·

157 787 291 844 τῆράς
332 802 376 830 τε
405 785 635 839 χρυσέους,
673 785 745 828 καὶ
777 783 935 840 φιάλας
968 799 1012 826 τε
1040 784 1113 826 καὶ
1142 783 1251 828 ἄλλα
1280 785 1414 829 ἐκπώ-

157 867 295 911 ματα·
334 853 522 902 σάκκους
559 867 603 894 τε
633 850 695 895 ἐπ’
725 850 919 908 ἁμαξέων
948 851 1172 905 εὕρισκον,
1218 852 1264 895 ἐν
1302 858 1415 897 τοῖσι

156 920 329 976 λέβητες
351 920 583 973 ἐφαίνοντο
610 918 800 970 ἐνεόντες
830 919 1005 975 χρύσεοί
1031 936 1076 963 τε
1101 920 1172 964 καὶ
1196 918 1414 975 ἀργύρεοι·

161 987 248 1031 άπό
287 1003 331 1030 τε
371 991 461 1030 τῶν
499 986 709 1042 κειμένων
744 992 913 1040 νεκρῶν
953 986 1186 1031 ἐσκύλευον
1215 988 1343 1040 ψέλιά
1371 1005 1415 1032 τε

159 1056 232 1100 καὶ
273 1055 525 1108 στρεπτοὺς,
566 1055 637 1097 καὶ
671 1054 774 1106 τούς
805 1053 1054 1106 άκινάκεας,
1090 1053 1240 1106 ἐόντας
1267 1057 1471 1112 χρυσέ-65

163 1140 240 1174 ους
257 1137 267 1147 ·

325 1123 413 1165 ἐπεὶ
440 1122 622 1177 ἐσθῆτός
650 1139 696 1177 γε
725 1124 920 1177 ποικίλης
954 1122 1082 1178 λόγος
1121 1123 1281 1178 ἐγίνετο
1313 1122 1416 1167 οὐδὲ

131 1190 236 1242 3εἶς.
291 1189 510 1233 Ἐνθαῦτα
539 1190 676 1233 πολλὰ
706 1189 784 1244 μὲν
812 1189 1062 1239 κλέπτοντες
1089 1188 1279 1232 ἐπώλεον
1306 1190 1417 1244 πρὸς

162 1257 266 1308 τούς
306 1257 538 1313 Αἰγινήτας
576 1259 617 1300 οἱ
658 1259 848 1308 εἵλωτες,
899 1257 1035 1300 πολλὰ
1068 1257 1113 1300 δὲ
1147 1257 1219 1300 καὶ
1249 1255 1418 1301 ἀπεδεί-

162 1337 352 1378 κνυσαν,
390 1325 471 1369 ὅσα
510 1323 677 1369 αὐτέων
713 1325 795 1370 οὐκ
836 1321 906 1369 οἷά
934 1341 978 1369 τε
997 1322 1051 1382 ἦν
1080 1325 1268 1381 κρύψαι·
1307 1325 1416 1370 ὥστε

107 1551 169 1582 tur
195 1543 441 1582 Athenienses
470 1545 566 1593 VIII,
603 1542 678 1586 143
711 1539 761 1584 σύ

107 1616 148 1640 τε
177 1603 249 1639 τοῦ
293 1604 436 1641 λοιποῦ
476 1598 616 1654 λόγους
662 1601 761 1652 ἔχων

106 1654 288 1696 τοιούσδε
317 1654 370 1709 μή
391 1658 600 1706 ἐπιφαίνεο
630 1653 762 1708 Ἀθη-

108 1715 279 1760 ναίοισι,
310 1712 408 1766 μηδὲ
440 1714 587 1754 δοκέων
615 1711 761 1765 χρηστά

106 1768 342 1822 ὑπουργέειν
390 1767 585 1823 α’θέμιστα
636 1770 762 1823 ἕρδειν

109 1828 310 1877 παραίνεε.
366 1829 477 1865 quta
516 1829 681 1878 Lycurg.
732 1841 764 1866 c.

109 1883 241 1919 Leocr.
262 1896 300 1933 p.
325 1884 414 1932 156,
436 1884 489 1925 42
523 1884 579 1933 [p.
606 1887 681 1925 186
697 1882 764 1934 R]

110 1939 374 1976 Alexandrum
416 1939 665 1977 Athenienses
705 1956 767 1990 μι-

110 1998 213 2046 κροῦ
234 1996 315 2034 δεῖν
344 1996 597 2035 κατέλευσανε
628 2009 767 2033 secun-

112 2050 205 2088 dum
236 2052 442 2089 Aristidem
480 2055 496 2088 I
526 2067 562 2103 p.
601 2054 681 2094 250
712 2053 766 2089 illi

112 2107 301 2156 dixerunt,
324 2110 449 2160 qualia
469 2108 626 2145 Medeae
643 2110 765 2146 Creon

111 2164 301 2215 Euripidis
321 2165 402 2206 352
430 2167 464 2202 si
483 2169 515 2202 te
539 2166 685 2203 secundo
705 2166 765 2202 la-

112 2223 203 2257 mine
247 2221 303 2258 hic
350 2221 546 2270 offendero,
597 2222 764 2260 Moriere.

112 2278 316 2327 Lamponis
343 2279 446 2315 istius
475 2279 675 2315 consilium
702 2292 765 2315 re-

115 2334 285 2382 pellentis
305 2334 481 2384 Spartani
500 2336 596 2386 regis
611 2349 766 2386 respon-

117 2401 201 2424 sum
237 2392 409 2428 meminit
442 2393 603 2429 Pausan.
640 2394 705 2440 Ill,
740 2390 766 2432 4

118 2443 210 2481 fin.“
245 2444 307 2482 Va
323 2447 465 2484 lcken.
487 2470 543 2476 —-
571 2450 663 2485 Mox
677 2462 767 2485 cum

119 2498 336 2550 Schweigh.
364 2510 399 2539 et
419 2505 535 2542 Gaisf.
562 2504 649 2542 dedi
680 2505 768 2544 ἴσθι

118 2570 159 2594 τε
198 2569 218 2591 e
245 2557 410 2606 pluribus
438 2561 547 2598 codd.
573 2563 696 2611 Vulgo
726 2575 767 2600 τε

118 2611 220 2655 ἴσθι,
251 2613 352 2664 quod
379 2623 460 2664 post
490 2616 682 2656 Schaefer.
704 2631 767 2654 re-

116 2670 311 2704 tinuerunt
329 2670 459 2708 Matth.
481 2680 517 2709 et
536 2673 767 2714 Bekker.—-

116 2726 174 2761 De
183 2727 377 2775 participio
391 2727 534 2765 adiecto
546 2730 621 2768 vid.
631 2729 766 2769 Matth.

119 2782 184 2817 Gr.
206 2783 269 2817 Gr.
292 2784 327 2827 ξ.
345 2784 436 2830 551,
458 2787 473 2823 1
493 2799 531 2835 p.
555 2789 673 2828 1088.

173 2839 394 2877 Henono'r.
413 2840 477 2877 IV.

1004 1578 1095 1629 Cap.
1124 1578 1286 1618 LXXX.

873 1655 1040 1705 ἐκέλευε]
1058 1658 1209 1694 Retinui
1221 1656 1307 1695 hoc.
1329 1656 1362 1692 E
1376 1654 1474 1694 duo-

818 1714 887 1751 bus
909 1713 1020 1752 codd.
1042 1713 1247 1762 Schaefer„
1278 1727 1394 1765 quem
1413 1727 1475 1750 se-

821 1778 989 1822 quuntur
1007 1770 1140 1808 Matth.
1174 1778 1208 1808 et
1236 1769 1416 1817 Bekker„
1438 1769 1475 1810 ἐ-

823 1826 993 1867 κέλευσε.
1021 1828 1073 1864 At
1092 1828 1189 1866 bene
1210 1827 1475 1878 imperfectum

823 1890 859 1920 et
880 1882 918 1922 h.
932 1885 957 1920 l.
980 1891 1015 1920 et
1033 1885 1161 1930 111‚528
1171 1891 1297 1921 tuetur
1307 1884 1474 1921 Sintenis

824 1941 929 1990 epist.
944 1939 991 1976 ad
1005 1941 1048 1978 G.
1062 1942 1271 1977 Hermann.
1286 1939 1362 1991 (ed.
1378 1941 1475 1976 Plu-

821 1995 941 2034 tarch.
957 1995 1166 2045 Themist.)
1187 2010 1272 2048 pag.
1292 1998 1356 2033 LI.
1412 1994 1475 2031 Ad

822 2054 935 2090 verba
961 2066 1065 2104 seqq.
1087 2054 1228 2099 κλίνας
1245 2067 1286 2090 τε
1314 2048 1476 2103 ἐπιχρύ-

822 2122 916 2155 σους
943 2109 1123 2146 Wessel.
1145 2107 1238 2145 haec
1258 2107 1473 2158 adscripsit:

821 2179 926 2214 „non
948 2166 1100 2202 fuerunt
1122 2161 1325 2216 ὁλόχρυσοι
1341 2164 1409 2203 καὶ
1430 2161 1476 2203 ό·-

820 2219 1032 2273 λάργυροι,
1062 2223 1190 2273 quales
1211 2223 1251 2257 in
1275 2220 1374 2257 Phil.
1390 2220 1475 2258 lud.

820 2281 877 2315 De
899 2280 1032 2315 Somn.
1064 2292 1103 2328 p.
1126 2278 1231 2318 1115
1254 2279 1300 2316 E.
1322 2277 1388 2314 sed
1417 2279 1475 2314 in-

821 2337 946 2372 aurati
965 2343 1000 2372 et
1018 2335 1251 2383 inargentati.
1299 2335 1362 2370 Ex
1389 2335 1477 2369 soli-

822 2391 871 2429 do
888 2405 978 2429 auro
990 2398 1025 2428 et
1036 2397 1191 2441 argento
1202 2390 1476 2427 memorabun-

821 2455 883 2486 tur
903 2462 937 2486 c.
957 2451 1023 2489 80.
1081 2450 1126 2484 Iu
1154 2446 1288 2483 talibus
1320 2454 1356 2484 et
1387 2446 1475 2484 alibi

822 2512 1014 2557 peccatur.
1071 2502 1158 2542 Vid.
1178 2505 1207 2552 I,
1230 2503 1324 2544 50.“

878 2615 1000 2667 ψέλια
1031 2615 1100 2656 καὶ
1131 2611 1362 2668 στρεπτούς]
1393 2615 1418 2654 i.
1440 2628 1474 2654 e.

823 2674 986 2712 armillas
1006 2680 1042 2711 et
1066 2677 1215 2723 torques·
1271 2673 1395 2708 Minus
1414 2685 1477 2708 re-

824 2737 883 2767 cte
903 2731 995 2766 olim
1015 2728 1168 2779 ψέλλια.
1226 2729 1291 2765 Tu
1310 2728 1384 2765 vid.
1409 2730 1475 2776 ΠΙ,

824 2790 891 2827 20.
911 2787 973 2835 IV,
997 2788 1075 2827 168
1092 2793 1128 2823 et
1143 2786 1308 2823 Sintenis
1324 2784 1372 2823 ad
1383 2786 1477 2822 Plu-
