1839 3292
237 223 322 263 406
797 222 1178 260 COMMENTATIO

239 347 306 372 cus
319 361 333 379 ‚
365 332 621 387 historiaeque
653 339 760 399 pater
787 332 1003 381 vocandus,
1044 334 1075 371 si
1096 332 1251 385 quidem
1270 349 1401 372 veram
1421 336 1526 372 illam
1555 333 1736 374 historiae

239 391 458 440 notionem,
498 403 615 442 quam
635 391 763 427 animo
788 391 1013 442 impressam
1026 389 1182 440 habuit,
1211 392 1355 442 primus
1379 406 1534 446 quoque
1557 393 1597 430 in
1618 406 1734 445 opere

239 449 436 501 superstite
456 447 638 485 exhibere
659 445 817 485 studuit.

925 570 965 616 ξ.
1012 571 1077 611 11.

351 673 462 709 Hanc
477 678 606 710 autem
615 670 793 711 historiae
810 672 1009 710 notionem
1021 673 1107 724 lpse
1127 671 1295 710 indicare
1313 671 1464 711 videtur
1475 673 1514 711 in
1530 673 1653 725 operis
1673 673 1738 711 in-

241 740 395 779 gressu,
440 731 507 767 ubi
527 730 717 767 ambitum
737 729 904 768 declarat
922 731 1151 782 initiumque
1171 743 1300 767 rerum
1330 731 1376 768 ab
1396 731 1478 781 ipso
1498 738 1738 768 narratarum

241 787 447 824 constituit.
504 788 712 856 Loquitur
715 791 820 824 enim
839 788 891 824 ita
921 788 951 835 I,
980 786 1028 828 5·
1086 784 1161 840 ἐγω
1193 786 1236 826 δὲ
1265 787 1355 839 περὶ
1386 785 1458 838 μὲν
1488 786 1642 827 τούτων
1662 802 1738 828 ουκ

843 839 862 855 Ἃ
889 841 908 855 5!

241 840 404 894 ε’ρχομαι
435 842 556 910 ἐρέων
583 859 637 891 ως
672 841 798 891 οὕτως
833 860 860 895 η
883 847 1009 890 αλλως
1027 859 1107 890 κως
1129 846 1254 883 ταῦτα
1280 843 1450 896 ἐγένετο·
1481 842 1551 884 τόν
1580 842 1624 884 δὲ
1645 841 1739 885 οἶδα

242 895 361 946 αὐτὸς
382 903 542 953 πρῶτον
562 896 797 964 ’ὑπάρξαντα
823 896 1003 940 αδίκων’
992 898 1115 952 ἔργων
1147 900 1186 948 ἐς
1211 916 1305 948 τους
1329 897 1477 952 Ἕλληι
1481 916 1544 949 ας,
1593 904 1740 941 τοῦτον

242 951 449 1025 σημήνας]
480 952 739 1026 προβήσομαι
765 957 804 1004 ἐς
827 955 872 997 vd
894 953 1032 1025 πρόσω
1055 959 1130 996 τοῦ
1139 954 1310 1025 λόγου,
1337 956 1487 1009 ὁμοίως
1527 955 1649 1016 μικροὶ
1670 956 1739 998 καὶ

243 1011 395 1065 μεγάλοι
420 1011 540 1053 ἄστεα
561 1009 799 1066 ἀνθρώπων
821 1010 1010 1062 ἐπεξιών·
1035 1029 1081 1052 τα
1102 1010 1176 1066 γὰρ
1191 1011 1234 1053 τὸ
1255 1010 1379 1053 παλαι
1398 1010 1549 1066 μεγάλα
1571 1017 1646 1065 ἠν,
1686 1012 1736 1054 τοὶ

241 1066 367 1109 πολλα
389 1066 523 1110 αὐτων
554 1068 702 1137 σμικρὰ
732 1069 888 1123 γέγονε·
918 1087 966 1109 τα
984 1068 1026 1109 δὲ
1051 1067 1109 1110 ἐπ’
1126 1069 1226 1121 ἐμοῦ
1254 1086 1308 1121 ην
1333 1067 1503 1123 μεγάλα,
1541 1067 1739 1138 πρότερον

239 1141 294 1177 ἠν
316 1123 482 1193 σμικρά·
512 1142 588 1178 την
610 1122 883 1180 ἆνθρωπηΐην
917 1128 974 1167 ὠν
1004 1123 1262 1178 ἐπιστάμενος
1293 1124 1554 1180 εὐδαιμονίην
1581 1123 1740 1180 ου’ὄαμα

241 1181 286 1223 ἐν
305 1177 447 1237 τωυτῷ
463 1183 688 1236 μένουσαν,
718 1181 989 1236 ἐπιμνησομαι
1009 1180 1247 1235 ἄμφοτέρων
1267 1182 1426 1234 ὁμοίως.

351 1242 489 1278 Reiicit
507 1242 622 1292 igitur
637 1255 769 1294 ,quae
791 1241 838 1278 de
860 1242 1046 1292 primibus
1066 1242 1301 1292 temporibus
1327 1241 1466 1278 sabulis
1487 1241 1658 1279 involuta
1678 1240 1741 1277 fe-

240 1296 423 1334 rebantur
442 1305 479 1335 et
498 1311 520 1335 a
539 1297 783 1350 logographis
799 1297 1069 1346 tradebantur3
1109 1299 1244 1335 maluit
1278 1305 1379 1335 certa
1410 1301 1544 1335 sectari
1572 1297 1742 1350 indeque

239 1366 331 1391 suae
364 1353 542 1392 historiae
569 1356 724 1393 initium
753 1355 930 1393 ducerea
952 1356 1109 1403 Croeso,
1149 1354 1196 1391 de
1217 1368 1292 1407 quo
1313 1357 1437 1406 primo
1467 1356 1626 1392 certiora
1670 1355 1742 1406 ipsi

239 1410 498 1457 innotuerant,
527 1411 705 1465 Lydiam,
749 1413 816 1449 ubi
850 1413 942 1449 olim
979 1413 1043 1449 ille
1072 1419 1274 1462 regnarat,
1314 1413 1572 1462 perlustranti.
1640 1413 1740 1448 Hinc

239 1470 366 1505 statim
394 1476 478 1520 post
507 1470 748 1507 mentionem
782 1470 974 1516 rixarum,
1023 1482 1120 1520 quae
1160 1470 1258 1505 inter
1293 1470 1457 1506 Graecos
1500 1469 1741 1519 barbarosve,

241 1525 378 1576 quibus
400 1525 620 1564 enarrandis
640 1539 754 1564 suum
783 1539 878 1577 opus
909 1525 1124 1573 destinarat,
1147 1522 1191 1575 ᾗ)
1223 1526 1316 1562 olim
1345 1533 1500 1563 exortae
1519 1527 1560 1562 iu
1580 1527 1684 1562 Darii
1705 1532 1743 1563 et

239 1582 380 1619 Xerxis
420 1582 726 1633 expeditionibus
765 1584 872 1635 quasi
898 1583 1080 1633 repetitae
1114 1581 1308 1634 finemque
1354 1590 1545 1620 assecutae
1584 1581 1744 1620 videan-

239 1644 314 1686 tur,
334 1639 514 1676 narrandi
532 1641 685 1677 initium
699 1641 790 1677 facit
810 1653 832 1676 a
853 1640 993 1676 Croeso
1008 1637 1140 1690 Lydo,
1172 1640 1371 1691 quoniam,
1393 1641 1476 1687 nisi,
1503 1652 1602 1691 quae
1633 1639 1742 1676 bellis

239 1695 374 1732 Persas
394 1696 492 1732 inter
518 1704 632 1748 atque
646 1699 809 1734 Graecos
830 1697 942 1746 gestis
963 1697 1140 1746 proxime
1160 1698 1441 1744 antecesserint,
1458 1702 1633 1733 accurate
1647 1708 1742 1746 cog-

240 1753 363 1801 noris,
421 1751 516 1790 haec
546 1754 628 1805 ipsa
662 1754 764 1791 bella
803 1765 1015 1806 eorumque
1044 1754 1209 1790 rationes
1230 1760 1267 1791 et
1290 1766 1420 1792 causas
1440 1753 1506 1793 vix
1533 1754 1604 1790 rite
1623 1753 1742 1790 intel-

239 1808 390 1849 lexeris.
411 1806 484 1860 Μ)

335 1999 369 2043 *)
392 1999 470 2032 Vid.
495 1998 591 2033 modo
599 1998 727 2053 opeiis
750 1995 971 2053 prooemium:
1013 1993 1223 2053 Ηροδότου
1256 1994 1552 2041 Αλικαρνησσῆος
1580 1996 1744 2041 ἱστορίης

242 2041 420 2086 ἀπόδεξις
446 2041 534 2088 ἥδε·
580 2042 630 2084 ὡς
655 2042 750 2099 μήτε
772 2056 820 2078 τοι
854 2041 1032 2087 γενόμενα
1056 2042 1093 2085 ἐξ
1123 2040 1350 2097 ἀνθρώπων
1363 2044 1413 2088 τῷ
1440 2042 1559 2099 χρόνῳ
1596 2041 1744 2098 ἐξίτηλα

241 2090 412 2143 γένηται,
428 2089 531 2145 μήτε
554 2089 642 2134 ἔργα
660 2089 798 2134 μεγάλοι
817 2101 856 2124 τε
874 2089 937 2123 καὶ
955 2088 1163 2133 θωυμαστὰ
1185 2088 1230 2123 τὰ
1252 2087 1293 2132 μὲ
1298 2102 1318 2122 ν
1340 2078 1488 2133 Ἐλλησι
1517 2088 1564 2123 τὰ
1592 2087 1631 2122 δὲ
1652 2089 1743 2134 βαρ-

243 2133 394 2194 βαροισι
412 2132 530 2171 (ἶποδ
519 2137 602 2180 χθέ
597 2149 672 2170 ντα
698 2135 810 2170 ακλεᾶ
837 2133 1005 2179 γένηται·
1043 2134 1100 2169 τά
1139 2147 1184 2169 τε
1220 2131 1363 2177 ἄλλα,
1405 2134 1485 2168 καὶ
1518 2132 1572 2169 δι’
1598 2153 1600 2156 v
1600 2147 1656 2178 ην
1686 2135 1745 2168 αἰ-

242 2184 324 2227 τίην
343 2181 638 2226 επολέμησαν
672 2180 931 2226 αλλήλοισι
955 2181 1041 2223 (ubi,
1067 2182 1156 2226 quod
1181 2182 1244 2215 hoc
1268 2182 1340 2214 loco
1366 2181 1630 2235 addereplacet,
1656 2182 1744 2224 Aug.

243 2229 445 2263 Matthiae
436 2241 470 2262 ιιι
495 2229 736 2273 premeridd.
768 2229 1029 2262 lenenss.1828
1060 2238 1111 2262 nr.
1137 2228 1200 2260 169
1224 2239 1258 2271 p.
1282 2227 1348 2260 389
1373 2224 1420 2259 τά
1449 2237 1488 2259 τε
1529 2223 1622 2259 ἄλλα
1647 2227 1744 2260 reddi

243 2275 330 2308 vult:
379 2287 483 2319 quam
512 2276 666 2319 reliqua,
701 2275 864 2327 quoniam
888 2275 920 2307 in
944 2273 1223 2306 antecedentibus
1246 2283 1348 2305 sensu
1370 2272 1503 2316 quidem
1529 2273 1745 2306 contineatur

243 2322 384 2354 verbum
409 2321 485 2364 our,
486 2323 629 2354 εῖσθαι.
699 2322 767 2354 Sed
784 2321 832 2353 ita
856 2319 922 2352 iarn
947 2318 1256 2361 W3ttenbachius,
1284 2329 1384 2362 quem
1406 2317 1602 2361 attulimus,
1635 2319 1744 2353 locum

244 2366 459 2401 intellexexat
483 2367 517 2400 in
543 2367 686 2400 Selectt.
710 2365 896 2399 Historicc.
921 2376 954 2409 p.
980 2365 1080 2407 338)

337 2435 386 2479 ²⁴)
410 2434 605 2468 Herodotus
627 2434 655 2468 si
680 2433 897 2476 chronologia
914 2431 999 2465 duce
1023 2431 1198 2464 historiam
1224 2443 1388 2465 enarrare
1411 2432 1586 2474 voluisset,
1613 2433 1655 2466 ab
1681 2434 1746 2466 As-

245 2480 345 2523 syriis
369 2481 483 2525 potius
507 2480 678 2525 proficisci
701 2480 847 2524 indeque
871 2478 913 2512 ad
940 2477 1062 2512 Medos
1079 2478 1269 2523 Persasque
1294 2484 1328 2511 ct
1351 2479 1393 2511 ad
1419 2479 1513 2512 bella
1531 2490 1604 2512 cum
1630 2479 1746 2512 Grae·

246 2528 294 2559 cis
317 2534 415 2570 gesta
440 2527 647 2560 descendere
670 2536 849 2570 rerumque
873 2524 1000 2558 luston
996 2535 1046 2557 ιιιι
1071 2523 1112 2556 ad
1138 2536 1199 2557 sua
1222 2536 1270 2556 us·
1266 2536 1328 2569 que
1353 2529 1509 2568 tempora
1545 2524 1745 2558 continuare

247 2572 431 2606 debuisset.
484 2573 608 2618 Neque
630 2585 712 2606 veio
735 2574 806 2606 tale
833 2571 911 2604 unii
915 2570 1024 2603 ersile
1049 2570 1137 2613 quod
1163 2570 1278 2603 dicunt
1304 2571 1466 2603 historiae
1490 2582 1574 2615 opus
1593 2570 1649 2603 ille
1665 2581 1745 2603 con-

246 2616 331 2650 dere
354 2619 476 2660 voluit,
502 2631 703 2664 quamquam
727 2618 827 2662 quale
851 2629 938 2650 nunc
962 2620 1093 2657 exstat,
1128 2616 1206 2649 talis
1231 2618 1345 2660 operis
1368 2617 1461 2649 xices
1498 2617 1613 2661 utique
1646 2615 1744 2649 nobis

247 2664 413 2697 sustinere
446 2665 564 2706 debet3
608 2666 668 2698 sed
701 2665 790 2698 bella
819 2663 1038 2696 barbarorum
1072 2673 1145 2694 cum
1182 2662 1330 2695 Graecis
1363 2673 1524 2695 ena-irraie
1549 2668 1585 2695 et.
1608 2661 1743 2715 quidem

247 2707 331 2752 ipsis
356 2710 500 2743 Graecis
523 2711 559 2744 in
583 2712 690 2744 animo
716 2710 851 2750 habuit3
877 2708 992 2753 itaque
1020 2708 1063 2740 ab
1088 2719 1129 2741 ea
1154 2712 1244 2741 teria
1263 2709 1394 2741 exordi‘
1399 2719 1458 2749 nr,
1483 2719 1570 2752 quae
1593 2707 1744 2740 rixarum

247 2754 390 2787 omnium
415 2756 508 2798 0ιίςο
534 2762 570 2789 et
594 2757 689 2801 quasi
711 2758 785 2790 fons
811 2757 1020 2788 Graecorum
1046 2765 1104 2786 ora
1130 2755 1273 2787 maxime
1298 2755 1330 2787 in
1357 2766 1393 2787 se
1417 2757 1655 2794 converterat3
1689 2758 1745 2785 at-

247 2811 314 2843 que
330 2813 348 2833 e
372 2801 485 2844 Lydia
508 2801 638 2836 demum
663 2803 705 2836 ad
729 2803 907 2835 Persarum
933 2811 973 2833 ac
996 2799 1154 2842 deinceps
1187 2800 1230 2834 ad
1265 2801 1415 2834 Graeco:
1415 2811 1478 2833 um
1515 2811 1569 2834 res
1603 2798 1742 2832 transit.

251 2845 387 2880 Monuit.
413 2847 575 2884 Creuzer.
602 2850 694 2883 Hist.
720 2849 836 2882 Kunst.
860 2847 892 2883 d.
920 2847 983 2882 Gr.
1007 2857 1041 2892 p.
1068 2846 1145 2880 138
