<?xml version="1.0" encoding="UTF-8"?>
<!DOCTYPE html PUBLIC "-//W3C//DTD XHTML 1.0 Transitional//EN"
    "http://www.w3.org/TR/xhtml1/DTD/xhtml1-transitional.dtd">
<html xmlns="http://www.w3.org/1999/xhtml" xml:lang="en" lang="en">
 <head>
  <title>
</title>
<meta http-equiv="Content-Type" content="text/html;charset=utf-8" />
  <meta name='ocr-system' content='tesseract 3.04.00' />
  <meta name='ocr-capabilities' content='ocr_page ocr_carea ocr_par ocr_line ocrx_word'/>
</head>
<body>
  <div class='ocr_page' id='page_1' title='image "./musaeher04hero/musaeher04hero_0456.png"; bbox 0 0 1839 3292; ppageno 0'>
   <div class='ocr_carea' id='block_1_1' title="bbox 261 192 347 234">
    <p class='ocr_par' dir='ltr' id='par_1_1' title="bbox 261 192 347 234">
     <span class='ocr_line' id='line_1_1' title="bbox 261 192 347 234; baseline -0.023 0"><span class='ocrx_word' id='word_1_1' title='bbox 261 192 347 234; x_wconf 74' lang='lat'>448</span> 
     </span>
    </p>
   </div>
   <div class='ocr_carea' id='block_1_2' title="bbox 262 297 991 2050">
    <p class='ocr_par' dir='ltr' id='par_1_2' title="bbox 306 297 985 566">
     <span class='ocr_line' id='line_1_2' title="bbox 307 297 981 344; baseline -0.009 -9"><span class='ocrx_word' id='word_1_2' title='bbox 307 299 423 335; x_wconf 85' lang='lat' dir='ltr'>Persis</span> <span class='ocrx_word' id='word_1_3' title='bbox 445 300 523 343; x_wconf 84' lang='lat' dir='ltr'>post</span> <span class='ocrx_word' id='word_1_4' title='bbox 544 308 700 344; x_wconf 82' lang='lat' dir='ltr'>pugnam</span> <span class='ocrx_word' id='word_1_5' title='bbox 720 297 981 331; x_wconf 76' lang='lat' dir='ltr'>Marathoniam</span> 
     </span>
     <span class='ocr_line' id='line_1_3' title="bbox 307 344 982 389; baseline -0.009 -8"><span class='ocrx_word' id='word_1_6' title='bbox 307 358 350 381; x_wconf 84' lang='lat' dir='ltr'>ex</span> <span class='ocrx_word' id='word_1_7' title='bbox 382 345 571 389; x_wconf 75' lang='lat' dir='ltr'>composito</span> <span class='ocrx_word' id='word_1_8' title='bbox 602 344 781 378; x_wconf 80' lang='lat' dir='ltr'>sustulisse</span> <span class='ocrx_word' id='word_1_9' title='bbox 810 344 982 387; x_wconf 81' lang='lat' dir='ltr'>feruntur,</span> 
     </span>
     <span class='ocr_line' id='line_1_4' title="bbox 308 390 983 435; baseline -0.009 -8"><span class='ocrx_word' id='word_1_10' title='bbox 308 393 366 435; x_wconf 74' lang='lat' dir='ltr'>w,</span> <span class='ocrx_word' id='word_1_11' title='bbox 390 391 456 426; x_wconf 85' lang='lat'>115</span> <span class='ocrx_word' id='word_1_12' title='bbox 481 396 552 425; x_wconf 85' lang='lat' dir='ltr'>not.</span> <span class='ocrx_word' id='word_1_13' title='bbox 581 391 670 433; x_wconf 90' lang='lat' dir='ltr'>quod</span> <span class='ocrx_word' id='word_1_14' title='bbox 696 392 799 433; x_wconf 83' lang='lat' dir='ltr'>negat</span> <span class='ocrx_word' id='word_1_15' title='bbox 824 390 983 422; x_wconf 75' lang='lat' dir='ltr'>Herodo-</span> 
     </span>
     <span class='ocr_line' id='line_1_5' title="bbox 308 435 985 481; baseline -0.012 -7"><span class='ocrx_word' id='word_1_16' title='bbox 308 443 377 481; x_wconf 76' lang='lat' dir='ltr'>tus,</span> <span class='ocrx_word' id='word_1_17' title='bbox 403 437 537 478; x_wconf 68' lang='lat' dir='ltr'>v1,1·.’.1</span> <span class='ocrx_word' id='word_1_18' title='bbox 562 442 631 470; x_wconf 90' lang='lat' dir='ltr'>not.</span> <span class='ocrx_word' id='word_1_19' title='bbox 659 435 738 469; x_wconf 78' lang='lat'>124.</span> <span class='ocrx_word' id='word_1_20' title='bbox 763 435 985 470; x_wconf 75' lang='lat' dir='ltr'>Alcmaeoni-</span> 
     </span>
     <span class='ocr_line' id='line_1_6' title="bbox 309 479 984 526; baseline -0.007 -7"><span class='ocrx_word' id='word_1_21' title='bbox 309 486 434 519; x_wconf 78' lang='lat' dir='ltr'>durum</span> <span class='ocrx_word' id='word_1_22' title='bbox 461 494 544 526; x_wconf 87' lang='lat' dir='ltr'>opes</span> <span class='ocrx_word' id='word_1_23' title='bbox 568 486 603 516; x_wconf 87' lang='lat' dir='ltr'>et</span> <span class='ocrx_word' id='word_1_24' title='bbox 627 481 795 516; x_wconf 80' lang='lat' dir='ltr'>victoriae</span> <span class='ocrx_word' id='word_1_25' title='bbox 826 482 882 523; x_wconf 62' lang='lat' dir='ltr'>xl,</span> <span class='ocrx_word' id='word_1_26' title='bbox 917 479 984 515; x_wconf 76' lang='lat'>125</span> 
     </span>
     <span class='ocr_line' id='line_1_7' title="bbox 306 529 486 566; baseline -0.017 0"><span class='ocrx_word' id='word_1_27' title='bbox 306 535 377 566; x_wconf 86' lang='lat' dir='ltr'>not.</span> <span class='ocrx_word' id='word_1_28' title='bbox 406 529 486 563; x_wconf 77' lang='grc'><strong>126.</strong></span> 
     </span>
    </p>

    <p class='ocr_par' dir='ltr' id='par_1_3' title="bbox 262 571 989 657">
     <span class='ocr_line' id='line_1_8' title="bbox 262 571 989 617; baseline -0.01 -5"><span class='ocrx_word' id='word_1_29' title='bbox 262 579 439 617; x_wconf 81' lang='lat' dir='ltr'><strong><em>Alcmena,</em></strong></span> <span class='ocrx_word' id='word_1_30' title='bbox 473 576 586 608; x_wconf 82' lang='lat' dir='ltr'>mater</span> <span class='ocrx_word' id='word_1_31' title='bbox 615 572 788 614; x_wconf 87' lang='lat' dir='ltr'>Herculis,</span> <span class='ocrx_word' id='word_1_32' title='bbox 842 573 890 617; x_wconf 93' lang='grc' dir='ltr'>ΙΙ,</span> <span class='ocrx_word' id='word_1_33' title='bbox 930 571 989 615; x_wconf 85' lang='grc'>43,</span> 
     </span>
     <span class='ocr_line' id='line_1_9' title="bbox 309 621 387 657; baseline -0.013 0"><span class='ocrx_word' id='word_1_34' title='bbox 309 621 387 657; x_wconf 75' lang='lat'>145.</span> 
     </span>
    </p>

    <p class='ocr_par' dir='ltr' id='par_1_4' title="bbox 263 664 986 756">
     <span class='ocr_line' id='line_1_10' title="bbox 263 664 986 710; baseline -0.006 -7"><span class='ocrx_word' id='word_1_35' title='bbox 263 670 369 703; x_wconf 81' lang='lat' dir='ltr'>Alcon</span> <span class='ocrx_word' id='word_1_36' title='bbox 400 666 576 701; x_wconf 81' lang='lat' dir='ltr'>Molossus</span> <span class='ocrx_word' id='word_1_37' title='bbox 598 676 618 699; x_wconf 90' lang='lat' dir='ltr'>e</span> <span class='ocrx_word' id='word_1_38' title='bbox 646 664 764 710; x_wconf 81' lang='lat' dir='ltr'>procis</span> <span class='ocrx_word' id='word_1_39' title='bbox 786 665 986 710; x_wconf 82' lang='lat' dir='ltr'>Agaristae,</span> 
     </span>
     <span class='ocr_line' id='line_1_11' title="bbox 310 713 472 756; baseline -0.012 -8"><span class='ocrx_word' id='word_1_40' title='bbox 310 715 369 756; x_wconf 72' lang='lat' dir='ltr'>VI,</span> <span class='ocrx_word' id='word_1_41' title='bbox 392 713 472 747; x_wconf 89' lang='grc'><strong>127.</strong></span> 
     </span>
    </p>

    <p class='ocr_par' dir='ltr' id='par_1_5' title="bbox 264 756 886 801">
     <span class='ocr_line' id='line_1_12' title="bbox 264 756 886 801; baseline -0.008 -6"><span class='ocrx_word' id='word_1_42' title='bbox 264 761 410 795; x_wconf 71' lang='grc' dir='ltr'>Αῑεαᾱεε</span> <span class='ocrx_word' id='word_1_43' title='bbox 432 759 512 793; x_wconf 68' lang='lat' dir='ltr'>vide</span> <span class='ocrx_word' id='word_1_44' title='bbox 537 758 680 792; x_wconf 82' lang='lat' dir='ltr'>Cleades</span> <span class='ocrx_word' id='word_1_45' title='bbox 704 757 784 800; x_wconf 74' lang='lat' dir='ltr'>(lx,</span> <span class='ocrx_word' id='word_1_46' title='bbox 809 756 886 801; x_wconf 83' lang='lat'>85.)</span> 
     </span>
    </p>

    <p class='ocr_par' dir='ltr' id='par_1_6' title="bbox 264 803 987 941">
     <span class='ocr_line' id='line_1_13' title="bbox 264 803 987 847; baseline -0.01 -5"><span class='ocrx_word' id='word_1_47' title='bbox 264 809 369 842; x_wconf 85' lang='lat' dir='ltr'><em>Aleae</em></span> <span class='ocrx_word' id='word_1_48' title='bbox 387 806 490 840; x_wconf 78' lang='lat' dir='ltr'>ludus</span> <span class='ocrx_word' id='word_1_49' title='bbox 512 816 534 838; x_wconf 83' lang='lat' dir='ltr'>a</span> <span class='ocrx_word' id='word_1_50' title='bbox 553 804 835 847; x_wconf 60' lang='lat' dir='ltr'>Lydis-inventus,</span> <span class='ocrx_word' id='word_1_51' title='bbox 847 803 987 844; x_wconf 68' lang='lat' dir='ltr'>l‚!)}.—-</span> 
     </span>
     <span class='ocr_line' id='line_1_14' title="bbox 308 849 987 894; baseline -0.007 -6"><span class='ocrx_word' id='word_1_52' title='bbox 308 854 408 888; x_wconf 84' lang='lat' dir='ltr'>aleae</span> <span class='ocrx_word' id='word_1_53' title='bbox 427 853 523 885; x_wconf 86' lang='lat' dir='ltr'>lusus</span> <span class='ocrx_word' id='word_1_54' title='bbox 533 849 669 884; x_wconf 86' lang='lat' dir='ltr'>Cereris</span> <span class='ocrx_word' id='word_1_55' title='bbox 692 854 726 884; x_wconf 90' lang='lat' dir='ltr'>et</span> <span class='ocrx_word' id='word_1_56' title='bbox 735 850 987 894; x_wconf 86' lang='lat' dir='ltr'>Rhampsiniti‚</span> 
     </span>
     <span class='ocr_line' id='line_1_15' title="bbox 309 898 545 941; baseline -0.013 -8"><span class='ocrx_word' id='word_1_57' title='bbox 309 899 356 941; x_wconf 82' lang='grc' dir='ltr'>ΙΙ,</span> <span class='ocrx_word' id='word_1_58' title='bbox 380 898 449 933; x_wconf 84' lang='grc'>122</span> <span class='ocrx_word' id='word_1_59' title='bbox 472 901 545 931; x_wconf 90' lang='lat' dir='ltr'>not.</span> 
     </span>
    </p>

    <p class='ocr_par' dir='ltr' id='par_1_7' title="bbox 264 941 986 1034">
     <span class='ocr_line' id='line_1_16' title="bbox 264 941 986 987; baseline -0.008 -6"><span class='ocrx_word' id='word_1_60' title='bbox 264 947 369 981; x_wconf 82' lang='lat' dir='ltr'><strong><em>Aleae</em></strong></span> <span class='ocrx_word' id='word_1_61' title='bbox 399 944 592 983; x_wconf 77' lang='lat' dir='ltr'>Minervae,</span> <span class='ocrx_word' id='word_1_62' title='bbox 622 941 794 985; x_wconf 88' lang='lat' dir='ltr'>templum</span> <span class='ocrx_word' id='word_1_63' title='bbox 831 942 986 987; x_wconf 85' lang='lat' dir='ltr'>Tegeae,</span> 
     </span>
     <span class='ocr_line' id='line_1_17' title="bbox 310 987 671 1034; baseline -0.014 -9"><span class='ocrx_word' id='word_1_64' title='bbox 310 993 338 1034; x_wconf 91' lang='lat' dir='ltr'>I,</span> <span class='ocrx_word' id='word_1_65' title='bbox 363 991 408 1024; x_wconf 89' lang='grc'>66</span> <span class='ocrx_word' id='word_1_66' title='bbox 431 995 502 1023; x_wconf 88' lang='lat' dir='ltr'>not.</span> <span class='ocrx_word' id='word_1_67' title='bbox 526 989 590 1030; x_wconf 76' lang='lat' dir='ltr'>lx,</span> <span class='ocrx_word' id='word_1_68' title='bbox 614 987 671 1021; x_wconf 79' lang='lat'>70.</span> 
     </span>
    </p>

    <p class='ocr_par' dir='ltr' id='par_1_8' title="bbox 263 1030 989 1122">
     <span class='ocr_line' id='line_1_18' title="bbox 263 1030 989 1079; baseline -0.01 -6"><span class='ocrx_word' id='word_1_69' title='bbox 263 1039 380 1073; x_wconf 74' lang='lat' dir='ltr'>Ateius</span> <span class='ocrx_word' id='word_1_70' title='bbox 412 1047 554 1079; x_wconf 77' lang='lat' dir='ltr'>campus</span> <span class='ocrx_word' id='word_1_71' title='bbox 586 1031 647 1074; x_wconf 85' lang='grc' dir='ltr'>(τὸ</span> <span class='ocrx_word' id='word_1_72' title='bbox 666 1030 804 1078; x_wconf 76' lang='grc' dir='ltr'><em>Ἀλήϊον</em></span> <span class='ocrx_word' id='word_1_73' title='bbox 827 1032 989 1078; x_wconf 79' lang='grc' dir='ltr'><strong><em>πεδίον),</em></strong></span> 
     </span>
     <span class='ocr_line' id='line_1_19' title="bbox 311 1078 712 1122; baseline -0.01 -5"><span class='ocrx_word' id='word_1_74' title='bbox 311 1083 466 1122; x_wconf 82' lang='lat' dir='ltr'>Ciliciae,</span> <span class='ocrx_word' id='word_1_75' title='bbox 491 1081 548 1122; x_wconf 72' lang='lat' dir='ltr'>vl,</span> <span class='ocrx_word' id='word_1_76' title='bbox 573 1078 618 1114; x_wconf 80' lang='lat'>95</span> <span class='ocrx_word' id='word_1_77' title='bbox 641 1084 712 1113; x_wconf 89' lang='lat' dir='ltr'>not.</span> 
     </span>
    </p>

    <p class='ocr_par' dir='ltr' id='par_1_9' title="bbox 264 1126 721 1170">
     <span class='ocr_line' id='line_1_20' title="bbox 264 1126 721 1170; baseline -0.013 -5"><span class='ocrx_word' id='word_1_78' title='bbox 264 1133 388 1170; x_wconf 81' lang='lat' dir='ltr'><em>Aletes,</em></span> <span class='ocrx_word' id='word_1_79' title='bbox 413 1129 455 1170; x_wconf 73' lang='lat' dir='ltr'>V,</span> <span class='ocrx_word' id='word_1_80' title='bbox 478 1127 524 1161; x_wconf 85' lang='grc'>92</span> <span class='ocrx_word' id='word_1_81' title='bbox 548 1129 580 1169; x_wconf 61' lang='grc' dir='ltr'>ἓ.</span> <span class='ocrx_word' id='word_1_82' title='bbox 604 1126 626 1159; x_wconf 91' lang='grc'><strong>2</strong></span> <span class='ocrx_word' id='word_1_83' title='bbox 650 1130 721 1159; x_wconf 88' lang='lat' dir='ltr'>not.</span> 
     </span>
    </p>

    <p class='ocr_par' dir='ltr' id='par_1_10' title="bbox 263 1170 990 1540">
     <span class='ocr_line' id='line_1_21' title="bbox 263 1170 989 1217; baseline -0.011 -5"><span class='ocrx_word' id='word_1_84' title='bbox 263 1176 462 1216; x_wconf 70' lang='lat' dir='ltr'>Alcuaclae,</span> <span class='ocrx_word' id='word_1_85' title='bbox 492 1172 700 1207; x_wconf 79' lang='lat' dir='ltr'><strong>Thessaliae</strong></span> <span class='ocrx_word' id='word_1_86' title='bbox 726 1182 839 1217; x_wconf 86' lang='lat' dir='ltr'>reges,</span> <span class='ocrx_word' id='word_1_87' title='bbox 866 1170 942 1212; x_wconf 62' lang='lat' dir='ltr'>VII,</span> <span class='ocrx_word' id='word_1_88' title='bbox 966 1170 989 1204; x_wconf 90' lang='grc'><strong>6</strong></span> 
     </span>
     <span class='ocr_line' id='line_1_22' title="bbox 308 1218 989 1257; baseline -0.009 -1"><span class='ocrx_word' id='word_1_89' title='bbox 308 1227 378 1257; x_wconf 86' lang='lat' dir='ltr'>not.</span> <span class='ocrx_word' id='word_1_90' title='bbox 403 1221 471 1255; x_wconf 83' lang='lat'>130</span> <span class='ocrx_word' id='word_1_91' title='bbox 505 1225 574 1253; x_wconf 91' lang='lat' dir='ltr'>not.</span> <span class='ocrx_word' id='word_1_92' title='bbox 600 1219 746 1252; x_wconf 79' lang='lat' dir='ltr'>nuncios</span> <span class='ocrx_word' id='word_1_93' title='bbox 769 1218 812 1251; x_wconf 83' lang='lat' dir='ltr'>ad</span> <span class='ocrx_word' id='word_1_94' title='bbox 838 1218 989 1250; x_wconf 83' lang='lat' dir='ltr'>Xerxem</span> 
     </span>
     <span class='ocr_line' id='line_1_23' title="bbox 309 1265 990 1303; baseline -0.009 -1"><span class='ocrx_word' id='word_1_95' title='bbox 309 1268 451 1303; x_wconf 88' lang='lat' dir='ltr'>mittunt</span> <span class='ocrx_word' id='word_1_96' title='bbox 474 1270 513 1301; x_wconf 88' lang='lat' dir='ltr'>ut</span> <span class='ocrx_word' id='word_1_97' title='bbox 536 1271 715 1299; x_wconf 82' lang='lat' dir='ltr'>succurrat</span> <span class='ocrx_word' id='word_1_98' title='bbox 737 1270 858 1297; x_wconf 70' lang='lat' dir='ltr'>contra</span> <span class='ocrx_word' id='word_1_99' title='bbox 876 1265 990 1298; x_wconf 84' lang='lat' dir='ltr'>Grae-</span> 
     </span>
     <span class='ocr_line' id='line_1_24' title="bbox 309 1310 988 1352; baseline -0.009 -4"><span class='ocrx_word' id='word_1_100' title='bbox 309 1327 380 1348; x_wconf 84' lang='lat' dir='ltr'>cos.</span> <span class='ocrx_word' id='word_1_101' title='bbox 415 1313 498 1347; x_wconf 73' lang='lat' dir='ltr'>ibid.</span> <span class='ocrx_word' id='word_1_102' title='bbox 534 1311 716 1345; x_wconf 83' lang='lat' dir='ltr'>Thessalis</span> <span class='ocrx_word' id='word_1_103' title='bbox 746 1310 878 1352; x_wconf 84' lang='lat' dir='ltr'>invitis,</span> <span class='ocrx_word' id='word_1_104' title='bbox 913 1310 988 1351; x_wconf 72' lang='grc' dir='ltr'>ΠΙ,</span> 
     </span>
     <span class='ocr_line' id='line_1_25' title="bbox 307 1357 988 1397; baseline -0.009 -2"><span class='ocrx_word' id='word_1_105' title='bbox 307 1361 390 1396; x_wconf 82' lang='grc'><strong>172.</strong></span> <span class='ocrx_word' id='word_1_106' title='bbox 419 1360 464 1393; x_wconf 81' lang='lat' dir='ltr'>cf.</span> <span class='ocrx_word' id='word_1_107' title='bbox 490 1370 519 1393; x_wconf 92' lang='lat' dir='ltr'>c.</span> <span class='ocrx_word' id='word_1_108' title='bbox 544 1357 613 1392; x_wconf 83' lang='lat'>130</span> <span class='ocrx_word' id='word_1_109' title='bbox 635 1358 694 1390; x_wconf 88' lang='lat' dir='ltr'>fin.</span> <span class='ocrx_word' id='word_1_110' title='bbox 721 1377 763 1382; x_wconf 85' lang='lat'><em>-</em></span> <span class='ocrx_word' id='word_1_111' title='bbox 797 1357 988 1397; x_wconf 62' lang='lat' dir='ltr'>Meuaniae,</span> 
     </span>
     <span class='ocr_line' id='line_1_26' title="bbox 303 1404 989 1452; baseline -0.007 -11"><span class='ocrx_word' id='word_1_112' title='bbox 303 1410 408 1452; x_wconf 81' lang='lat' dir='ltr'>fuere</span> <span class='ocrx_word' id='word_1_113' title='bbox 432 1406 579 1439; x_wconf 80' lang='lat' dir='ltr'>Thorax</span> <span class='ocrx_word' id='word_1_114' title='bbox 603 1404 819 1445; x_wconf 84' lang='lat' dir='ltr'><strong><em>Larissaeus,</em></strong></span> <span class='ocrx_word' id='word_1_115' title='bbox 852 1404 989 1447; x_wconf 77' lang='lat' dir='ltr'>eiusque</span> 
     </span>
     <span class='ocr_line' id='line_1_27' title="bbox 304 1450 989 1497; baseline -0.006 -11"><span class='ocrx_word' id='word_1_116' title='bbox 304 1456 442 1497; x_wconf 82' lang='lat' dir='ltr'>fratres</span> <span class='ocrx_word' id='word_1_117' title='bbox 481 1450 715 1495; x_wconf 76' lang='lat' dir='ltr'>Eurysipylus</span> <span class='ocrx_word' id='word_1_118' title='bbox 754 1455 789 1483; x_wconf 82' lang='lat' dir='ltr'>et</span> <span class='ocrx_word' id='word_1_119' title='bbox 821 1450 989 1483; x_wconf 78' lang='lat' dir='ltr'>Traside-</span> 
     </span>
     <span class='ocr_line' id='line_1_28' title="bbox 310 1497 546 1540; baseline -0.008 -7"><span class='ocrx_word' id='word_1_120' title='bbox 310 1500 376 1540; x_wconf 85' lang='lat' dir='ltr'>ius,</span> <span class='ocrx_word' id='word_1_121' title='bbox 401 1499 464 1540; x_wconf 74' lang='lat' dir='ltr'>IX,</span> <span class='ocrx_word' id='word_1_122' title='bbox 489 1497 546 1532; x_wconf 81' lang='lat'>58.</span> 
     </span>
    </p>

    <p class='ocr_par' dir='ltr' id='par_1_11' title="bbox 265 1542 991 1908">
     <span class='ocr_line' id='line_1_29' title="bbox 265 1542 989 1586; baseline -0.007 -7"><span class='ocrx_word' id='word_1_123' title='bbox 265 1545 471 1586; x_wconf 69' lang='lat' dir='ltr'>Aleoeandsr,</span> <span class='ocrx_word' id='word_1_124' title='bbox 520 1542 655 1577; x_wconf 78' lang='lat' dir='ltr'><strong>Priami</strong></span> <span class='ocrx_word' id='word_1_125' title='bbox 679 1542 785 1582; x_wconf 83' lang='lat' dir='ltr'>filius,</span> <span class='ocrx_word' id='word_1_126' title='bbox 831 1542 989 1576; x_wconf 82' lang='lat' dir='ltr'>Helenae</span> 
     </span>
     <span class='ocr_line' id='line_1_30' title="bbox 310 1588 989 1635; baseline -0.007 -9"><span class='ocrx_word' id='word_1_127' title='bbox 310 1596 441 1635; x_wconf 82' lang='lat' dir='ltr'>raptor,</span> <span class='ocrx_word' id='word_1_128' title='bbox 464 1590 493 1631; x_wconf 84' lang='grc' dir='ltr'>Ι,</span> <span class='ocrx_word' id='word_1_129' title='bbox 517 1590 550 1623; x_wconf 95' lang='grc'>3.</span> <span class='ocrx_word' id='word_1_130' title='bbox 575 1590 620 1631; x_wconf 90' lang='grc' dir='ltr'>ΙΙ,</span> <span class='ocrx_word' id='word_1_131' title='bbox 645 1588 724 1624; x_wconf 91' lang='grc'><strong>113.</strong></span> <span class='ocrx_word' id='word_1_132' title='bbox 748 1588 784 1621; x_wconf 85' lang='lat' dir='ltr'>vi</span> <span class='ocrx_word' id='word_1_133' title='bbox 806 1593 989 1621; x_wconf 86' lang='lat' dir='ltr'>ventorum</span> 
     </span>
     <span class='ocr_line' id='line_1_31' title="bbox 309 1635 989 1681; baseline -0.006 -10"><span class='ocrx_word' id='word_1_134' title='bbox 309 1638 346 1672; x_wconf 86' lang='lat' dir='ltr'>in</span> <span class='ocrx_word' id='word_1_135' title='bbox 391 1640 593 1681; x_wconf 81' lang='lat' dir='ltr'>Aegyptum</span> <span class='ocrx_word' id='word_1_136' title='bbox 634 1635 780 1676; x_wconf 88' lang='lat' dir='ltr'>delatus,</span> <span class='ocrx_word' id='word_1_137' title='bbox 816 1635 989 1668; x_wconf 81' lang='lat' dir='ltr'>Helenam</span> 
     </span>
     <span class='ocr_line' id='line_1_32' title="bbox 310 1681 991 1726; baseline -0.007 -8"><span class='ocrx_word' id='word_1_138' title='bbox 310 1688 346 1718; x_wconf 87' lang='lat' dir='ltr'>et</span> <span class='ocrx_word' id='word_1_139' title='bbox 370 1695 451 1726; x_wconf 88' lang='lat' dir='ltr'>opes</span> <span class='ocrx_word' id='word_1_140' title='bbox 475 1683 636 1715; x_wconf 83' lang='lat' dir='ltr'>Menelao</span> <span class='ocrx_word' id='word_1_141' title='bbox 659 1685 776 1724; x_wconf 78' lang='lat' dir='ltr'>ruptas</span> <span class='ocrx_word' id='word_1_142' title='bbox 794 1681 991 1723; x_wconf 74' lang='lat' dir='ltr'>relinquere</span> 
     </span>
     <span class='ocr_line' id='line_1_33' title="bbox 311 1726 988 1770; baseline -0.006 -6"><span class='ocrx_word' id='word_1_143' title='bbox 311 1735 461 1770; x_wconf 80' lang='lat' dir='ltr'>coactus,</span> <span class='ocrx_word' id='word_1_144' title='bbox 485 1729 532 1770; x_wconf 95' lang='grc' dir='ltr'>ΙΙ,</span> <span class='ocrx_word' id='word_1_145' title='bbox 556 1726 752 1761; x_wconf 80' lang='grc'><strong>113-115,</strong></span> <span class='ocrx_word' id='word_1_146' title='bbox 786 1727 831 1762; x_wconf 81' lang='lat' dir='ltr'>cf.</span> <span class='ocrx_word' id='word_1_147' title='bbox 855 1739 883 1760; x_wconf 89' lang='lat' dir='ltr'>c.</span> <span class='ocrx_word' id='word_1_148' title='bbox 911 1728 988 1760; x_wconf 91' lang='grc'><strong>116.</strong></span> 
     </span>
     <span class='ocr_line' id='line_1_34' title="bbox 310 1773 990 1820; baseline -0.004 -10"><span class='ocrx_word' id='word_1_149' title='bbox 310 1776 346 1810; x_wconf 86' lang='lat' dir='ltr'>in</span> <span class='ocrx_word' id='word_1_150' title='bbox 372 1775 509 1820; x_wconf 71' lang='lat' dir='ltr'>Cypriis</span> <span class='ocrx_word' id='word_1_151' title='bbox 532 1785 614 1806; x_wconf 84' lang='lat' dir='ltr'>vero</span> <span class='ocrx_word' id='word_1_152' title='bbox 638 1773 850 1807; x_wconf 82' lang='lat' dir='ltr'>carminibus</span> <span class='ocrx_word' id='word_1_153' title='bbox 876 1774 990 1807; x_wconf 89' lang='lat' dir='ltr'>triduo</span> 
     </span>
     <span class='ocr_line' id='line_1_35' title="bbox 311 1820 989 1864; baseline -0.006 -7"><span class='ocrx_word' id='word_1_154' title='bbox 311 1834 354 1857; x_wconf 83' lang='lat' dir='ltr'>ex</span> <span class='ocrx_word' id='word_1_155' title='bbox 387 1823 514 1863; x_wconf 77' lang='lat' dir='ltr'>Sparta</span> <span class='ocrx_word' id='word_1_156' title='bbox 547 1820 654 1854; x_wconf 89' lang='lat' dir='ltr'>Ilium</span> <span class='ocrx_word' id='word_1_157' title='bbox 685 1820 884 1864; x_wconf 76' lang='lat' dir='ltr'>pervenisse</span> <span class='ocrx_word' id='word_1_158' title='bbox 915 1820 989 1853; x_wconf 82' lang='lat' dir='ltr'>fer-</span> 
     </span>
     <span class='ocr_line' id='line_1_36' title="bbox 312 1865 556 1908; baseline -0.008 -6"><span class='ocrx_word' id='word_1_159' title='bbox 312 1873 381 1908; x_wconf 83' lang='lat' dir='ltr'>tur,</span> <span class='ocrx_word' id='word_1_160' title='bbox 406 1867 452 1907; x_wconf 88' lang='grc' dir='ltr'>ΙΙ,</span> <span class='ocrx_word' id='word_1_161' title='bbox 477 1865 556 1900; x_wconf 90' lang='grc'><strong>117.</strong></span> 
     </span>
    </p>

    <p class='ocr_par' dir='ltr' id='par_1_12' title="bbox 265 1911 991 2050">
     <span class='ocr_line' id='line_1_37' title="bbox 265 1911 989 1957; baseline -0.008 -7"><span class='ocrx_word' id='word_1_162' title='bbox 265 1915 471 1954; x_wconf 69' lang='lat' dir='ltr'>Alexander,</span> <span class='ocrx_word' id='word_1_163' title='bbox 496 1914 666 1957; x_wconf 66' lang='lat' dir='ltr'>Amyntae</span> <span class='ocrx_word' id='word_1_164' title='bbox 689 1911 802 1952; x_wconf 80' lang='lat' dir='ltr'>filius,</span> <span class='ocrx_word' id='word_1_165' title='bbox 826 1912 989 1946; x_wconf 80' lang='lat' dir='ltr'>Macedo-</span> 
     </span>
     <span class='ocr_line' id='line_1_38' title="bbox 310 1958 991 2001; baseline -0.009 -6"><span class='ocrx_word' id='word_1_166' title='bbox 310 1962 389 1995; x_wconf 83' lang='lat' dir='ltr'>niae</span> <span class='ocrx_word' id='word_1_167' title='bbox 412 1971 485 2000; x_wconf 83' lang='lat' dir='ltr'>rex,</span> <span class='ocrx_word' id='word_1_168' title='bbox 509 1959 548 2001; x_wconf 75' lang='lat' dir='ltr'>V,</span> <span class='ocrx_word' id='word_1_169' title='bbox 574 1958 628 1992; x_wconf 82' lang='lat'>19.</span> <span class='ocrx_word' id='word_1_170' title='bbox 653 1958 729 1999; x_wconf 75' lang='lat' dir='ltr'>VII,</span> <span class='ocrx_word' id='word_1_171' title='bbox 748 1958 816 1993; x_wconf 82' lang='grc'>173</span> <span class='ocrx_word' id='word_1_172' title='bbox 840 1962 909 1992; x_wconf 89' lang='lat' dir='ltr'>not.</span> <span class='ocrx_word' id='word_1_173' title='bbox 934 1969 991 1991; x_wconf 81' lang='lat' dir='ltr'>ve-</span> 
     </span>
     <span class='ocr_line' id='line_1_39' title="bbox 311 2004 991 2050; baseline -0.004 -10"><span class='ocrx_word' id='word_1_174' title='bbox 311 2010 404 2041; x_wconf 82' lang='lat' dir='ltr'>tusta</span> <span class='ocrx_word' id='word_1_175' title='bbox 413 2004 548 2050; x_wconf 82' lang='lat' dir='ltr'>origine</span> <span class='ocrx_word' id='word_1_176' title='bbox 564 2005 732 2046; x_wconf 83' lang='lat' dir='ltr'>Graecus,</span> <span class='ocrx_word' id='word_1_177' title='bbox 756 2006 796 2046; x_wconf 84' lang='lat' dir='ltr'>V,</span> <span class='ocrx_word' id='word_1_178' title='bbox 817 2004 875 2039; x_wconf 87' lang='grc'>22.</span> <span class='ocrx_word' id='word_1_179' title='bbox 898 2004 991 2046; x_wconf 74' lang='lat' dir='ltr'>VIII,</span> 
     </span>
    </p>
   </div>
   <div class='ocr_carea' id='block_1_3' title="bbox 313 2050 993 2094">
    <p class='ocr_par' dir='ltr' id='par_1_13' title="bbox 313 2050 993 2094">
     <span class='ocr_line' id='line_1_40' title="bbox 313 2050 993 2094; baseline -0.001 -7"><span class='ocrx_word' id='word_1_180' title='bbox 313 2052 382 2087; x_wconf 84' lang='lat'>136</span> <span class='ocrx_word' id='word_1_181' title='bbox 413 2057 484 2087; x_wconf 83' lang='lat' dir='ltr'>not.</span> <span class='ocrx_word' id='word_1_182' title='bbox 518 2050 600 2087; x_wconf 81' lang='grc'><strong>139.</strong></span> <span class='ocrx_word' id='word_1_183' title='bbox 633 2050 791 2086; x_wconf 82' lang='lat' dir='ltr'>familiae</span> <span class='ocrx_word' id='word_1_184' title='bbox 832 2055 993 2094; x_wconf 81' lang='lat' dir='ltr'><strong>stemma,</strong></span> 
     </span>
    </p>
   </div>
   <div class='ocr_carea' id='block_1_4' title="bbox 269 2164 547 2173">
    <p class='ocr_par' dir='ltr' id='par_1_14' title="bbox 269 2164 547 2173">
     <span class='ocr_line' id='line_1_41' title="bbox 269 2164 547 2173; baseline 0 1119"><span class='ocrx_word' id='word_1_185' title='bbox 269 2164 547 2173; x_wconf 95' lang='lat' dir='ltr'> </span> 
     </span>
    </p>
   </div>
   <div class='ocr_carea' id='block_1_5' title="bbox 799 185 1240 228">
    <p class='ocr_par' dir='ltr' id='par_1_15' title="bbox 799 185 1240 228">
     <span class='ocr_line' id='line_1_42' title="bbox 799 185 1240 228; baseline 0 -5"><span class='ocrx_word' id='word_1_186' title='bbox 799 188 828 228; x_wconf 89' lang='grc' dir='ltr'>Ι.</span> <span class='ocrx_word' id='word_1_187' title='bbox 857 187 1019 224; x_wconf 86' lang='lat' dir='ltr'>INDEX</span> <span class='ocrx_word' id='word_1_188' title='bbox 1046 185 1240 224; x_wconf 84' lang='lat' dir='ltr'><strong>RERUM.</strong></span> 
     </span>
    </p>
   </div>
   <div class='ocr_carea' id='block_1_6' title="bbox 1043 295 1770 2095">
    <p class='ocr_par' dir='ltr' id='par_1_16' title="bbox 1082 295 1767 1074">
     <span class='ocr_line' id='line_1_43' title="bbox 1084 295 1762 338; baseline 0.001 -9"><span class='ocrx_word' id='word_1_189' title='bbox 1084 296 1177 338; x_wconf 76' lang='grc' dir='ltr'>ΠΗ,</span> <span class='ocrx_word' id='word_1_190' title='bbox 1208 296 1288 330; x_wconf 80' lang='grc'><strong>139.</strong></span> <span class='ocrx_word' id='word_1_191' title='bbox 1323 296 1438 330; x_wconf 76' lang='lat' dir='ltr'>adhuc</span> <span class='ocrx_word' id='word_1_192' title='bbox 1472 295 1606 330; x_wconf 75' lang='lat' dir='ltr'>iuvenis</span> <span class='ocrx_word' id='word_1_193' title='bbox 1637 296 1762 330; x_wconf 74' lang='lat' dir='ltr'>Persa-</span> 
     </span>
     <span class='ocr_line' id='line_1_44' title="bbox 1084 342 1762 386; baseline 0.001 -12"><span class='ocrx_word' id='word_1_194' title='bbox 1084 353 1162 374; x_wconf 87' lang='lat' dir='ltr'>rum</span> <span class='ocrx_word' id='word_1_195' title='bbox 1195 343 1331 386; x_wconf 77' lang='lat' dir='ltr'>Iegatos</span> <span class='ocrx_word' id='word_1_196' title='bbox 1361 343 1463 376; x_wconf 83' lang='lat' dir='ltr'>nimis</span> <span class='ocrx_word' id='word_1_197' title='bbox 1506 343 1692 376; x_wconf 56' lang='lat' dir='ltr'>insolentes</span> <span class='ocrx_word' id='word_1_198' title='bbox 1728 342 1762 375; x_wconf 91' lang='lat' dir='ltr'>in</span> 
     </span>
     <span class='ocr_line' id='line_1_45' title="bbox 1082 387 1760 430; baseline 0.003 -10"><span class='ocrx_word' id='word_1_199' title='bbox 1082 387 1241 421; x_wconf 84' lang='lat' dir='ltr'>convivio</span> <span class='ocrx_word' id='word_1_200' title='bbox 1281 388 1458 430; x_wconf 79' lang='lat' dir='ltr'>interimit,</span> <span class='ocrx_word' id='word_1_201' title='bbox 1512 390 1554 430; x_wconf 91' lang='lat' dir='ltr'>V,</span> <span class='ocrx_word' id='word_1_202' title='bbox 1602 390 1656 424; x_wconf 85' lang='grc'>19.</span> <span class='ocrx_word' id='word_1_203' title='bbox 1701 389 1760 423; x_wconf 81' lang='grc'>20.</span> 
     </span>
     <span class='ocr_line' id='line_1_46' title="bbox 1085 433 1764 478; baseline 0.004 -12"><span class='ocrx_word' id='word_1_204' title='bbox 1085 434 1142 467; x_wconf 87' lang='grc'>21.</span> <span class='ocrx_word' id='word_1_205' title='bbox 1176 433 1211 467; x_wconf 89' lang='lat' dir='ltr'>in</span> <span class='ocrx_word' id='word_1_206' title='bbox 1244 433 1440 478; x_wconf 83' lang='lat' dir='ltr'>Olympicis</span> <span class='ocrx_word' id='word_1_207' title='bbox 1470 436 1622 469; x_wconf 76' lang='lat' dir='ltr'>stadium</span> <span class='ocrx_word' id='word_1_208' title='bbox 1652 435 1764 469; x_wconf 85' lang='lat' dir='ltr'>currit</span> 
     </span>
     <span class='ocr_line' id='line_1_47' title="bbox 1086 480 1764 523; baseline 0.003 -11"><span class='ocrx_word' id='word_1_209' title='bbox 1086 480 1200 523; x_wconf 86' lang='lat' dir='ltr'>primo</span> <span class='ocrx_word' id='word_1_210' title='bbox 1233 480 1422 523; x_wconf 83' lang='lat' dir='ltr'>proximus,</span> <span class='ocrx_word' id='word_1_211' title='bbox 1458 481 1497 523; x_wconf 71' lang='lat' dir='ltr'>V,</span> <span class='ocrx_word' id='word_1_212' title='bbox 1520 482 1577 516; x_wconf 82' lang='grc'>22.</span> <span class='ocrx_word' id='word_1_213' title='bbox 1611 482 1764 515; x_wconf 74' lang='lat' dir='ltr'>Graecos</span> 
     </span>
     <span class='ocr_line' id='line_1_48' title="bbox 1088 526 1764 573; baseline 0 -13"><span class='ocrx_word' id='word_1_214' title='bbox 1088 527 1133 560; x_wconf 80' lang='lat' dir='ltr'>ad</span> <span class='ocrx_word' id='word_1_215' title='bbox 1156 526 1414 569; x_wconf 69' lang='lat' dir='ltr'>Thermopylas</span> <span class='ocrx_word' id='word_1_216' title='bbox 1438 538 1499 569; x_wconf 85' lang='lat' dir='ltr'>per</span> <span class='ocrx_word' id='word_1_217' title='bbox 1521 528 1656 573; x_wconf 80' lang='lat' dir='ltr'>legatos</span> <span class='ocrx_word' id='word_1_218' title='bbox 1687 540 1764 561; x_wconf 82' lang='lat' dir='ltr'>mo-</span> 
     </span>
     <span class='ocr_line' id='line_1_49' title="bbox 1092 571 1765 614; baseline 0.001 -8"><span class='ocrx_word' id='word_1_219' title='bbox 1092 575 1160 614; x_wconf 83' lang='lat' dir='ltr'>net,</span> <span class='ocrx_word' id='word_1_220' title='bbox 1184 583 1228 605; x_wconf 85' lang='lat' dir='ltr'>ne</span> <span class='ocrx_word' id='word_1_221' title='bbox 1251 571 1286 604; x_wconf 91' lang='lat' dir='ltr'>iu</span> <span class='ocrx_word' id='word_1_222' title='bbox 1310 573 1366 605; x_wconf 84' lang='lat' dir='ltr'>his</span> <span class='ocrx_word' id='word_1_223' title='bbox 1396 572 1556 606; x_wconf 68' lang='lat' dir='ltr'>faucibus</span> <span class='ocrx_word' id='word_1_224' title='bbox 1586 580 1765 607; x_wconf 81' lang='lat' dir='ltr'>manentes</span> 
     </span>
     <span class='ocr_line' id='line_1_50' title="bbox 1091 618 1765 654; baseline 0.003 -2"><span class='ocrx_word' id='word_1_225' title='bbox 1091 619 1136 652; x_wconf 85' lang='lat' dir='ltr'>ab</span> <span class='ocrx_word' id='word_1_226' title='bbox 1160 618 1343 651; x_wconf 81' lang='lat' dir='ltr'>invadente</span> <span class='ocrx_word' id='word_1_227' title='bbox 1366 619 1491 652; x_wconf 82' lang='lat' dir='ltr'>Xerxis</span> <span class='ocrx_word' id='word_1_228' title='bbox 1509 620 1660 653; x_wconf 84' lang='lat' dir='ltr'>exercitu</span> <span class='ocrx_word' id='word_1_229' title='bbox 1681 631 1765 654; x_wconf 89' lang='lat' dir='ltr'>con-</span> 
     </span>
     <span class='ocr_line' id='line_1_51' title="bbox 1090 664 1766 705; baseline 0.004 -8"><span class='ocrx_word' id='word_1_230' title='bbox 1090 665 1278 705; x_wconf 85' lang='lat' dir='ltr'>culcentur,</span> <span class='ocrx_word' id='word_1_231' title='bbox 1302 664 1376 705; x_wconf 78' lang='grc' dir='ltr'>ΠΙ,</span> <span class='ocrx_word' id='word_1_232' title='bbox 1398 664 1476 697; x_wconf 89' lang='grc'><strong>137.</strong></span> <span class='ocrx_word' id='word_1_233' title='bbox 1502 666 1766 700; x_wconf 73' lang='lat' dir='ltr'>Atheniensium</span> 
     </span>
     <span class='ocr_line' id='line_1_52' title="bbox 1089 710 1765 754; baseline 0.001 -11"><span class='ocrx_word' id='word_1_234' title='bbox 1089 711 1226 754; x_wconf 80' lang='lat' dir='ltr'>hospes,</span> <span class='ocrx_word' id='word_1_235' title='bbox 1272 711 1365 752; x_wconf 59' lang='lat' dir='ltr'>VIII,</span> <span class='ocrx_word' id='word_1_236' title='bbox 1390 710 1458 744; x_wconf 82' lang='grc'>136</span> <span class='ocrx_word' id='word_1_237' title='bbox 1482 716 1551 745; x_wconf 83' lang='lat' dir='ltr'>not.</span> <span class='ocrx_word' id='word_1_238' title='bbox 1579 723 1600 745; x_wconf 85' lang='lat' dir='ltr'>a</span> <span class='ocrx_word' id='word_1_239' title='bbox 1622 713 1765 746; x_wconf 79' lang='lat' dir='ltr'>Mardo-</span> 
     </span>
     <span class='ocr_line' id='line_1_53' title="bbox 1088 757 1765 801; baseline 0.003 -11"><span class='ocrx_word' id='word_1_240' title='bbox 1088 762 1147 790; x_wconf 84' lang='lat' dir='ltr'>nio</span> <span class='ocrx_word' id='word_1_241' title='bbox 1171 759 1307 801; x_wconf 79' lang='lat' dir='ltr'>legatus</span> <span class='ocrx_word' id='word_1_242' title='bbox 1332 757 1481 790; x_wconf 77' lang='lat' dir='ltr'>Athenas</span> <span class='ocrx_word' id='word_1_243' title='bbox 1511 757 1648 799; x_wconf 81' lang='lat' dir='ltr'>missus,</span> <span class='ocrx_word' id='word_1_244' title='bbox 1672 758 1765 800; x_wconf 81' lang='lat' dir='ltr'>VIII,</span> 
     </span>
     <span class='ocr_line' id='line_1_54' title="bbox 1089 802 1766 839; baseline 0.003 -3"><span class='ocrx_word' id='word_1_245' title='bbox 1089 802 1158 836; x_wconf 87' lang='grc'>136</span> <span class='ocrx_word' id='word_1_246' title='bbox 1181 809 1252 837; x_wconf 89' lang='lat' dir='ltr'>not.</span> <span class='ocrx_word' id='word_1_247' title='bbox 1275 803 1500 837; x_wconf 72' lang='lat' dir='ltr'>Athenienses</span> <span class='ocrx_word' id='word_1_248' title='bbox 1530 804 1691 838; x_wconf 84' lang='lat' dir='ltr'>hortatur</span> <span class='ocrx_word' id='word_1_249' title='bbox 1720 807 1766 839; x_wconf 81' lang='lat' dir='ltr'>ad</span> 
     </span>
     <span class='ocr_line' id='line_1_55' title="bbox 1088 849 1766 892; baseline 0.006 -10"><span class='ocrx_word' id='word_1_250' title='bbox 1088 849 1329 892; x_wconf 80' lang='lat' dir='ltr'>paciscendum</span> <span class='ocrx_word' id='word_1_251' title='bbox 1340 861 1419 882; x_wconf 89' lang='lat' dir='ltr'>cum</span> <span class='ocrx_word' id='word_1_252' title='bbox 1438 849 1564 892; x_wconf 83' lang='lat' dir='ltr'>Persis,</span> <span class='ocrx_word' id='word_1_253' title='bbox 1583 850 1675 892; x_wconf 70' lang='lat' dir='ltr'>vlu,</span> <span class='ocrx_word' id='word_1_254' title='bbox 1685 850 1766 887; x_wconf 70' lang='lat'>14⁰.</span> 
     </span>
     <span class='ocr_line' id='line_1_56' title="bbox 1089 895 1767 931; baseline 0.001 -1"><span class='ocrx_word' id='word_1_255' title='bbox 1089 897 1134 930; x_wconf 87' lang='lat' dir='ltr'>ad</span> <span class='ocrx_word' id='word_1_256' title='bbox 1172 897 1333 930; x_wconf 78' lang='lat' dir='ltr'>Plataeas</span> <span class='ocrx_word' id='word_1_257' title='bbox 1373 895 1641 930; x_wconf 74' lang='lat' dir='ltr'>Atheniensibus</span> <span class='ocrx_word' id='word_1_258' title='bbox 1673 898 1767 931; x_wconf 87' lang='lat' dir='ltr'>Mar-</span> 
     </span>
     <span class='ocr_line' id='line_1_57' title="bbox 1089 941 1766 985; baseline 0.007 -12"><span class='ocrx_word' id='word_1_259' title='bbox 1089 941 1182 974; x_wconf 75' lang='lat' dir='ltr'>clonii</span> <span class='ocrx_word' id='word_1_260' title='bbox 1218 953 1357 975; x_wconf 76' lang='lat' dir='ltr'>causam</span> <span class='ocrx_word' id='word_1_261' title='bbox 1392 943 1517 985; x_wconf 84' lang='lat' dir='ltr'>prodit,</span> <span class='ocrx_word' id='word_1_262' title='bbox 1540 942 1603 984; x_wconf 83' lang='lat' dir='ltr'>lx,</span> <span class='ocrx_word' id='word_1_263' title='bbox 1625 942 1672 976; x_wconf 85' lang='lat'>44</span> <span class='ocrx_word' id='word_1_264' title='bbox 1694 947 1766 978; x_wconf 84' lang='lat' dir='ltr'>not.</span> 
     </span>
     <span class='ocr_line' id='line_1_58' title="bbox 1089 987 1765 1033; baseline 0.007 -14"><span class='ocrx_word' id='word_1_265' title='bbox 1089 987 1144 1020; x_wconf 80' lang='lat'>45.</span> <span class='ocrx_word' id='word_1_266' title='bbox 1185 999 1292 1021; x_wconf 84' lang='lat' dir='ltr'>aurea</span> <span class='ocrx_word' id='word_1_267' title='bbox 1333 988 1407 1022; x_wconf 86' lang='lat' dir='ltr'>eius</span> <span class='ocrx_word' id='word_1_268' title='bbox 1452 989 1600 1033; x_wconf 85' lang='lat' dir='ltr'>Delphis</span> <span class='ocrx_word' id='word_1_269' title='bbox 1637 995 1765 1032; x_wconf 78' lang='lat' dir='ltr'>statua,</span> 
     </span>
     <span class='ocr_line' id='line_1_59' title="bbox 1089 1033 1283 1074; baseline 0.005 -8"><span class='ocrx_word' id='word_1_270' title='bbox 1089 1033 1183 1074; x_wconf 61' lang='lat' dir='ltr'>VIII,</span> <span class='ocrx_word' id='word_1_271' title='bbox 1206 1034 1283 1067; x_wconf 81' lang='grc'><strong>121.</strong></span> 
     </span>
    </p>

    <p class='ocr_par' dir='ltr' id='par_1_17' title="bbox 1043 1080 1569 1121">
     <span class='ocr_line' id='line_1_60' title="bbox 1043 1080 1569 1121; baseline 0.002 -8"><span class='ocrx_word' id='word_1_272' title='bbox 1043 1080 1234 1121; x_wconf 75' lang='lat' dir='ltr'>Aliacmon,</span> <span class='ocrx_word' id='word_1_273' title='bbox 1258 1080 1327 1114; x_wconf 86' lang='lat' dir='ltr'>vid.</span> <span class='ocrx_word' id='word_1_274' title='bbox 1345 1080 1569 1114; x_wconf 78' lang='lat' dir='ltr'>Haliacmon.</span> 
     </span>
    </p>

    <p class='ocr_par' dir='ltr' id='par_1_18' title="bbox 1045 1127 1768 1263">
     <span class='ocr_line' id='line_1_61' title="bbox 1045 1127 1766 1169; baseline 0.001 -9"><span class='ocrx_word' id='word_1_275' title='bbox 1045 1127 1169 1168; x_wconf 75' lang='lat' dir='ltr'>Amat,</span> <span class='ocrx_word' id='word_1_276' title='bbox 1203 1127 1325 1159; x_wconf 80' lang='lat' dir='ltr'>eadem</span> <span class='ocrx_word' id='word_1_277' title='bbox 1358 1128 1533 1160; x_wconf 82' lang='lat' dir='ltr'>Arabihus</span> <span class='ocrx_word' id='word_1_278' title='bbox 1556 1138 1647 1169; x_wconf 87' lang='lat' dir='ltr'>quae</span> <span class='ocrx_word' id='word_1_279' title='bbox 1674 1128 1766 1161; x_wconf 88' lang='lat' dir='ltr'>Ura-</span> 
     </span>
     <span class='ocr_line' id='line_1_62' title="bbox 1089 1171 1768 1215; baseline 0.006 -10"><span class='ocrx_word' id='word_1_280' title='bbox 1089 1173 1163 1212; x_wconf 80' lang='lat' dir='ltr'>nia,</span> <span class='ocrx_word' id='word_1_281' title='bbox 1185 1172 1248 1213; x_wconf 88' lang='lat' dir='ltr'>III,</span> <span class='ocrx_word' id='word_1_282' title='bbox 1270 1171 1292 1205; x_wconf 86' lang='grc'>8</span> <span class='ocrx_word' id='word_1_283' title='bbox 1313 1177 1383 1207; x_wconf 74' lang='lat' dir='ltr'>not.</span> <span class='ocrx_word' id='word_1_284' title='bbox 1407 1174 1532 1215; x_wconf 70' lang='lat' dir='ltr'>Alina,</span> <span class='ocrx_word' id='word_1_285' title='bbox 1554 1175 1668 1208; x_wconf 77' lang='lat' dir='ltr'>Venus</span> <span class='ocrx_word' id='word_1_286' title='bbox 1678 1176 1768 1209; x_wconf 82' lang='lat' dir='ltr'>Ara-</span> 
     </span>
     <span class='ocr_line' id='line_1_63' title="bbox 1092 1218 1500 1263; baseline 0.002 -11"><span class='ocrx_word' id='word_1_287' title='bbox 1092 1220 1176 1252; x_wconf 82' lang='lat' dir='ltr'>lunn</span> <span class='ocrx_word' id='word_1_288' title='bbox 1202 1219 1247 1260; x_wconf 91' lang='grc' dir='ltr'>ΙΙ,</span> <span class='ocrx_word' id='word_1_289' title='bbox 1273 1218 1343 1252; x_wconf 89' lang='grc'>131</span> <span class='ocrx_word' id='word_1_290' title='bbox 1367 1223 1437 1253; x_wconf 90' lang='lat' dir='ltr'>not.</span> <span class='ocrx_word' id='word_1_291' title='bbox 1462 1221 1500 1263; x_wconf 62' lang='lat'>²⁸)</span> 
     </span>
    </p>

    <p class='ocr_par' dir='ltr' id='par_1_19' title="bbox 1045 1264 1768 1391">
     <span class='ocr_line' id='line_1_64' title="bbox 1045 1264 1768 1310; baseline 0.003 -12"><span class='ocrx_word' id='word_1_292' title='bbox 1045 1266 1225 1299; x_wconf 78' lang='lat' dir='ltr'>Alluvione</span> <span class='ocrx_word' id='word_1_293' title='bbox 1270 1264 1422 1299; x_wconf 89' lang='lat' dir='ltr'>fluminis</span> <span class='ocrx_word' id='word_1_294' title='bbox 1467 1276 1572 1310; x_wconf 79' lang='lat' dir='ltr'>agros</span> <span class='ocrx_word' id='word_1_295' title='bbox 1610 1266 1768 1300; x_wconf 80' lang='lat' dir='ltr'>decurta-</span> 
     </span>
     <span class='ocr_line' id='line_1_65' title="bbox 1091 1312 1766 1391; baseline 0 -45"><span class='ocrx_word' id='word_1_296' title='bbox 1091 1316 1160 1391; x_wconf 52' lang='grc' dir='ltr'>ῐιὸῑέ)</span> <span class='ocrx_word' id='word_1_297' title='bbox 1179 1316 1378 1356; x_wconf 81' lang='lat' dir='ltr'>compensat</span> <span class='ocrx_word' id='word_1_298' title='bbox 1410 1312 1564 1357; x_wconf 78' lang='lat' dir='ltr'>Aegypti</span> <span class='ocrx_word' id='word_1_299' title='bbox 1597 1324 1676 1355; x_wconf 83' lang='lat' dir='ltr'>rex,</span> <span class='ocrx_word' id='word_1_300' title='bbox 1721 1313 1766 1356; x_wconf 88' lang='grc' dir='ltr'>Π,</span> 
     </span>
    </p>

    <p class='ocr_par' dir='ltr' id='par_1_20' title="bbox 1044 1403 1768 1483">
     <span class='ocr_line' id='line_1_66' title="bbox 1044 1403 1768 1450; baseline 0.003 -13"><span class='ocrx_word' id='word_1_301' title='bbox 1044 1405 1232 1448; x_wconf 79' lang='lat' dir='ltr'>Alopewe,</span> <span class='ocrx_word' id='word_1_302' title='bbox 1267 1403 1303 1437; x_wconf 88' lang='lat' dir='ltr'>in</span> <span class='ocrx_word' id='word_1_303' title='bbox 1334 1403 1450 1438; x_wconf 80' lang='lat' dir='ltr'>Attica</span> <span class='ocrx_word' id='word_1_304' title='bbox 1491 1415 1616 1450; x_wconf 81' lang='lat' dir='ltr'>pagus,</span> <span class='ocrx_word' id='word_1_305' title='bbox 1646 1405 1689 1446; x_wconf 87' lang='lat' dir='ltr'>V,</span> <span class='ocrx_word' id='word_1_306' title='bbox 1722 1404 1768 1440; x_wconf 81' lang='grc'>63</span> 
     </span>
     <span class='ocr_line' id='line_1_67' title="bbox 1092 1452 1222 1483; baseline 0.008 -1"><span class='ocrx_word' id='word_1_307' title='bbox 1092 1456 1160 1483; x_wconf 84' lang='lat' dir='ltr'>not.</span> <span class='ocrx_word' id='word_1_308' title='bbox 1184 1452 1222 1469; x_wconf 43' lang='grc' dir='ltr'>μ’</span> 
     </span>
    </p>

    <p class='ocr_par' dir='ltr' id='par_1_21' title="bbox 1045 1494 1769 1628">
     <span class='ocr_line' id='line_1_68' title="bbox 1045 1494 1769 1542; baseline 0 -12"><span class='ocrx_word' id='word_1_309' title='bbox 1045 1498 1168 1542; x_wconf 80' lang='lat' dir='ltr'>Alpem&#39;</span> <span class='ocrx_word' id='word_1_310' title='bbox 1201 1494 1420 1540; x_wconf 81' lang='grc' dir='ltr'>(Αλπηνοὶ),</span> <span class='ocrx_word' id='word_1_311' title='bbox 1454 1495 1553 1530; x_wconf 79' lang='lat' dir='ltr'>vicus</span> <span class='ocrx_word' id='word_1_312' title='bbox 1583 1496 1626 1531; x_wconf 88' lang='lat' dir='ltr'>ad</span> <span class='ocrx_word' id='word_1_313' title='bbox 1651 1496 1769 1530; x_wconf 88' lang='lat' dir='ltr'>Ther-</span> 
     </span>
     <span class='ocr_line' id='line_1_69' title="bbox 1091 1544 1769 1587; baseline 0 -11"><span class='ocrx_word' id='word_1_314' title='bbox 1091 1544 1263 1586; x_wconf 81' lang='lat' dir='ltr'>mopylas,</span> <span class='ocrx_word' id='word_1_315' title='bbox 1275 1544 1486 1576; x_wconf 79' lang='lat' dir='ltr'>Graecorum</span> <span class='ocrx_word' id='word_1_316' title='bbox 1497 1544 1769 1587; x_wconf 70' lang='lat' dir='ltr'>receptaculum,</span> 
     </span>
     <span class='ocr_line' id='line_1_70' title="bbox 1091 1589 1583 1628; baseline 0.002 -7"><span class='ocrx_word' id='word_1_317' title='bbox 1091 1589 1167 1628; x_wconf 66' lang='lat' dir='ltr'>VII,</span> <span class='ocrx_word' id='word_1_318' title='bbox 1193 1589 1259 1622; x_wconf 82' lang='grc'>176</span> <span class='ocrx_word' id='word_1_319' title='bbox 1283 1592 1353 1622; x_wconf 86' lang='lat' dir='ltr'>not.</span> <span class='ocrx_word' id='word_1_320' title='bbox 1380 1589 1426 1623; x_wconf 84' lang='lat' dir='ltr'>cf.</span> <span class='ocrx_word' id='word_1_321' title='bbox 1449 1601 1479 1623; x_wconf 92' lang='lat' dir='ltr'>c.</span> <span class='ocrx_word' id='word_1_322' title='bbox 1504 1589 1583 1623; x_wconf 87' lang='grc'><strong>229.</strong></span> 
     </span>
    </p>

    <p class='ocr_par' dir='ltr' id='par_1_22' title="bbox 1046 1635 1770 1769">
     <span class='ocr_line' id='line_1_71' title="bbox 1046 1635 1770 1681; baseline 0.001 -13"><span class='ocrx_word' id='word_1_323' title='bbox 1046 1636 1196 1680; x_wconf 80' lang='lat' dir='ltr'>Alpheus</span> <span class='ocrx_word' id='word_1_324' title='bbox 1229 1639 1262 1668; x_wconf 85' lang='lat' dir='ltr'>et</span> <span class='ocrx_word' id='word_1_325' title='bbox 1292 1636 1436 1677; x_wconf 82' lang='lat' dir='ltr'>Maron,</span> <span class='ocrx_word' id='word_1_326' title='bbox 1468 1635 1681 1679; x_wconf 82' lang='lat' dir='ltr'>Orsiphanto</span> <span class='ocrx_word' id='word_1_327' title='bbox 1705 1647 1770 1681; x_wconf 84' lang='lat' dir='ltr'>ge-</span> 
     </span>
     <span class='ocr_line' id='line_1_72' title="bbox 1091 1680 1769 1723; baseline 0.001 -9"><span class='ocrx_word' id='word_1_328' title='bbox 1091 1682 1167 1722; x_wconf 86' lang='lat' dir='ltr'>niti,</span> <span class='ocrx_word' id='word_1_329' title='bbox 1197 1681 1270 1723; x_wconf 77' lang='lat' dir='ltr'>vll,</span> <span class='ocrx_word' id='word_1_330' title='bbox 1302 1680 1384 1715; x_wconf 82' lang='grc'><strong>227.</strong></span> <span class='ocrx_word' id='word_1_331' title='bbox 1428 1692 1548 1714; x_wconf 88' lang='lat' dir='ltr'>eorum</span> <span class='ocrx_word' id='word_1_332' title='bbox 1579 1681 1690 1716; x_wconf 79' lang='lat' dir='ltr'>virtus</span> <span class='ocrx_word' id='word_1_333' title='bbox 1725 1682 1769 1717; x_wconf 86' lang='lat' dir='ltr'>ad</span> 
     </span>
     <span class='ocr_line' id='line_1_73' title="bbox 1093 1727 1472 1769; baseline 0.003 -10"><span class='ocrx_word' id='word_1_334' title='bbox 1093 1727 1366 1769; x_wconf 77' lang='lat' dir='ltr'>Thermopylas,</span> <span class='ocrx_word' id='word_1_335' title='bbox 1390 1727 1472 1760; x_wconf 73' lang='lat' dir='ltr'>ibid.</span> 
     </span>
    </p>

    <p class='ocr_par' dir='ltr' id='par_1_23' title="bbox 1044 1772 1456 1817">
     <span class='ocr_line' id='line_1_74' title="bbox 1044 1772 1456 1817; baseline 0 -11"><span class='ocrx_word' id='word_1_336' title='bbox 1044 1774 1142 1817; x_wconf 78' lang='lat' dir='ltr'>Alpis</span> <span class='ocrx_word' id='word_1_337' title='bbox 1160 1774 1211 1814; x_wconf 90' lang='lat' dir='ltr'>fl.‚</span> <span class='ocrx_word' id='word_1_338' title='bbox 1235 1774 1293 1814; x_wconf 66' lang='lat' dir='ltr'>IV,</span> <span class='ocrx_word' id='word_1_339' title='bbox 1316 1772 1361 1806; x_wconf 66' lang='lat'>49</span> <span class='ocrx_word' id='word_1_340' title='bbox 1385 1778 1456 1806; x_wconf 87' lang='lat' dir='ltr'>not.</span> 
     </span>
    </p>

    <p class='ocr_par' dir='ltr' id='par_1_24' title="bbox 1046 1818 1768 1901">
     <span class='ocr_line' id='line_1_75' title="bbox 1046 1818 1768 1864; baseline 0.004 -12"><span class='ocrx_word' id='word_1_341' title='bbox 1046 1820 1142 1859; x_wconf 80' lang='lat' dir='ltr'>Alus,</span> <span class='ocrx_word' id='word_1_342' title='bbox 1166 1821 1248 1852; x_wconf 78' lang='lat' dir='ltr'>urbs</span> <span class='ocrx_word' id='word_1_343' title='bbox 1272 1819 1427 1852; x_wconf 81' lang='lat' dir='ltr'>Achaiae</span> <span class='ocrx_word' id='word_1_344' title='bbox 1443 1818 1768 1864; x_wconf 68' lang='lat' dir='ltr'>Thessalicae,v11‚</span> 
     </span>
     <span class='ocr_line' id='line_1_76' title="bbox 1094 1864 1358 1901; baseline 0.008 -4"><span class='ocrx_word' id='word_1_345' title='bbox 1094 1865 1162 1899; x_wconf 86' lang='grc'>173</span> <span class='ocrx_word' id='word_1_346' title='bbox 1185 1869 1255 1901; x_wconf 82' lang='lat' dir='ltr'>not.</span> <span class='ocrx_word' id='word_1_347' title='bbox 1278 1864 1358 1899; x_wconf 90' lang='grc'><strong>197.</strong></span> 
     </span>
    </p>

    <p class='ocr_par' dir='ltr' id='par_1_25' title="bbox 1046 1911 1460 1954">
     <span class='ocr_line' id='line_1_77' title="bbox 1046 1911 1460 1954; baseline 0.005 -10"><span class='ocrx_word' id='word_1_348' title='bbox 1046 1913 1203 1954; x_wconf 83' lang='lat' dir='ltr'>Alamen,</span> <span class='ocrx_word' id='word_1_349' title='bbox 1228 1912 1272 1951; x_wconf 88' lang='grc' dir='ltr'>Π,</span> <span class='ocrx_word' id='word_1_350' title='bbox 1298 1911 1366 1944; x_wconf 66' lang='grc'>180</span> <span class='ocrx_word' id='word_1_351' title='bbox 1390 1914 1460 1946; x_wconf 78' lang='lat' dir='ltr'>not.</span> 
     </span>
    </p>

    <p class='ocr_par' dir='ltr' id='par_1_26' title="bbox 1046 1957 1770 2095">
     <span class='ocr_line' id='line_1_78' title="bbox 1046 1957 1770 2004; baseline 0 -12"><span class='ocrx_word' id='word_1_352' title='bbox 1046 1959 1204 2002; x_wconf 74' lang='lat' dir='ltr'>Alyattes</span> <span class='ocrx_word' id='word_1_353' title='bbox 1234 1958 1428 2002; x_wconf 80' lang='lat' dir='ltr'>Sadyattae</span> <span class='ocrx_word' id='word_1_354' title='bbox 1457 1957 1609 1993; x_wconf 84' lang='lat' dir='ltr'>succedit</span> <span class='ocrx_word' id='word_1_355' title='bbox 1639 1958 1674 1992; x_wconf 85' lang='lat' dir='ltr'>in</span> <span class='ocrx_word' id='word_1_356' title='bbox 1697 1958 1770 2004; x_wconf 78' lang='lat' dir='ltr'>Ly-</span> 
     </span>
     <span class='ocr_line' id='line_1_79' title="bbox 1094 2004 1770 2048; baseline 0.003 -11"><span class='ocrx_word' id='word_1_357' title='bbox 1094 2005 1174 2037; x_wconf 85' lang='lat' dir='ltr'>diae</span> <span class='ocrx_word' id='word_1_358' title='bbox 1197 2015 1355 2048; x_wconf 81' lang='lat' dir='ltr'>reguum,</span> <span class='ocrx_word' id='word_1_359' title='bbox 1395 2004 1422 2046; x_wconf 88' lang='grc' dir='ltr'>Ι,</span> <span class='ocrx_word' id='word_1_360' title='bbox 1456 2004 1500 2039; x_wconf 88' lang='lat'>16</span> <span class='ocrx_word' id='word_1_361' title='bbox 1534 2009 1605 2039; x_wconf 80' lang='lat' dir='ltr'>not.</span> <span class='ocrx_word' id='word_1_362' title='bbox 1637 2006 1770 2039; x_wconf 87' lang='lat' dir='ltr'>bellum</span> 
     </span>
     <span class='ocr_line' id='line_1_80' title="bbox 1094 2051 1769 2095; baseline 0.001 -11"><span class='ocrx_word' id='word_1_363' title='bbox 1094 2062 1174 2085; x_wconf 89' lang='lat' dir='ltr'>cum</span> <span class='ocrx_word' id='word_1_364' title='bbox 1197 2051 1343 2085; x_wconf 84' lang='lat' dir='ltr'>Milesiis</span> <span class='ocrx_word' id='word_1_365' title='bbox 1366 2061 1387 2085; x_wconf 86' lang='lat' dir='ltr'>a</span> <span class='ocrx_word' id='word_1_366' title='bbox 1405 2054 1503 2095; x_wconf 88' lang='lat' dir='ltr'>patre</span> <span class='ocrx_word' id='word_1_367' title='bbox 1525 2051 1592 2086; x_wconf 82' lang='lat' dir='ltr'>sibi</span> <span class='ocrx_word' id='word_1_368' title='bbox 1604 2052 1769 2088; x_wconf 77' lang='lat' dir='ltr'>traditum</span> 
     </span>
    </p>
   </div>
   <div class='ocr_carea' id='block_1_7' title="bbox 268 2243 1779 2385">
    <p class='ocr_par' dir='ltr' id='par_1_27' title="bbox 268 2243 1779 2385">
     <span class='ocr_line' id='line_1_81' title="bbox 361 2243 1769 2291; baseline -0.002 -11"><span class='ocrx_word' id='word_1_369' title='bbox 361 2248 395 2291; x_wconf 83' lang='lat'>*)</span> <span class='ocrx_word' id='word_1_370' title='bbox 421 2249 647 2281; x_wconf 84' lang='lat' dir='ltr'>Tractaverat</span> <span class='ocrx_word' id='word_1_371' title='bbox 676 2245 720 2278; x_wconf 87' lang='lat' dir='ltr'>de</span> <span class='ocrx_word' id='word_1_372' title='bbox 745 2245 809 2279; x_wconf 87' lang='lat' dir='ltr'>hac</span> <span class='ocrx_word' id='word_1_373' title='bbox 827 2245 892 2278; x_wconf 87' lang='lat' dir='ltr'>dea</span> <span class='ocrx_word' id='word_1_374' title='bbox 910 2244 1014 2287; x_wconf 84' lang='lat' dir='ltr'>Book,</span> <span class='ocrx_word' id='word_1_375' title='bbox 1038 2244 1073 2276; x_wconf 85' lang='lat' dir='ltr'>in</span> <span class='ocrx_word' id='word_1_376' title='bbox 1101 2244 1213 2283; x_wconf 88' lang='lat' dir='ltr'>libro,</span> <span class='ocrx_word' id='word_1_377' title='bbox 1237 2255 1337 2288; x_wconf 90' lang='lat' dir='ltr'>quem</span> <span class='ocrx_word' id='word_1_378' title='bbox 1359 2243 1402 2276; x_wconf 83' lang='lat' dir='ltr'>de</span> <span class='ocrx_word' id='word_1_379' title='bbox 1433 2243 1623 2287; x_wconf 84' lang='lat' dir='ltr'>symbolica</span> <span class='ocrx_word' id='word_1_380' title='bbox 1651 2244 1769 2277; x_wconf 83' lang='lat' dir='ltr'>archi-</span> 
     </span>
     <span class='ocr_line' id='line_1_82' title="bbox 268 2289 1779 2334; baseline -0.004 -6"><span class='ocrx_word' id='word_1_381' title='bbox 268 2300 425 2328; x_wconf 82' lang='lat' dir='ltr'>tecturae</span> <span class='ocrx_word' id='word_1_382' title='bbox 443 2300 596 2325; x_wconf 79' lang='lat' dir='ltr'>veterum</span> <span class='ocrx_word' id='word_1_383' title='bbox 616 2292 767 2324; x_wconf 85' lang='lat' dir='ltr'>editurus</span> <span class='ocrx_word' id='word_1_384' title='bbox 787 2298 872 2331; x_wconf 83' lang='lat' dir='ltr'>erat,</span> <span class='ocrx_word' id='word_1_385' title='bbox 895 2303 983 2323; x_wconf 87' lang='lat' dir='ltr'>nunc</span> <span class='ocrx_word' id='word_1_386' title='bbox 1005 2291 1122 2322; x_wconf 84' lang='lat' dir='ltr'>deleto</span> <span class='ocrx_word' id='word_1_387' title='bbox 1141 2302 1176 2333; x_wconf 86' lang='lat' dir='ltr'>p.</span> <span class='ocrx_word' id='word_1_388' title='bbox 1200 2289 1254 2324; x_wconf 73' lang='lat'>52.</span> <span class='ocrx_word' id='word_1_389' title='bbox 1284 2302 1325 2322; x_wconf 90' lang='lat' dir='ltr'>eo</span> <span class='ocrx_word' id='word_1_390' title='bbox 1350 2290 1502 2322; x_wconf 86' lang='lat' dir='ltr'>referens</span> <span class='ocrx_word' id='word_1_391' title='bbox 1529 2290 1681 2334; x_wconf 85' lang='lat' dir='ltr'>lapidem</span> <span class='ocrx_word' id='word_1_392' title='bbox 1709 2290 1779 2322; x_wconf 85' lang='lat' dir='ltr'>ni-&#39;</span> 
     </span>
     <span class='ocr_line' id='line_1_83' title="bbox 269 2336 1767 2385; baseline -0.004 -11"><span class='ocrx_word' id='word_1_393' title='bbox 269 2353 387 2385; x_wconf 85' lang='lat' dir='ltr'>grum,</span> <span class='ocrx_word' id='word_1_394' title='bbox 414 2339 503 2372; x_wconf 86' lang='lat' dir='ltr'>circa</span> <span class='ocrx_word' id='word_1_395' title='bbox 523 2351 625 2383; x_wconf 88' lang='lat' dir='ltr'>quem</span> <span class='ocrx_word' id='word_1_396' title='bbox 646 2338 766 2370; x_wconf 78' lang='lat' dir='ltr'>Kaaba</span> <span class='ocrx_word' id='word_1_397' title='bbox 786 2338 890 2370; x_wconf 85' lang='lat' dir='ltr'>fuerit</span> <span class='ocrx_word' id='word_1_398' title='bbox 911 2343 1094 2378; x_wconf 80' lang='lat' dir='ltr'>exstructa,</span> <span class='ocrx_word' id='word_1_399' title='bbox 1120 2336 1230 2368; x_wconf 65' lang='lat' dir='ltr'>forma</span> <span class='ocrx_word' id='word_1_400' title='bbox 1257 2336 1433 2380; x_wconf 78' lang='lat' dir='ltr'>quadrata.</span> <span class='ocrx_word' id='word_1_401' title='bbox 1481 2336 1604 2380; x_wconf 76' lang='lat' dir='ltr'>Magis,</span> <span class='ocrx_word' id='word_1_402' title='bbox 1630 2337 1767 2381; x_wconf 88' lang='lat' dir='ltr'>opinor,</span> 
     </span>
    </p>
   </div>
   <div class='ocr_carea' id='block_1_8' title="bbox 268 2382 1769 2796">
    <p class='ocr_par' dir='ltr' id='par_1_28' title="bbox 268 2382 1769 2796">
     <span class='ocr_line' id='line_1_84' title="bbox 268 2382 1769 2429; baseline -0.003 -10"><span class='ocrx_word' id='word_1_403' title='bbox 268 2388 336 2419; x_wconf 89' lang='lat' dir='ltr'>huc</span> <span class='ocrx_word' id='word_1_404' title='bbox 361 2385 547 2429; x_wconf 83' lang='lat' dir='ltr'>pertinent,</span> <span class='ocrx_word' id='word_1_405' title='bbox 580 2395 667 2428; x_wconf 83' lang='lat' dir='ltr'>quae</span> <span class='ocrx_word' id='word_1_406' title='bbox 696 2396 806 2425; x_wconf 84' lang='lat' dir='ltr'>nuper</span> <span class='ocrx_word' id='word_1_407' title='bbox 833 2382 1019 2425; x_wconf 74' lang='lat' dir='ltr'>Schelliug.</span> <span class='ocrx_word' id='word_1_408' title='bbox 1049 2382 1211 2414; x_wconf 85' lang='lat' dir='ltr'>disseruit</span> <span class='ocrx_word' id='word_1_409' title='bbox 1233 2383 1400 2424; x_wconf 79' lang='lat' dir='ltr'>(Zweiter</span> <span class='ocrx_word' id='word_1_410' title='bbox 1425 2382 1683 2416; x_wconf 81' lang='lat' dir='ltr'>Jahresbericht</span> <span class='ocrx_word' id='word_1_411' title='bbox 1705 2383 1769 2415; x_wconf 85' lang='lat' dir='ltr'>der</span> 
     </span>
     <span class='ocr_line' id='line_1_85' title="bbox 268 2428 1769 2473; baseline -0.003 -8"><span class='ocrx_word' id='word_1_412' title='bbox 268 2432 442 2465; x_wconf 80' lang='lat' dir='ltr'>Baiersch.</span> <span class='ocrx_word' id='word_1_413' title='bbox 464 2431 627 2465; x_wconf 77' lang='lat' dir='ltr'>Akadem.</span> <span class='ocrx_word' id='word_1_414' title='bbox 644 2430 706 2461; x_wconf 88' lang='lat' dir='ltr'>der</span> <span class='ocrx_word' id='word_1_415' title='bbox 725 2429 940 2462; x_wconf 69' lang='lat' dir='ltr'>VVissensch.</span> <span class='ocrx_word' id='word_1_416' title='bbox 964 2429 1062 2462; x_wconf 82' lang='lat'>1831.</span> <span class='ocrx_word' id='word_1_417' title='bbox 1083 2429 1241 2462; x_wconf 79' lang='lat' dir='ltr'>Monach.</span> <span class='ocrx_word' id='word_1_418' title='bbox 1267 2441 1300 2473; x_wconf 89' lang='lat' dir='ltr'>p.</span> <span class='ocrx_word' id='word_1_419' title='bbox 1329 2428 1372 2463; x_wconf 86' lang='lat'>55</span> <span class='ocrx_word' id='word_1_420' title='bbox 1395 2431 1496 2472; x_wconf 89' lang='lat' dir='ltr'>seq.)‚</span> <span class='ocrx_word' id='word_1_421' title='bbox 1523 2440 1639 2461; x_wconf 85' lang='lat' dir='ltr'>eorum</span> <span class='ocrx_word' id='word_1_422' title='bbox 1654 2428 1769 2460; x_wconf 86' lang='lat' dir='ltr'>inter-</span> 
     </span>
     <span class='ocr_line' id='line_1_86' title="bbox 269 2474 1769 2523; baseline -0.003 -12"><span class='ocrx_word' id='word_1_423' title='bbox 269 2478 466 2523; x_wconf 83' lang='lat' dir='ltr'>pretatione</span> <span class='ocrx_word' id='word_1_424' title='bbox 485 2478 639 2517; x_wconf 80' lang='lat' dir='ltr'>reiecta,</span> <span class='ocrx_word' id='word_1_425' title='bbox 665 2475 724 2519; x_wconf 86' lang='lat' dir='ltr'>qui</span> <span class='ocrx_word' id='word_1_426' title='bbox 741 2475 826 2507; x_wconf 87' lang='lat' dir='ltr'>duce</span> <span class='ocrx_word' id='word_1_427' title='bbox 847 2475 996 2518; x_wconf 84' lang='lat' dir='ltr'>losepho</span> <span class='ocrx_word' id='word_1_428' title='bbox 1027 2474 1201 2516; x_wconf 85' lang='lat' dir='ltr'>Scaligero</span> <span class='ocrx_word' id='word_1_429' title='bbox 1230 2475 1274 2507; x_wconf 88' lang='lat' dir='ltr'>ad</span> <span class='ocrx_word' id='word_1_430' title='bbox 1304 2486 1423 2507; x_wconf 88' lang='lat' dir='ltr'>vocem</span> <span class='ocrx_word' id='word_1_431' title='bbox 1447 2475 1563 2508; x_wconf 72' lang='lat' dir='ltr'>Alilat</span> <span class='ocrx_word' id='word_1_432' title='bbox 1589 2474 1769 2518; x_wconf 83' lang='lat' dir='ltr'>explican-</span> 
     </span>
     <span class='ocr_line' id='line_1_87' title="bbox 270 2520 1768 2564; baseline -0.003 -7"><span class='ocrx_word' id='word_1_433' title='bbox 270 2526 349 2557; x_wconf 85' lang='lat' dir='ltr'>dam</span> <span class='ocrx_word' id='word_1_434' title='bbox 364 2524 512 2557; x_wconf 82' lang='lat' dir='ltr'>afferunt</span> <span class='ocrx_word' id='word_1_435' title='bbox 536 2523 717 2556; x_wconf 78' lang='lat' dir='ltr'>Arabicum</span> <span class='ocrx_word' id='word_1_436' title='bbox 741 2521 854 2563; x_wconf 76' lang='lat' dir='ltr'>Hilal,</span> <span class='ocrx_word' id='word_1_437' title='bbox 881 2522 1008 2564; x_wconf 87' lang='lat' dir='ltr'>quippe</span> <span class='ocrx_word' id='word_1_438' title='bbox 1026 2520 1120 2564; x_wconf 87' lang='lat' dir='ltr'>quod</span> <span class='ocrx_word' id='word_1_439' title='bbox 1142 2532 1211 2552; x_wconf 92' lang='lat' dir='ltr'>non</span> <span class='ocrx_word' id='word_1_440' title='bbox 1239 2521 1374 2564; x_wconf 85' lang='lat' dir='ltr'>lunam,</span> <span class='ocrx_word' id='word_1_441' title='bbox 1401 2526 1439 2553; x_wconf 91' lang='lat' dir='ltr'>ut</span> <span class='ocrx_word' id='word_1_442' title='bbox 1465 2521 1523 2553; x_wconf 85' lang='lat' dir='ltr'>isti</span> <span class='ocrx_word' id='word_1_443' title='bbox 1538 2526 1680 2564; x_wconf 82' lang='lat' dir='ltr'>putent,</span> <span class='ocrx_word' id='word_1_444' title='bbox 1705 2521 1768 2553; x_wconf 88' lang='lat' dir='ltr'>sed</span> 
     </span>
     <span class='ocr_line' id='line_1_88' title="bbox 270 2566 1768 2612; baseline -0.003 -9"><span class='ocrx_word' id='word_1_445' title='bbox 270 2571 497 2603; x_wconf 75' lang='lat' dir='ltr'>novilunium</span> <span class='ocrx_word' id='word_1_446' title='bbox 518 2570 622 2602; x_wconf 90' lang='lat' dir='ltr'>modo</span> <span class='ocrx_word' id='word_1_447' title='bbox 642 2567 822 2611; x_wconf 84' lang='lat' dir='ltr'>significet.</span> <span class='ocrx_word' id='word_1_448' title='bbox 870 2569 992 2612; x_wconf 85' lang='lat' dir='ltr'>Neque</span> <span class='ocrx_word' id='word_1_449' title='bbox 1015 2568 1199 2599; x_wconf 81' lang='lat' dir='ltr'>convenire</span> <span class='ocrx_word' id='word_1_450' title='bbox 1213 2569 1284 2601; x_wconf 81' lang='lat' dir='ltr'>hoc</span> <span class='ocrx_word' id='word_1_451' title='bbox 1303 2569 1351 2600; x_wconf 90' lang='lat' dir='ltr'>ait</span> <span class='ocrx_word' id='word_1_452' title='bbox 1372 2579 1445 2600; x_wconf 88' lang='lat' dir='ltr'>cum</span> <span class='ocrx_word' id='word_1_453' title='bbox 1466 2566 1574 2610; x_wconf 86' lang='lat' dir='ltr'>ipsius</span> <span class='ocrx_word' id='word_1_454' title='bbox 1595 2566 1768 2599; x_wconf 81' lang='lat' dir='ltr'>Herodoti</span> 
     </span>
     <span class='ocr_line' id='line_1_89' title="bbox 271 2612 1767 2658; baseline -0.003 -10"><span class='ocrx_word' id='word_1_455' title='bbox 271 2616 482 2657; x_wconf 82' lang='lat' dir='ltr'>testimonio,</span> <span class='ocrx_word' id='word_1_456' title='bbox 504 2617 545 2658; x_wconf 82' lang='lat'>(1.</span> <span class='ocrx_word' id='word_1_457' title='bbox 568 2615 647 2658; x_wconf 82' lang='grc'><strong>131)</strong></span> <span class='ocrx_word' id='word_1_458' title='bbox 675 2620 712 2646; x_wconf 87' lang='lat' dir='ltr'>ut</span> <span class='ocrx_word' id='word_1_459' title='bbox 725 2614 890 2647; x_wconf 83' lang='lat' dir='ltr'>lunarem</span> <span class='ocrx_word' id='word_1_460' title='bbox 907 2614 1008 2646; x_wconf 83' lang='lat' dir='ltr'>deam</span> <span class='ocrx_word' id='word_1_461' title='bbox 1031 2613 1085 2646; x_wconf 82' lang='lat' dir='ltr'>hic</span> <span class='ocrx_word' id='word_1_462' title='bbox 1102 2613 1248 2646; x_wconf 88' lang='lat' dir='ltr'>iudicari</span> <span class='ocrx_word' id='word_1_463' title='bbox 1269 2619 1468 2654; x_wconf 83' lang='lat' dir='ltr'>statuamus,</span> <span class='ocrx_word' id='word_1_464' title='bbox 1493 2625 1568 2645; x_wconf 90' lang='lat' dir='ltr'>cum</span> <span class='ocrx_word' id='word_1_465' title='bbox 1587 2612 1647 2645; x_wconf 85' lang='lat' dir='ltr'>ille</span> <span class='ocrx_word' id='word_1_466' title='bbox 1664 2617 1767 2656; x_wconf 85' lang='lat' dir='ltr'>post-</span> 
     </span>
     <span class='ocr_line' id='line_1_90' title="bbox 272 2658 1767 2704; baseline -0.003 -10"><span class='ocrx_word' id='word_1_467' title='bbox 272 2673 373 2704; x_wconf 86' lang='lat' dir='ltr'>quam</span> <span class='ocrx_word' id='word_1_468' title='bbox 394 2662 503 2694; x_wconf 85' lang='lat' dir='ltr'>solem</span> <span class='ocrx_word' id='word_1_469' title='bbox 525 2668 559 2694; x_wconf 87' lang='lat' dir='ltr'>et</span> <span class='ocrx_word' id='word_1_470' title='bbox 586 2662 709 2693; x_wconf 82' lang='lat' dir='ltr'>lanam</span> <span class='ocrx_word' id='word_1_471' title='bbox 730 2672 750 2693; x_wconf 89' lang='lat' dir='ltr'>a</span> <span class='ocrx_word' id='word_1_472' title='bbox 777 2660 890 2692; x_wconf 86' lang='lat' dir='ltr'>Persis</span> <span class='ocrx_word' id='word_1_473' title='bbox 907 2659 974 2692; x_wconf 90' lang='lat' dir='ltr'>coli</span> <span class='ocrx_word' id='word_1_474' title='bbox 998 2660 1187 2700; x_wconf 84' lang='lat' dir='ltr'>enarravit,</span> <span class='ocrx_word' id='word_1_475' title='bbox 1213 2659 1313 2692; x_wconf 79' lang='lat' dir='ltr'>aliam</span> <span class='ocrx_word' id='word_1_476' title='bbox 1334 2666 1514 2702; x_wconf 86' lang='lat' dir='ltr'>praeterea</span> <span class='ocrx_word' id='word_1_477' title='bbox 1539 2659 1637 2691; x_wconf 87' lang='lat' dir='ltr'>addit</span> <span class='ocrx_word' id='word_1_478' title='bbox 1656 2658 1767 2698; x_wconf 87' lang='lat' dir='ltr'>deam,</span> 
     </span>
     <span class='ocr_line' id='line_1_91' title="bbox 272 2703 1767 2750; baseline -0.004 -9"><span class='ocrx_word' id='word_1_479' title='bbox 272 2709 422 2741; x_wconf 80' lang='lat' dir='ltr'>,Mittam</span> <span class='ocrx_word' id='word_1_480' title='bbox 447 2709 518 2740; x_wconf 87' lang='lat' dir='ltr'>sive</span> <span class='ocrx_word' id='word_1_481' title='bbox 544 2708 718 2745; x_wconf 75' lang='lat' dir='ltr'>Alictam3</span> <span class='ocrx_word' id='word_1_482' title='bbox 745 2707 779 2738; x_wconf 83' lang='lat' dir='ltr'>in</span> <span class='ocrx_word' id='word_1_483' title='bbox 797 2718 862 2750; x_wconf 84' lang='lat' dir='ltr'>qua</span> <span class='ocrx_word' id='word_1_484' title='bbox 881 2717 966 2739; x_wconf 86' lang='lat' dir='ltr'>voce</span> <span class='ocrx_word' id='word_1_485' title='bbox 986 2706 1037 2739; x_wconf 81' lang='lat' dir='ltr'>Al</span> <span class='ocrx_word' id='word_1_486' title='bbox 1053 2706 1202 2738; x_wconf 87' lang='lat' dir='ltr'>Arabum</span> <span class='ocrx_word' id='word_1_487' title='bbox 1235 2705 1279 2738; x_wconf 87' lang='lat' dir='ltr'>sit</span> <span class='ocrx_word' id='word_1_488' title='bbox 1304 2705 1467 2739; x_wconf 82' lang='lat' dir='ltr'>articulus</span> <span class='ocrx_word' id='word_1_489' title='bbox 1496 2712 1530 2738; x_wconf 90' lang='lat' dir='ltr'>et</span> <span class='ocrx_word' id='word_1_490' title='bbox 1560 2705 1634 2739; x_wconf 77' lang='lat' dir='ltr'>Ilat</span> <span class='ocrx_word' id='word_1_491' title='bbox 1661 2703 1767 2736; x_wconf 83' lang='lat' dir='ltr'>femi-</span> 
     </span>
     <span class='ocr_line' id='line_1_92' title="bbox 273 2752 1186 2796; baseline -0.002 -9"><span class='ocrx_word' id='word_1_492' title='bbox 273 2754 390 2787; x_wconf 81' lang='lat' dir='ltr'>ninum</span> <span class='ocrx_word' id='word_1_493' title='bbox 414 2754 508 2786; x_wconf 81' lang='lat' dir='ltr'>vocis</span> <span class='ocrx_word' id='word_1_494' title='bbox 526 2754 609 2787; x_wconf 69' lang='lat' dir='ltr'><strong><em>Ilalz</em></strong></span> <span class='ocrx_word' id='word_1_495' title='bbox 635 2765 662 2786; x_wconf 90' lang='lat' dir='ltr'>s.</span> <span class='ocrx_word' id='word_1_496' title='bbox 679 2753 785 2793; x_wconf 78' lang='lat' dir='ltr'>Elah,</span> <span class='ocrx_word' id='word_1_497' title='bbox 810 2764 876 2796; x_wconf 87' lang='lat' dir='ltr'>qua</span> <span class='ocrx_word' id='word_1_498' title='bbox 897 2753 987 2785; x_wconf 77' lang='lat' dir='ltr'>deas</span> <span class='ocrx_word' id='word_1_499' title='bbox 1004 2752 1186 2785; x_wconf 85' lang='lat' dir='ltr'>indicetur.</span> 
     </span>
    </p>
   </div>
   <div class='ocr_carea' id='block_1_9' title="bbox 367 2809 1270 2854">
    <p class='ocr_par' dir='ltr' id='par_1_29' title="bbox 367 2809 1270 2854">
     <span class='ocr_line' id='line_1_93' title="bbox 367 2809 1270 2854; baseline -0.001 -12"><span class='ocrx_word' id='word_1_500' title='bbox 367 2810 414 2854; x_wconf 72' lang='grc'>*“)</span> <span class='ocrx_word' id='word_1_501' title='bbox 439 2809 528 2844; x_wconf 86' lang='lat' dir='ltr'>Add.</span> <span class='ocrx_word' id='word_1_502' title='bbox 547 2810 697 2846; x_wconf 83' lang='lat' dir='ltr'>Sintenis</span> <span class='ocrx_word' id='word_1_503' title='bbox 714 2810 759 2844; x_wconf 86' lang='lat' dir='ltr'>ad</span> <span class='ocrx_word' id='word_1_504' title='bbox 774 2809 948 2846; x_wconf 84' lang='lat' dir='ltr'>Plutarch.</span> <span class='ocrx_word' id='word_1_505' title='bbox 971 2809 1138 2844; x_wconf 85' lang='lat' dir='ltr'>Themist.</span> <span class='ocrx_word' id='word_1_506' title='bbox 1157 2810 1216 2854; x_wconf 85' lang='lat' dir='ltr'>lp.</span> <span class='ocrx_word' id='word_1_507' title='bbox 1236 2809 1270 2845; x_wconf 90' lang='grc'>7.</span> 
     </span>
    </p>
   </div>
  </div>
 </body>
</html>
