1839 3292
369 186 454 226 268

767 183 1229 220 HERODOTI

341 292 680 347 4στρατόπεδον,
701 293 774 336 καὶ
796 288 1076 343 ἀνθρώπους,
1096 293 1139 333 οἳ
1151 292 1324 335 εἵποντο
1337 296 1448 335 τοῖσι
1461 289 1634 346 ζεύγεσι.

367 361 537 412 ἑλόντες
578 361 624 403 δὲ
663 359 825 414 ταύτην
855 357 933 415 τὴν
964 356 1104 413 ἄγρην
1125 359 1168 400 οἱ
1198 359 1386 412 Πέρσαι,
1425 357 1637 414 ἀφειδέως

367 427 604 484 ἐφόνευον,
646 425 699 469 οὐ
731 424 984 481 φειδόμενοι
1024 426 1124 468 οὔτε
1161 423 1401 481 ὑποζυγίου
1441 425 1634 479 οὐδενὸς,
1652 434 1693 467 10

339 501 360 536 5
405 494 426 508 ‚f
514 493 524 508 ‚
645 493 654 505 ,

369 511 469 539 ουτε
501 497 756 549 ανθρωπου.

817 491 875 544 ὠς
922 492 968 536 δὲ
999 493 1111 548 ἄδην
1151 489 1267 548 εἶχον
1309 495 1549 544 κτείνοντες
1583 494 1636 536 τὰ

367 561 498 606 λοιπὰ
530 561 677 605 αὐτῶν
707 561 905 618 ἤλαυνον
921 560 1281 616 περιβαλλόμενοι
1298 559 1418 614 παρά
1447 576 1491 603 τε
1509 565 1634 614 Μαρ-

242 636 310 681 40
369 628 522 673 δόνιον
552 631 624 672 καὶ
655 631 697 682 ἐς
726 630 775 673 τό
808 628 1112 682 στρατόπεδον.
1169 628 1297 671 Μετὰ
1340 628 1387 671 δὲ
1415 633 1548 672 τοῦτο
1585 627 1634 675 τό

368 697 497 752 ἔργον
526 697 673 750 ἑτέρας
703 696 783 741 δύο
812 696 974 753 ἡμέρας
1004 696 1249 751 διέτριψαν,
1281 695 1506 750 οὐδέτεροι
1535 699 1636 752 βου-

367 767 545 821 λόμενοι
573 767 708 822 μάχης
738 765 878 819 ἄρξαι.

939 766 1061 820 μέχρι
1098 764 1175 821 μὲν
1210 764 1292 820 γὰρ
1333 769 1413 807 τοῦ
1437 762 1691 807 Ἀσωποῦ15

365 832 549 890 ἐπήϊσαν
579 835 623 876 οἱ
641 833 871 889 βάρβαροι,
899 832 1157 887 πειρώμενοι
1187 830 1521 886 τῶνἙλλήνων,
1553 831 1634 874 διέ-
1684 882 1688 887 ,

337 904 524 957 Ξβαινον
557 900 604 944 δὲ
634 899 872 954 ου’δέτεροι.
930 899 957 956 ἦ
988 900 1138 955 μέντοι
1163 902 1293 951 ἵππος
1321 898 1634 956 ἡΜαρδονίου

367 970 450 1012 αἰεὶ
478 967 730 1021 προσέκειτό
759 984 801 1011 τε
831 968 904 1011 καὶ
933 968 1081 1011 ἐλύπεε
1111 968 1454 1023 τούς’Έλληνας.
1485 969 1528 1010 οἱ
1548 966 1632 1022 γάρ

368 1040 567 1092 Θηβαῖοι,
601 1036 673 1078 ἅτε
691 1036 940 1091 μηδίζοντες
955 1035 1169 1091 μεγάλως,
1201 1035 1442 1092 προθύμως
1471 1035 1633 1091 ἔφερον

366 1103 446 1147 τόν
474 1102 686 1158 πόλεμον,
722 1103 794 1145 καὶ
824 1103 905 1146 αιέὶ
935 1103 1195 1159 κατηγέοντο
1235 1104 1357 1159 μέχρι
1386 1104 1545 1160 μάχης·
1584 1103 1633 1147 τὸ
1646 1110 1689 1144 ΞΟ

365 1170 412 1215 δὲ
440 1169 526 1214 ἀπὸ
555 1169 716 1214 τούτου
738 1171 1086 1226 παραδεκόμενοι
1103 1172 1270 1227 Πέρσαι
1297 1187 1342 1215 τε
1371 1173 1445 1216 καὶ
1467 1174 1631 1229 Μῆδοι,

363 1236 478 1295 μάλα
508 1239 639 1282 ἔσκον
669 1241 712 1283 οἳ
740 1236 1022 1284 ἀπεδείκνυτο
1054 1238 1221 1295 ἀρετάς.

365 1409 435 1450 καὶ
459 1405 708 1464 ἀνθρώπους
739 1411 779 1451 οἳ
807 1410 967 1453 εἵποντο

307 1471 409 1507 τοῖσι
429 1463 598 1520 ζεύγεσι]
621 1469 744 1505 Possis
757 1469 968 1520 intelligere

307 1537 441 1573 servos,
473 1536 568 1576 quos
588 1523 692 1561 haud
715 1538 800 1562 raro
819 1527 968 1577 simpli—

306 1582 399 1619 citer
416 1583 542 1620 vocari
563 1577 820 1633 ἀνθρώπους,
842 1590 967 1621 osten-

307 1637 424 1687 dunt,
458 1651 554 1690 quae
585 1637 634 1675 ad
654 1640 840 1690 Evangel.
869 1642 964 1679 Luc.

305 1696 401 1743 XII,
432 1698 485 1736 36
514 1696 626 1732 allata
655 1703 742 1733 sunt
772 1697 818 1732 ab
848 1698 964 1734 inter-

304 1753 472 1803 pretibus
494 1759 532 1789 et
556 1765 653 1804 quae
679 1754 758 1803 ipse
787 1755 893 1790 attuli
915 1752 964 1790 ad

305 1807 502 1846 Plutarch.
533 1809 721 1846 Alcibiad.
758 1823 844 1861 pag.
885 1812 960 1851 68:

305 1867 378 1903 nisi
413 1865 452 1905 h.
490 1867 516 1904 l.
558 1867 714 1902 omuino
749 1866 966 1903 indicantur

305 1924 397 1960 viles
437 1921 609 1959 homiues
627 1953 636 1971 ,
675 1923 860 1960 inferioris
899 1925 965 1975 qui

305 1986 413 2016 erant
451 1979 698 2028 conditionis,
737 1994 809 2017 nec
853 1982 965 2017 armis

304 2034 469 2073 ferendis
491 2036 597 2086 digni
616 2038 695 2073 sive
717 2038 814 2088 apti3
842 2044 883 2074 ut
909 2050 966 2074 sa-

304 2107 354 2130 ne
375 2107 444 2130 nec
466 2093 718 2130 excludantur
737 2095 856 2142 servi,
893 2107 964 2130 nec

304 2151 373 2187 soli
399 2151 439 2186 in
460 2151 672 2201 periculum
711 2152 883 2200 veniant,
922 2157 966 2188 ut

304 2209 354 2244 ait
375 2208 604 2258 WVesseliug.

361 2259 560 2313 ἀφειδέως
593 2260 808 2313 ἐφόνευον]
863 2262 963 2309 Quid

304 2321 375 2358 sibi
395 2321 485 2358 velit
505 2321 640 2356 vocula
657 2315 864 2369 ἀφειδέως,
885 2327 963 2357 sta-

304 2379 375 2414 tim
404 2378 567 2428 explicat
606 2378 728 2414 verbis
764 2378 960 2414 subiectis:

306 2429 354 2473 ov’
380 2430 609 2486 φειδόμενοι
632 2431 722 2473 οὔτε
745 2432 963 2485 ὑποζυγίου

306 2486 484 2539 ον’δενὸς,
498 2487 589 2530 οὔτε
605 2485 842 2544 ἀνθρώπου.
854 2490 964 2528 Idem

304 2548 339 2595 1,
366 2550 453 2587 163.
484 2550 564 2588 207
594 2547 661 2585 fin.

364 2601 417 2648 οἱς
432 2601 472 2642 δὲ
487 2601 587 2653 ι’ίδην
605 2601 706 2655 εἶχεν
725 2600 960 2655 κτείνοντες]

305 2660 456 2695 Excitat
477 2660 613 2698 Suidas
633 2675 664 2701 s.
686 2675 723 2698 v.
746 2658 851 2711 ἅδην
885 2661 902 2696 1
921 2674 960 2710 p.

303 2715 370 2756 51.
400 2716 465 2751 Tu
484 2715 560 2755 vid.
581 2716 714 2755 Matth.
737 2719 803 2754 Gr.
824 2719 892 2754 Gr.
922 2718 961 2763 §-

301 2772 398 2821 550,
420 2772 444 2809 b
464 2785 551 2823 pag·
578 2776 694 2815 1081.
725 2773 960 2813 Valckenae-

1023 1413 1100 1452 rius
1117 1412 1165 1451 de
1185 1412 1257 1451 hac
1277 1413 1470 1450 locutione
1491 1411 1686 1448 excitave-

1023 1478 1081 1508 rat
1100 1472 1250 1508 Platon.
1272 1469 1467 1507 Charmid.
1495 1481 1584 1520 pag.
1607 1467 1686 1508 153

1025 1529 1067 1564 C.
1123 1530 1180 1566 De
1202 1528 1349 1578 republ.
1371 1528 1439 1564 Vll
1459 1526 1525 1563 fin.
1542 1523 1686 1563 Athen.

1022 1585 1074 1622 IV
1104 1598 1190 1635 pag.
1224 1587 1302 1625 128
1334 1584 1381 1622 E.
1424 1579 1687 1619 Hemsterhus.

1023 1640 1071 1678 ad
1100 1642 1260 1679 Lucian.
1291 1641 1397 1691 Nigr.
1431 1654 1463 1677 c.
1500 1642 1561 1680 13.
1592 1639 1643 1675 Τ.
1667 1638 1685 1673 I

1020 1711 1108 1749 pag.
1133 1697 1211 1738 ‘247
1231 1698 1316 1748 Bip.

1076 1752 1255 1805 ἤλαυνον
1283 1747 1630 1805 περιβαλλόμενοι]
1658 1752 1685 1787 i.

1022 1824 1055 1847 e.
1085 1812 1223 1861 reliqua
1251 1824 1367 1848 eorum
1408 1808 1685 1859 (iumentorum

1022 1881 1144 1919 aeque
1164 1875 1278 1919 atque
1309 1865 1529 1917 hominum)
1558 1865 1685 1913 abige-

1021 1929 1104 1961 wnt
1143 1925 1192 1962 ad
1223 1923 1478 1971 Blardom'um,
1530 1923 1684 1958 circum-

1020 1983 1215 2029 venientes,
1266 1983 1442 2030 cingentes
1489 1991 1596 2029 eaqne
1646 1979 1684 2014 in

1022 2051 1124 2075 usum
1192 2050 1292 2074 suum
1360 2040 1541 2074 vertentes.
1626 2035 1683 2070 Ita

1023 2093 1378 2144 Schweighaeuser.
1409 2094 1447 2129 iu
1478 2094 1573 2130 Lex.
1601 2092 1683 2126 He·-

1020 2150 1102 2187 rod.
1138 2153 1195 2187 De
1227 2152 1343 2187 verbo
1372 2144 1684 2199 περιβάλλεσθαι

1021 2207 1123 2244 conf.
1176 2208 1252 2255 111,
1302 2209 1353 2247 71
1406 2206 1536 2257 ibique
1583 2210 1681 2241 nott.

1019 2265 1126 2310 v111,
1145 2265 1185 2304 8.

1248 2352 1341 2409 Cep.
1371 2352 1456 2387 XL.
1524 2396 1526 2398 Ι

1078 2431 1309 2484 μηδίζοντες
1337 2426 1527 2483 μεγάλως]
1569 2428 1680 2465 Cous.

1019 2496 1115 2528 nott.
1137 2488 1186 2525 ad
1204 2489 1282 2535 IX,
1316 2490 1381 2527 17.
1428 2486 1682 2523 Locutiouem

1022 2544 1160 2598 φέρειν
1179 2542 1249 2585 τόν
1270 2540 1444 2594 πόλεμον
1464 2543 1679 2580 invenimus

1017 2604 1086 2650 IX,
1110 2605 1173 2643 18.
1234 2600 1296 2638 Ad
1316 2599 1551 2652 κατηγέοντο
1568 2612 1678 2635 meu-

1017 2667 1055 2697 te
1075 2657 1191 2696 addas
1217 2659 1303 2695 licet
1333 2659 1383 2712 τῇ
1414 2659 1488 2697 τοῦ
1509 2656 1677 2707 Μαρδο-

1016 2716 1109 2756 νίου
1129 2715 1251 2769 ἵππῳ.
1281 2735 1336 2742 --
1365 2716 1546 2751 Formam
1564 2711 1679 2750 ἔσκον

1017 2772 1214 2824 attigimus
1229 2771 1278 2809 ad
1292 2772 1356 2820 vl,
1375 2773 1469 2812 133.
1489 2769 1571 2817 Vll,
1585 2769 1680 2808 119.
