<?xml version="1.0" encoding="UTF-8"?>
<!DOCTYPE html PUBLIC "-//W3C//DTD XHTML 1.0 Transitional//EN"
    "http://www.w3.org/TR/xhtml1/DTD/xhtml1-transitional.dtd">
<html xmlns="http://www.w3.org/1999/xhtml" xml:lang="en" lang="en">
 <head>
  <title>
</title>
<meta http-equiv="Content-Type" content="text/html;charset=utf-8" />
  <meta name='ocr-system' content='tesseract 3.04.00' />
  <meta name='ocr-capabilities' content='ocr_page ocr_carea ocr_par ocr_line ocrx_word'/>
</head>
<body>
  <div class='ocr_page' id='page_1' title='image "./musaeher04hero_0415.png"; bbox 0 0 1839 3292; ppageno 0'>
   <div class='ocr_carea' id='block_1_1' title="bbox 452 234 1620 280">
    <p class='ocr_par' dir='ltr' id='par_1_1' title="bbox 452 234 1620 280">
     <span class='ocr_line' id='line_1_1' title="bbox 452 234 1620 280; baseline 0.006 -6"><span class='ocrx_word' id='word_1_1' title='bbox 452 239 519 274; x_wconf 88' lang='lat' dir='ltr'>DE</span> <span class='ocrx_word' id='word_1_2' title='bbox 540 236 665 274; x_wconf 92' lang='lat' dir='ltr'><strong>VITA</strong></span> <span class='ocrx_word' id='word_1_3' title='bbox 684 237 756 273; x_wconf 89' lang='lat' dir='ltr'>ET</span> <span class='ocrx_word' id='word_1_4' title='bbox 777 234 1009 273; x_wconf 81' lang='lat' dir='ltr'>SCRIPTIS</span> <span class='ocrx_word' id='word_1_5' title='bbox 1027 235 1309 274; x_wconf 86' lang='lat' dir='ltr'><strong>HERODOTI.</strong></span> <span class='ocrx_word' id='word_1_6' title='bbox 1537 241 1620 280; x_wconf 77' lang='lat'>407</span> 
     </span>
    </p>
   </div>
   <div class='ocr_carea' id='block_1_2' title="bbox 115 346 1622 2440">
    <p class='ocr_par' dir='ltr' id='par_1_2' title="bbox 115 346 1622 2440">
     <span class='ocr_line' id='line_1_2' title="bbox 247 346 1619 402; baseline -0.001 -14"><span class='ocrx_word' id='word_1_7' title='bbox 247 353 322 388; x_wconf 88' lang='lat' dir='ltr'>Per</span> <span class='ocrx_word' id='word_1_8' title='bbox 341 350 523 387; x_wconf 85' lang='lat' dir='ltr'><strong>Croesum</strong></span> <span class='ocrx_word' id='word_1_9' title='bbox 549 355 684 400; x_wconf 87' lang='lat' dir='ltr'>sponte</span> <span class='ocrx_word' id='word_1_10' title='bbox 714 347 937 386; x_wconf 83' lang='lat' dir='ltr'>devenimus</span> <span class='ocrx_word' id='word_1_11' title='bbox 957 347 1101 385; x_wconf 90' lang='lat' dir='ltr'>medias</span> <span class='ocrx_word' id='word_1_12' title='bbox 1130 348 1169 384; x_wconf 86' lang='lat' dir='ltr'>in</span> <span class='ocrx_word' id='word_1_13' title='bbox 1189 346 1390 399; x_wconf 81' lang='lat' dir='ltr'><strong>Lydorum</strong></span> <span class='ocrx_word' id='word_1_14' title='bbox 1416 362 1497 397; x_wconf 88' lang='lat' dir='ltr'>res,</span> <span class='ocrx_word' id='word_1_15' title='bbox 1526 364 1619 402; x_wconf 83' lang='lat' dir='ltr'>quas</span> 
     </span>
     <span class='ocr_line' id='line_1_3' title="bbox 134 405 1619 457; baseline -0.002 -11"><span class='ocrx_word' id='word_1_16' title='bbox 134 410 268 446; x_wconf 86' lang='lat' dir='ltr'><strong>Noster</strong></span> <span class='ocrx_word' id='word_1_17' title='bbox 288 406 358 443; x_wconf 91' lang='lat' dir='ltr'>hac</span> <span class='ocrx_word' id='word_1_18' title='bbox 379 407 574 443; x_wconf 77' lang='lat' dir='ltr'>occasione</span> <span class='ocrx_word' id='word_1_19' title='bbox 596 407 740 453; x_wconf 88' lang='lat' dir='ltr'>oblata,</span> <span class='ocrx_word' id='word_1_20' title='bbox 771 418 888 457; x_wconf 88' lang='lat' dir='ltr'>quam</span> <span class='ocrx_word' id='word_1_21' title='bbox 913 406 1026 442; x_wconf 88' lang='lat' dir='ltr'>etiam</span> <span class='ocrx_word' id='word_1_22' title='bbox 1048 406 1087 441; x_wconf 88' lang='lat' dir='ltr'>in</span> <span class='ocrx_word' id='word_1_23' title='bbox 1109 405 1188 441; x_wconf 89' lang='lat' dir='ltr'>aliis</span> <span class='ocrx_word' id='word_1_24' title='bbox 1220 417 1421 456; x_wconf 88' lang='lat' dir='ltr'>nunquam</span> <span class='ocrx_word' id='word_1_25' title='bbox 1449 414 1619 455; x_wconf 89' lang='lat' dir='ltr'>praeter-</span> 
     </span>
     <span class='ocr_line' id='line_1_4' title="bbox 131 461 1618 514; baseline -0.001 -14"><span class='ocrx_word' id='word_1_26' title='bbox 131 465 282 502; x_wconf 83' lang='lat' dir='ltr'>mittere</span> <span class='ocrx_word' id='word_1_27' title='bbox 296 464 412 510; x_wconf 84' lang='lat' dir='ltr'>solet,</span> <span class='ocrx_word' id='word_1_28' title='bbox 443 470 483 499; x_wconf 90' lang='lat' dir='ltr'>ut</span> <span class='ocrx_word' id='word_1_29' title='bbox 503 463 643 499; x_wconf 88' lang='lat' dir='ltr'>scilicet</span> <span class='ocrx_word' id='word_1_30' title='bbox 673 475 926 514; x_wconf 87' lang='lat' dir='ltr'>quaecunque</span> <span class='ocrx_word' id='word_1_31' title='bbox 956 461 1004 498; x_wconf 91' lang='lat' dir='ltr'>de</span> <span class='ocrx_word' id='word_1_32' title='bbox 1033 462 1162 512; x_wconf 79' lang='lat' dir='ltr'>aliqua</span> <span class='ocrx_word' id='word_1_33' title='bbox 1188 468 1287 497; x_wconf 86' lang='lat' dir='ltr'>terra</span> <span class='ocrx_word' id='word_1_34' title='bbox 1308 463 1464 512; x_wconf 86' lang='lat' dir='ltr'>eiusque</span> <span class='ocrx_word' id='word_1_35' title='bbox 1485 462 1618 501; x_wconf 83' lang='lat' dir='ltr'>incolis</span> 
     </span>
     <span class='ocr_line' id='line_1_5' title="bbox 129 515 1618 571; baseline -0.001 -14"><span class='ocrx_word' id='word_1_36' title='bbox 129 533 333 571; x_wconf 84' lang='lat' dir='ltr'>rerumque</span> <span class='ocrx_word' id='word_1_37' title='bbox 362 520 475 569; x_wconf 85' lang='lat' dir='ltr'>gestis</span> <span class='ocrx_word' id='word_1_38' title='bbox 496 526 689 569; x_wconf 86' lang='lat' dir='ltr'>comperta</span> <span class='ocrx_word' id='word_1_39' title='bbox 709 517 866 566; x_wconf 86' lang='lat' dir='ltr'>habeat,</span> <span class='ocrx_word' id='word_1_40' title='bbox 904 519 943 554; x_wconf 89' lang='lat' dir='ltr'>iu</span> <span class='ocrx_word' id='word_1_41' title='bbox 974 517 1146 554; x_wconf 86' lang='lat' dir='ltr'>medium</span> <span class='ocrx_word' id='word_1_42' title='bbox 1182 518 1368 568; x_wconf 83' lang='lat' dir='ltr'>proferat,</span> <span class='ocrx_word' id='word_1_43' title='bbox 1408 515 1618 556; x_wconf 82' lang='lat' dir='ltr'>accuratius</span> 
     </span>
     <span class='ocr_line' id='line_1_6' title="bbox 129 573 1618 627; baseline -0.001 -13"><span class='ocrx_word' id='word_1_44' title='bbox 129 584 168 614; x_wconf 84' lang='lat' dir='ltr'>et</span> <span class='ocrx_word' id='word_1_45' title='bbox 188 576 403 627; x_wconf 87' lang='lat' dir='ltr'>diligentius</span> <span class='ocrx_word' id='word_1_46' title='bbox 422 577 684 627; x_wconf 71' lang='lat' dir='ltr'>persequitur,</span> <span class='ocrx_word' id='word_1_47' title='bbox 713 573 916 626; x_wconf 62' lang='lat' dir='ltr'>Lydorum&gt;</span> <span class='ocrx_word' id='word_1_48' title='bbox 932 587 1022 612; x_wconf 78' lang='lat' dir='ltr'>vero</span> <span class='ocrx_word' id='word_1_49' title='bbox 1043 587 1206 624; x_wconf 80' lang='lat' dir='ltr'>regnum</span> <span class='ocrx_word' id='word_1_50' title='bbox 1227 588 1315 611; x_wconf 88' lang='lat' dir='ltr'>cum</span> <span class='ocrx_word' id='word_1_51' title='bbox 1332 587 1354 611; x_wconf 89' lang='lat' dir='ltr'>a</span> <span class='ocrx_word' id='word_1_52' title='bbox 1373 574 1497 611; x_wconf 87' lang='lat' dir='ltr'>Persis</span> <span class='ocrx_word' id='word_1_53' title='bbox 1521 573 1618 612; x_wconf 88' lang='lat' dir='ltr'>duce</span> 
     </span>
     <span class='ocr_line' id='line_1_7' title="bbox 129 631 1617 685; baseline -0.001 -15"><span class='ocrx_word' id='word_1_54' title='bbox 129 634 230 685; x_wconf 88' lang='lat' dir='ltr'>Cyro</span> <span class='ocrx_word' id='word_1_55' title='bbox 261 646 434 670; x_wconf 79' lang='lat' dir='ltr'>eversum</span> <span class='ocrx_word' id='word_1_56' title='bbox 465 639 578 679; x_wconf 89' lang='lat' dir='ltr'>esset,</span> <span class='ocrx_word' id='word_1_57' title='bbox 610 631 725 682; x_wconf 89' lang='lat' dir='ltr'>paulo</span> <span class='ocrx_word' id='word_1_58' title='bbox 747 637 834 667; x_wconf 90' lang='lat' dir='ltr'>ante</span> <span class='ocrx_word' id='word_1_59' title='bbox 865 643 982 682; x_wconf 87' lang='lat' dir='ltr'>quam</span> <span class='ocrx_word' id='word_1_60' title='bbox 1002 631 1154 667; x_wconf 89' lang='lat' dir='ltr'>Graecis</span> <span class='ocrx_word' id='word_1_61' title='bbox 1176 631 1319 667; x_wconf 88' lang='lat' dir='ltr'>bellum</span> <span class='ocrx_word' id='word_1_62' title='bbox 1341 638 1437 668; x_wconf 90' lang='lat' dir='ltr'>esset</span> <span class='ocrx_word' id='word_1_63' title='bbox 1455 631 1617 680; x_wconf 77' lang='lat' dir='ltr'>illatum,</span> 
     </span>
     <span class='ocr_line' id='line_1_8' title="bbox 128 687 1617 740; baseline -0.001 -13"><span class='ocrx_word' id='word_1_64' title='bbox 128 691 248 727; x_wconf 81' lang='lat' dir='ltr'>oratio</span> <span class='ocrx_word' id='word_1_65' title='bbox 268 688 365 726; x_wconf 90' lang='lat' dir='ltr'>redit</span> <span class='ocrx_word' id='word_1_66' title='bbox 393 688 441 725; x_wconf 88' lang='lat' dir='ltr'>ad</span> <span class='ocrx_word' id='word_1_67' title='bbox 462 690 605 740; x_wconf 88' lang='lat' dir='ltr'>Cyrum</span> <span class='ocrx_word' id='word_1_68' title='bbox 625 694 663 724; x_wconf 85' lang='lat' dir='ltr'>et</span> <span class='ocrx_word' id='word_1_69' title='bbox 676 688 817 724; x_wconf 84' lang='lat' dir='ltr'>Persici</span> <span class='ocrx_word' id='word_1_70' title='bbox 835 688 944 737; x_wconf 85' lang='lat' dir='ltr'>regni</span> <span class='ocrx_word' id='word_1_71' title='bbox 962 688 1090 734; x_wconf 89' lang='lat' dir='ltr'>initia,</span> <span class='ocrx_word' id='word_1_72' title='bbox 1121 699 1219 738; x_wconf 86' lang='lat' dir='ltr'>quae</span> <span class='ocrx_word' id='word_1_73' title='bbox 1238 687 1442 724; x_wconf 85' lang='lat' dir='ltr'>Medorum</span> <span class='ocrx_word' id='word_1_74' title='bbox 1463 701 1617 740; x_wconf 87' lang='lat' dir='ltr'>quoque</span> 
     </span>
     <span class='ocr_line' id='line_1_9' title="bbox 127 742 1616 798; baseline -0.001 -15"><span class='ocrx_word' id='word_1_75' title='bbox 127 747 350 798; x_wconf 84' lang='lat' dir='ltr'>imperium,</span> <span class='ocrx_word' id='word_1_76' title='bbox 382 744 483 781; x_wconf 84' lang='lat' dir='ltr'>uude</span> <span class='ocrx_word' id='word_1_77' title='bbox 502 742 598 781; x_wconf 83' lang='lat' dir='ltr'>illud</span> <span class='ocrx_word' id='word_1_78' title='bbox 617 756 793 781; x_wconf 86' lang='lat' dir='ltr'>exorsum</span> <span class='ocrx_word' id='word_1_79' title='bbox 815 751 913 791; x_wconf 87' lang='lat' dir='ltr'>erat,</span> <span class='ocrx_word' id='word_1_80' title='bbox 944 744 1262 794; x_wconf 86' lang='lat' dir='ltr'>complectuntur.</span> <span class='ocrx_word' id='word_1_81' title='bbox 1318 745 1364 780; x_wconf 92' lang='lat' dir='ltr'>In</span> <span class='ocrx_word' id='word_1_82' title='bbox 1390 745 1515 782; x_wconf 88' lang='lat' dir='ltr'>Persis</span> <span class='ocrx_word' id='word_1_83' title='bbox 1544 758 1616 782; x_wconf 88' lang='lat' dir='ltr'>au-</span> 
     </span>
     <span class='ocr_line' id='line_1_10' title="bbox 127 801 1615 853; baseline -0.001 -13"><span class='ocrx_word' id='word_1_84' title='bbox 127 810 207 840; x_wconf 89' lang='lat' dir='ltr'>tem</span> <span class='ocrx_word' id='word_1_85' title='bbox 227 815 436 853; x_wconf 91' lang='lat' dir='ltr'>eorumque</span> <span class='ocrx_word' id='word_1_86' title='bbox 462 801 574 837; x_wconf 92' lang='lat' dir='ltr'>rebus</span> <span class='ocrx_word' id='word_1_87' title='bbox 593 802 704 851; x_wconf 88' lang='lat' dir='ltr'>gestis</span> <span class='ocrx_word' id='word_1_88' title='bbox 723 802 801 836; x_wconf 90' lang='lat' dir='ltr'>iam</span> <span class='ocrx_word' id='word_1_89' title='bbox 815 801 867 837; x_wconf 89' lang='lat' dir='ltr'>ita</span> <span class='ocrx_word' id='word_1_90' title='bbox 895 807 1065 837; x_wconf 84' lang='lat' dir='ltr'>versatur</span> <span class='ocrx_word' id='word_1_91' title='bbox 1084 801 1203 837; x_wconf 91' lang='lat' dir='ltr'>oratio</span> <span class='ocrx_word' id='word_1_92' title='bbox 1216 830 1226 849; x_wconf 87' lang='lat'>,</span> <span class='ocrx_word' id='word_1_93' title='bbox 1247 807 1289 836; x_wconf 88' lang='lat' dir='ltr'>ut</span> <span class='ocrx_word' id='word_1_94' title='bbox 1299 802 1360 838; x_wconf 85' lang='lat' dir='ltr'>vel</span> <span class='ocrx_word' id='word_1_95' title='bbox 1380 802 1615 839; x_wconf 84' lang='lat' dir='ltr'>Graecorum</span> 
     </span>
     <span class='ocr_line' id='line_1_11' title="bbox 126 856 1615 908; baseline -0.001 -12"><span class='ocrx_word' id='word_1_96' title='bbox 126 872 185 896; x_wconf 83' lang='lat' dir='ltr'>res</span> <span class='ocrx_word' id='word_1_97' title='bbox 204 858 262 896; x_wconf 89' lang='lat' dir='ltr'>his</span> <span class='ocrx_word' id='word_1_98' title='bbox 281 860 402 907; x_wconf 88' lang='lat' dir='ltr'>magis</span> <span class='ocrx_word' id='word_1_99' title='bbox 423 870 594 893; x_wconf 76' lang='lat' dir='ltr'>annexae</span> <span class='ocrx_word' id='word_1_100' title='bbox 623 856 838 904; x_wconf 87' lang='lat' dir='ltr'>videantur,</span> <span class='ocrx_word' id='word_1_101' title='bbox 868 870 1033 908; x_wconf 86' lang='lat' dir='ltr'>quorum</span> <span class='ocrx_word' id='word_1_102' title='bbox 1052 858 1222 907; x_wconf 90' lang='lat' dir='ltr'>ipsorum</span> <span class='ocrx_word' id='word_1_103' title='bbox 1248 858 1401 894; x_wconf 87' lang='lat' dir='ltr'>libertas</span> <span class='ocrx_word' id='word_1_104' title='bbox 1426 870 1448 894; x_wconf 91' lang='lat' dir='ltr'>a</span> <span class='ocrx_word' id='word_1_105' title='bbox 1477 859 1615 896; x_wconf 83' lang='lat' dir='ltr'>Persa-</span> 
     </span>
     <span class='ocr_line' id='line_1_12' title="bbox 125 913 1614 965; baseline -0.001 -13"><span class='ocrx_word' id='word_1_106' title='bbox 125 928 213 952; x_wconf 89' lang='lat' dir='ltr'>rum</span> <span class='ocrx_word' id='word_1_107' title='bbox 231 916 425 952; x_wconf 79' lang='lat' dir='ltr'>invasione</span> <span class='ocrx_word' id='word_1_108' title='bbox 443 913 633 951; x_wconf 78' lang='lat' dir='ltr'>vindicata</span> <span class='ocrx_word' id='word_1_109' title='bbox 651 915 826 965; x_wconf 88' lang='lat' dir='ltr'>salusque</span> <span class='ocrx_word' id='word_1_110' title='bbox 847 921 984 951; x_wconf 88' lang='lat' dir='ltr'>asserta</span> <span class='ocrx_word' id='word_1_111' title='bbox 1004 915 1253 965; x_wconf 88' lang='lat' dir='ltr'>praecipuum</span> <span class='ocrx_word' id='word_1_112' title='bbox 1263 915 1384 964; x_wconf 89' lang='lat' dir='ltr'>operis</span> <span class='ocrx_word' id='word_1_113' title='bbox 1405 927 1614 964; x_wconf 90' lang='lat' dir='ltr'>argumen-</span> 
     </span>
     <span class='ocr_line' id='line_1_13' title="bbox 124 967 1613 1022; baseline 0.001 -14"><span class='ocrx_word' id='word_1_114' title='bbox 124 978 209 1009; x_wconf 87' lang='lat' dir='ltr'>tum</span> <span class='ocrx_word' id='word_1_115' title='bbox 236 969 368 1008; x_wconf 87' lang='lat' dir='ltr'>haberi</span> <span class='ocrx_word' id='word_1_116' title='bbox 402 969 527 1008; x_wconf 84' lang='lat' dir='ltr'>debet.</span> <span class='ocrx_word' id='word_1_117' title='bbox 544 967 588 1022; x_wconf 56' lang='lat'>³⁶²)</span> <span class='ocrx_word' id='word_1_118' title='bbox 647 972 747 1007; x_wconf 82' lang='lat' dir='ltr'>Nam</span> <span class='ocrx_word' id='word_1_119' title='bbox 772 972 814 1006; x_wconf 91' lang='lat' dir='ltr'>in</span> <span class='ocrx_word' id='word_1_120' title='bbox 843 983 887 1007; x_wconf 93' lang='lat' dir='ltr'>eo</span> <span class='ocrx_word' id='word_1_121' title='bbox 916 971 994 1008; x_wconf 83' lang='lat' dir='ltr'>vim</span> <span class='ocrx_word' id='word_1_122' title='bbox 1020 983 1130 1007; x_wconf 89' lang='lat' dir='ltr'>suam</span> <span class='ocrx_word' id='word_1_123' title='bbox 1156 972 1388 1021; x_wconf 81' lang='lat' dir='ltr'>apertissime</span> <span class='ocrx_word' id='word_1_124' title='bbox 1408 970 1613 1009; x_wconf 84' lang='lat' dir='ltr'>declaravit</span> 
     </span>
     <span class='ocr_line' id='line_1_14' title="bbox 124 1026 1613 1079; baseline 0.001 -14"><span class='ocrx_word' id='word_1_125' title='bbox 124 1026 299 1065; x_wconf 88' lang='lat' dir='ltr'>divinum</span> <span class='ocrx_word' id='word_1_126' title='bbox 317 1040 479 1076; x_wconf 88' lang='lat' dir='ltr'>numen,</span> <span class='ocrx_word' id='word_1_127' title='bbox 512 1026 616 1079; x_wconf 89' lang='lat' dir='ltr'>quod</span> <span class='ocrx_word' id='word_1_128' title='bbox 646 1040 779 1064; x_wconf 90' lang='lat' dir='ltr'>omnes</span> <span class='ocrx_word' id='word_1_129' title='bbox 807 1026 1026 1064; x_wconf 79' lang='lat' dir='ltr'>moderatur</span> <span class='ocrx_word' id='word_1_130' title='bbox 1055 1041 1113 1065; x_wconf 91' lang='lat' dir='ltr'>res</span> <span class='ocrx_word' id='word_1_131' title='bbox 1142 1026 1330 1065; x_wconf 82' lang='lat' dir='ltr'>humanas</span> <span class='ocrx_word' id='word_1_132' title='bbox 1359 1035 1396 1065; x_wconf 91' lang='lat' dir='ltr'>et</span> <span class='ocrx_word' id='word_1_133' title='bbox 1424 1029 1465 1064; x_wconf 89' lang='lat' dir='ltr'>in</span> <span class='ocrx_word' id='word_1_134' title='bbox 1483 1041 1613 1066; x_wconf 89' lang='lat' dir='ltr'>rerum</span> 
     </span>
     <span class='ocr_line' id='line_1_15' title="bbox 122 1083 1612 1135; baseline 0.001 -14"><span class='ocrx_word' id='word_1_135' title='bbox 122 1091 258 1121; x_wconf 88' lang='lat' dir='ltr'>natura</span> <span class='ocrx_word' id='word_1_136' title='bbox 277 1086 329 1122; x_wconf 86' lang='lat' dir='ltr'>sic</span> <span class='ocrx_word' id='word_1_137' title='bbox 351 1083 590 1132; x_wconf 82' lang='lat' dir='ltr'>dominatur,</span> <span class='ocrx_word' id='word_1_138' title='bbox 620 1090 663 1121; x_wconf 90' lang='lat' dir='ltr'>ut</span> <span class='ocrx_word' id='word_1_139' title='bbox 690 1085 757 1135; x_wconf 89' lang='lat' dir='ltr'>qui</span> <span class='ocrx_word' id='word_1_140' title='bbox 775 1083 869 1120; x_wconf 87' lang='lat' dir='ltr'>illud</span> <span class='ocrx_word' id='word_1_141' title='bbox 885 1097 966 1120; x_wconf 88' lang='lat' dir='ltr'>non</span> <span class='ocrx_word' id='word_1_142' title='bbox 984 1091 1247 1133; x_wconf 78' lang='lat' dir='ltr'>revereantur,</span> <span class='ocrx_word' id='word_1_143' title='bbox 1283 1083 1493 1123; x_wconf 84' lang='lat' dir='ltr'>vindictam</span> <span class='ocrx_word' id='word_1_144' title='bbox 1522 1099 1612 1122; x_wconf 88' lang='lat' dir='ltr'>cum</span> 
     </span>
     <span class='ocr_line' id='line_1_16' title="bbox 121 1140 1611 1193; baseline 0.001 -16"><span class='ocrx_word' id='word_1_145' title='bbox 121 1153 265 1191; x_wconf 91' lang='lat' dir='ltr'>magno</span> <span class='ocrx_word' id='word_1_146' title='bbox 285 1154 353 1178; x_wconf 87' lang='lat' dir='ltr'>suo</span> <span class='ocrx_word' id='word_1_147' title='bbox 375 1140 516 1177; x_wconf 87' lang='lat' dir='ltr'>damno</span> <span class='ocrx_word' id='word_1_148' title='bbox 537 1142 822 1191; x_wconf 88' lang='lat' dir='ltr'>persentiscant.</span> <span class='ocrx_word' id='word_1_149' title='bbox 878 1140 923 1177; x_wconf 93' lang='lat' dir='ltr'>Id</span> <span class='ocrx_word' id='word_1_150' title='bbox 948 1141 1063 1190; x_wconf 86' lang='lat' dir='ltr'>igitur</span> <span class='ocrx_word' id='word_1_151' title='bbox 1085 1154 1207 1193; x_wconf 91' lang='lat' dir='ltr'>quum</span> <span class='ocrx_word' id='word_1_152' title='bbox 1227 1142 1268 1177; x_wconf 91' lang='lat' dir='ltr'>in</span> <span class='ocrx_word' id='word_1_153' title='bbox 1299 1142 1477 1178; x_wconf 89' lang='lat' dir='ltr'>omnibus</span> <span class='ocrx_word' id='word_1_154' title='bbox 1497 1142 1611 1180; x_wconf 87' lang='lat' dir='ltr'>rebus</span> 
     </span>
     <span class='ocr_line' id='line_1_17' title="bbox 121 1195 1610 1249; baseline 0.002 -16"><span class='ocrx_word' id='word_1_155' title='bbox 121 1195 300 1234; x_wconf 87' lang='lat' dir='ltr'>humanis</span> <span class='ocrx_word' id='word_1_156' title='bbox 328 1198 375 1234; x_wconf 90' lang='lat' dir='ltr'>sit</span> <span class='ocrx_word' id='word_1_157' title='bbox 407 1198 679 1248; x_wconf 87' lang='lat' dir='ltr'>conspicuum,</span> <span class='ocrx_word' id='word_1_158' title='bbox 713 1197 910 1247; x_wconf 84' lang='lat' dir='ltr'>insigniori</span> <span class='ocrx_word' id='word_1_159' title='bbox 938 1196 1106 1248; x_wconf 87' lang='lat' dir='ltr'>quodam</span> <span class='ocrx_word' id='word_1_160' title='bbox 1134 1197 1250 1235; x_wconf 89' lang='lat' dir='ltr'>modo</span> <span class='ocrx_word' id='word_1_161' title='bbox 1274 1199 1446 1249; x_wconf 86' lang='lat' dir='ltr'>apparuit</span> <span class='ocrx_word' id='word_1_162' title='bbox 1468 1199 1610 1249; x_wconf 88' lang='lat' dir='ltr'>inipso</span> 
     </span>
     <span class='ocr_line' id='line_1_18' title="bbox 122 1252 1611 1307; baseline 0.001 -17"><span class='ocrx_word' id='word_1_163' title='bbox 122 1255 187 1290; x_wconf 89' lang='lat' dir='ltr'>illo</span> <span class='ocrx_word' id='word_1_164' title='bbox 217 1255 339 1301; x_wconf 91' lang='lat' dir='ltr'>bello,</span> <span class='ocrx_word' id='word_1_165' title='bbox 370 1253 474 1305; x_wconf 90' lang='lat' dir='ltr'>quod</span> <span class='ocrx_word' id='word_1_166' title='bbox 498 1254 568 1291; x_wconf 88' lang='lat' dir='ltr'>sibi</span> <span class='ocrx_word' id='word_1_167' title='bbox 598 1252 774 1290; x_wconf 82' lang='lat' dir='ltr'>historiae</span> <span class='ocrx_word' id='word_1_168' title='bbox 804 1261 912 1304; x_wconf 83' lang='lat' dir='ltr'>pater</span> <span class='ocrx_word' id='word_1_169' title='bbox 933 1253 1190 1291; x_wconf 90' lang='lat' dir='ltr'>enarrandum</span> <span class='ocrx_word' id='word_1_170' title='bbox 1221 1261 1418 1294; x_wconf 84' lang='lat' dir='ltr'>sumserat.</span> <span class='ocrx_word' id='word_1_171' title='bbox 1475 1256 1611 1307; x_wconf 87' lang='lat' dir='ltr'>Itaque</span> 
     </span>
     <span class='ocr_line' id='line_1_19' title="bbox 122 1309 1611 1362; baseline 0.001 -16"><span class='ocrx_word' id='word_1_172' title='bbox 122 1324 145 1346; x_wconf 87' lang='lat' dir='ltr'>a</span> <span class='ocrx_word' id='word_1_173' title='bbox 166 1311 286 1361; x_wconf 84' lang='lat' dir='ltr'>Cyro,</span> <span class='ocrx_word' id='word_1_174' title='bbox 316 1311 421 1347; x_wconf 89' lang='lat' dir='ltr'>cuius</span> <span class='ocrx_word' id='word_1_175' title='bbox 442 1324 500 1347; x_wconf 89' lang='lat' dir='ltr'>res</span> <span class='ocrx_word' id='word_1_176' title='bbox 520 1317 648 1360; x_wconf 81' lang='lat' dir='ltr'>gestae</span> <span class='ocrx_word' id='word_1_177' title='bbox 662 1323 782 1362; x_wconf 89' lang='lat' dir='ltr'>usque</span> <span class='ocrx_word' id='word_1_178' title='bbox 802 1309 852 1346; x_wconf 87' lang='lat' dir='ltr'>ad</span> <span class='ocrx_word' id='word_1_179' title='bbox 871 1310 989 1346; x_wconf 88' lang='lat' dir='ltr'>finem</span> <span class='ocrx_word' id='word_1_180' title='bbox 1003 1311 1089 1347; x_wconf 89' lang='lat' dir='ltr'>libri</span> <span class='ocrx_word' id='word_1_181' title='bbox 1108 1312 1223 1362; x_wconf 88' lang='lat' dir='ltr'>primi</span> <span class='ocrx_word' id='word_1_182' title='bbox 1241 1318 1499 1362; x_wconf 83' lang='lat' dir='ltr'>exponuntur,</span> <span class='ocrx_word' id='word_1_183' title='bbox 1521 1324 1611 1348; x_wconf 90' lang='lat' dir='ltr'>ora-</span> 
     </span>
     <span class='ocr_line' id='line_1_20' title="bbox 120 1365 1612 1420; baseline 0.001 -16"><span class='ocrx_word' id='word_1_184' title='bbox 120 1368 174 1404; x_wconf 85' lang='lat' dir='ltr'>tio</span> <span class='ocrx_word' id='word_1_185' title='bbox 195 1366 433 1417; x_wconf 86' lang='lat' dir='ltr'>progreditur</span> <span class='ocrx_word' id='word_1_186' title='bbox 453 1365 501 1403; x_wconf 88' lang='lat' dir='ltr'>ad</span> <span class='ocrx_word' id='word_1_187' title='bbox 523 1367 752 1418; x_wconf 77' lang='lat' dir='ltr'>Cambysem</span> <span class='ocrx_word' id='word_1_188' title='bbox 772 1365 1018 1418; x_wconf 82' lang='lat' dir='ltr'>eiusdemque</span> <span class='ocrx_word' id='word_1_189' title='bbox 1038 1381 1096 1404; x_wconf 89' lang='lat' dir='ltr'>res</span> <span class='ocrx_word' id='word_1_190' title='bbox 1114 1369 1372 1420; x_wconf 87' lang='lat' dir='ltr'>persequitur:</span> <span class='ocrx_word' id='word_1_191' title='bbox 1411 1370 1451 1404; x_wconf 90' lang='lat' dir='ltr'>in</span> <span class='ocrx_word' id='word_1_192' title='bbox 1473 1369 1612 1420; x_wconf 86' lang='lat' dir='ltr'>quibus</span> 
     </span>
     <span class='ocr_line' id='line_1_21' title="bbox 121 1424 1608 1475; baseline 0.001 -15"><span class='ocrx_word' id='word_1_193' title='bbox 121 1437 212 1460; x_wconf 91' lang='lat' dir='ltr'>cum</span> <span class='ocrx_word' id='word_1_194' title='bbox 231 1425 398 1475; x_wconf 84' lang='lat' dir='ltr'>Aegypti</span> <span class='ocrx_word' id='word_1_195' title='bbox 419 1424 648 1474; x_wconf 81' lang='lat' dir='ltr'>expugnatio</span> <span class='ocrx_word' id='word_1_196' title='bbox 668 1424 916 1475; x_wconf 89' lang='lat' dir='ltr'>praecipuum</span> <span class='ocrx_word' id='word_1_197' title='bbox 937 1424 1105 1460; x_wconf 86' lang='lat' dir='ltr'>obtineat</span> <span class='ocrx_word' id='word_1_198' title='bbox 1128 1424 1259 1461; x_wconf 85' lang='lat' dir='ltr'>locum</span> <span class='ocrx_word' id='word_1_199' title='bbox 1272 1453 1283 1472; x_wconf 91' lang='lat'>,</span> <span class='ocrx_word' id='word_1_200' title='bbox 1314 1437 1383 1475; x_wconf 87' lang='lat' dir='ltr'>pro</span> <span class='ocrx_word' id='word_1_201' title='bbox 1410 1437 1519 1462; x_wconf 89' lang='lat' dir='ltr'>more</span> <span class='ocrx_word' id='word_1_202' title='bbox 1538 1438 1608 1462; x_wconf 91' lang='lat' dir='ltr'>suo</span> 
     </span>
     <span class='ocr_line' id='line_1_22' title="bbox 120 1478 1608 1530; baseline 0.001 -13"><span class='ocrx_word' id='word_1_203' title='bbox 120 1479 335 1517; x_wconf 88' lang='lat' dir='ltr'>Herodotus</span> <span class='ocrx_word' id='word_1_204' title='bbox 355 1479 427 1517; x_wconf 89' lang='lat' dir='ltr'>hac</span> <span class='ocrx_word' id='word_1_205' title='bbox 448 1481 646 1517; x_wconf 85' lang='lat' dir='ltr'>occasione</span> <span class='ocrx_word' id='word_1_206' title='bbox 666 1481 790 1517; x_wconf 90' lang='lat' dir='ltr'>oblata</span> <span class='ocrx_word' id='word_1_207' title='bbox 803 1509 813 1528; x_wconf 89' lang='lat'>,</span> <span class='ocrx_word' id='word_1_208' title='bbox 845 1479 892 1517; x_wconf 90' lang='lat' dir='ltr'>de</span> <span class='ocrx_word' id='word_1_209' title='bbox 912 1478 1024 1517; x_wconf 81' lang='lat' dir='ltr'>huius</span> <span class='ocrx_word' id='word_1_210' title='bbox 1039 1487 1160 1517; x_wconf 89' lang='lat' dir='ltr'>terrae</span> <span class='ocrx_word' id='word_1_211' title='bbox 1179 1479 1330 1530; x_wconf 86' lang='lat' dir='ltr'>indole,</span> <span class='ocrx_word' id='word_1_212' title='bbox 1363 1481 1495 1518; x_wconf 90' lang='lat' dir='ltr'>incolis</span> <span class='ocrx_word' id='word_1_213' title='bbox 1508 1510 1519 1529; x_wconf 91' lang='lat'>,</span> <span class='ocrx_word' id='word_1_214' title='bbox 1545 1495 1608 1519; x_wconf 90' lang='lat' dir='ltr'>sa-</span> 
     </span>
     <span class='ocr_line' id='line_1_23' title="bbox 121 1535 1607 1589; baseline 0.001 -16"><span class='ocrx_word' id='word_1_215' title='bbox 121 1537 212 1584; x_wconf 89' lang='lat' dir='ltr'>cris,</span> <span class='ocrx_word' id='word_1_216' title='bbox 241 1538 320 1573; x_wconf 86' lang='lat' dir='ltr'>aliis</span> <span class='ocrx_word' id='word_1_217' title='bbox 339 1537 491 1573; x_wconf 88' lang='lat' dir='ltr'>uberius</span> <span class='ocrx_word' id='word_1_218' title='bbox 513 1535 670 1574; x_wconf 87' lang='lat' dir='ltr'>disserit.</span> <span class='ocrx_word' id='word_1_219' title='bbox 726 1538 762 1573; x_wconf 92' lang='lat' dir='ltr'><strong>A</strong></span> <span class='ocrx_word' id='word_1_220' title='bbox 782 1537 970 1588; x_wconf 81' lang='lat' dir='ltr'>Cambyse</span> <span class='ocrx_word' id='word_1_221' title='bbox 990 1537 1122 1574; x_wconf 87' lang='lat' dir='ltr'>transit</span> <span class='ocrx_word' id='word_1_222' title='bbox 1152 1536 1200 1574; x_wconf 86' lang='lat' dir='ltr'>ad</span> <span class='ocrx_word' id='word_1_223' title='bbox 1218 1538 1379 1574; x_wconf 89' lang='lat' dir='ltr'>Darium</span> <span class='ocrx_word' id='word_1_224' title='bbox 1398 1539 1607 1589; x_wconf 85' lang='lat' dir='ltr'>Hystaspis,</span> 
     </span>
     <span class='ocr_line' id='line_1_24' title="bbox 120 1592 1607 1645; baseline 0.002 -16"><span class='ocrx_word' id='word_1_225' title='bbox 120 1595 186 1645; x_wconf 91' lang='lat' dir='ltr'>qui</span> <span class='ocrx_word' id='word_1_226' title='bbox 214 1592 408 1644; x_wconf 91' lang='lat' dir='ltr'>quomodo</span> <span class='ocrx_word' id='word_1_227' title='bbox 429 1593 619 1645; x_wconf 85' lang='lat' dir='ltr'>Cambyse</span> <span class='ocrx_word' id='word_1_228' title='bbox 639 1600 792 1630; x_wconf 87' lang='lat' dir='ltr'>mortuo</span> <span class='ocrx_word' id='word_1_229' title='bbox 822 1606 1101 1645; x_wconf 86' lang='lat' dir='ltr'>magorumque</span> <span class='ocrx_word' id='word_1_230' title='bbox 1130 1593 1315 1631; x_wconf 87' lang='lat' dir='ltr'>seditione</span> <span class='ocrx_word' id='word_1_231' title='bbox 1345 1595 1530 1631; x_wconf 86' lang='lat' dir='ltr'>exstincta</span> <span class='ocrx_word' id='word_1_232' title='bbox 1557 1594 1607 1632; x_wconf 89' lang='lat' dir='ltr'>ad</span> 
     </span>
     <span class='ocr_line' id='line_1_25' title="bbox 119 1649 1606 1702; baseline 0.003 -17"><span class='ocrx_word' id='word_1_233' title='bbox 119 1663 282 1699; x_wconf 85' lang='lat' dir='ltr'>regnum</span> <span class='ocrx_word' id='word_1_234' title='bbox 313 1657 465 1687; x_wconf 87' lang='lat' dir='ltr'>evectus</span> <span class='ocrx_word' id='word_1_235' title='bbox 484 1651 530 1687; x_wconf 88' lang='lat' dir='ltr'>sit</span> <span class='ocrx_word' id='word_1_236' title='bbox 561 1656 597 1687; x_wconf 88' lang='lat' dir='ltr'>et</span> <span class='ocrx_word' id='word_1_237' title='bbox 625 1649 821 1702; x_wconf 81' lang='lat' dir='ltr'>quomodo</span> <span class='ocrx_word' id='word_1_238' title='bbox 849 1649 944 1687; x_wconf 90' lang='lat' dir='ltr'>illud</span> <span class='ocrx_word' id='word_1_239' title='bbox 965 1650 1168 1698; x_wconf 85' lang='lat' dir='ltr'>ordinarit,</span> <span class='ocrx_word' id='word_1_240' title='bbox 1199 1657 1373 1688; x_wconf 86' lang='lat' dir='ltr'>accurate</span> <span class='ocrx_word' id='word_1_241' title='bbox 1390 1651 1606 1702; x_wconf 78' lang='lat' dir='ltr'>exponitur.</span> 
     </span>
     <span class='ocr_line' id='line_1_26' title="bbox 119 1705 1607 1759; baseline 0.002 -17"><span class='ocrx_word' id='word_1_242' title='bbox 119 1706 342 1758; x_wconf 84' lang='lat' dir='ltr'>Sequuntur</span> <span class='ocrx_word' id='word_1_243' title='bbox 366 1707 511 1758; x_wconf 86' lang='lat' dir='ltr'>reliqua</span> <span class='ocrx_word' id='word_1_244' title='bbox 531 1707 577 1743; x_wconf 86' lang='lat' dir='ltr'>ab</span> <span class='ocrx_word' id='word_1_245' title='bbox 599 1720 645 1743; x_wconf 90' lang='lat' dir='ltr'>eo</span> <span class='ocrx_word' id='word_1_246' title='bbox 659 1711 784 1757; x_wconf 82' lang='lat' dir='ltr'>gesta,</span> <span class='ocrx_word' id='word_1_247' title='bbox 815 1708 913 1743; x_wconf 87' lang='lat' dir='ltr'>bella</span> <span class='ocrx_word' id='word_1_248' title='bbox 934 1720 1023 1750; x_wconf 87' lang='lat' dir='ltr'>cum</span> <span class='ocrx_word' id='word_1_249' title='bbox 1047 1705 1199 1758; x_wconf 86' lang='lat' dir='ltr'>Scythis</span> <span class='ocrx_word' id='word_1_250' title='bbox 1229 1714 1266 1745; x_wconf 88' lang='lat' dir='ltr'>et</span> <span class='ocrx_word' id='word_1_251' title='bbox 1292 1708 1436 1759; x_wconf 88' lang='lat' dir='ltr'>Libyae</span> <span class='ocrx_word' id='word_1_252' title='bbox 1457 1709 1607 1758; x_wconf 87' lang='lat' dir='ltr'>populis</span> 
     </span>
     <span class='ocr_line' id='line_1_27' title="bbox 117 1762 1606 1816; baseline 0.001 -17"><span class='ocrx_word' id='word_1_253' title='bbox 117 1770 245 1812; x_wconf 83' lang='lat' dir='ltr'>gesta,</span> <span class='ocrx_word' id='word_1_254' title='bbox 271 1776 370 1815; x_wconf 87' lang='lat' dir='ltr'>quae</span> <span class='ocrx_word' id='word_1_255' title='bbox 390 1764 470 1814; x_wconf 88' lang='lat' dir='ltr'>ipsa</span> <span class='ocrx_word' id='word_1_256' title='bbox 490 1764 729 1800; x_wconf 86' lang='lat' dir='ltr'>occasionem</span> <span class='ocrx_word' id='word_1_257' title='bbox 754 1765 851 1814; x_wconf 89' lang='lat' dir='ltr'>patri</span> <span class='ocrx_word' id='word_1_258' title='bbox 871 1762 1047 1801; x_wconf 85' lang='lat' dir='ltr'>historiae</span> <span class='ocrx_word' id='word_1_259' title='bbox 1067 1765 1273 1815; x_wconf 79' lang='lat' dir='ltr'>praebent,</span> <span class='ocrx_word' id='word_1_260' title='bbox 1314 1763 1361 1801; x_wconf 91' lang='lat' dir='ltr'>de</span> <span class='ocrx_word' id='word_1_261' title='bbox 1383 1763 1541 1816; x_wconf 85' lang='lat' dir='ltr'>Scythia</span> <span class='ocrx_word' id='word_1_262' title='bbox 1561 1777 1606 1801; x_wconf 88' lang='lat' dir='ltr'>ac</span> 
     </span>
     <span class='ocr_line' id='line_1_28' title="bbox 116 1819 1605 1871; baseline 0.001 -16"><span class='ocrx_word' id='word_1_263' title='bbox 116 1821 238 1870; x_wconf 87' lang='lat' dir='ltr'>Libya</span> <span class='ocrx_word' id='word_1_264' title='bbox 257 1821 426 1870; x_wconf 81' lang='lat' dir='ltr'>pluribus</span> <span class='ocrx_word' id='word_1_265' title='bbox 446 1819 661 1870; x_wconf 82' lang='lat' dir='ltr'>disputandi</span> <span class='ocrx_word' id='word_1_266' title='bbox 701 1824 806 1866; x_wconf 87' lang='lat' dir='ltr'>(nam</span> <span class='ocrx_word' id='word_1_267' title='bbox 835 1819 907 1856; x_wconf 89' lang='lat' dir='ltr'>hae</span> <span class='ocrx_word' id='word_1_268' title='bbox 929 1827 1050 1857; x_wconf 87' lang='lat' dir='ltr'>terrae</span> <span class='ocrx_word' id='word_1_269' title='bbox 1071 1834 1208 1871; x_wconf 87' lang='lat' dir='ltr'>parum</span> <span class='ocrx_word' id='word_1_270' title='bbox 1228 1828 1314 1858; x_wconf 82' lang='lat' dir='ltr'>ante</span> <span class='ocrx_word' id='word_1_271' title='bbox 1337 1821 1463 1871; x_wconf 84' lang='lat' dir='ltr'>ipsum</span> <span class='ocrx_word' id='word_1_272' title='bbox 1485 1823 1605 1858; x_wconf 87' lang='lat' dir='ltr'>Grae-</span> 
     </span>
     <span class='ocr_line' id='line_1_29' title="bbox 118 1876 1604 1927; baseline 0.002 -16"><span class='ocrx_word' id='word_1_273' title='bbox 118 1876 170 1912; x_wconf 91' lang='lat' dir='ltr'>cis</span> <span class='ocrx_word' id='word_1_274' title='bbox 199 1877 375 1926; x_wconf 82' lang='lat' dir='ltr'>cognitae</span> <span class='ocrx_word' id='word_1_275' title='bbox 404 1876 516 1914; x_wconf 82' lang='lat' dir='ltr'>fuisse</span> <span class='ocrx_word' id='word_1_276' title='bbox 540 1876 772 1926; x_wconf 82' lang='lat' dir='ltr'>videntur)3</span> <span class='ocrx_word' id='word_1_277' title='bbox 817 1883 903 1913; x_wconf 86' lang='lat' dir='ltr'>tum</span> <span class='ocrx_word' id='word_1_278' title='bbox 932 1877 1190 1927; x_wconf 74' lang='lat' dir='ltr'>expeditiones</span> <span class='ocrx_word' id='word_1_279' title='bbox 1225 1877 1404 1915; x_wconf 82' lang='lat' dir='ltr'>adversus</span> <span class='ocrx_word' id='word_1_280' title='bbox 1440 1879 1604 1915; x_wconf 84' lang='lat' dir='ltr'>Graecos</span> 
     </span>
     <span class='ocr_line' id='line_1_30' title="bbox 117 1931 1606 1985; baseline 0.002 -17"><span class='ocrx_word' id='word_1_281' title='bbox 117 1939 331 1983; x_wconf 85' lang='lat' dir='ltr'>susceptae:</span> <span class='ocrx_word' id='word_1_282' title='bbox 366 1946 442 1984; x_wconf 91' lang='lat' dir='ltr'>quo</span> <span class='ocrx_word' id='word_1_283' title='bbox 477 1934 557 1983; x_wconf 89' lang='lat' dir='ltr'>ipso</span> <span class='ocrx_word' id='word_1_284' title='bbox 578 1932 736 1970; x_wconf 86' lang='lat' dir='ltr'>demum</span> <span class='ocrx_word' id='word_1_285' title='bbox 758 1931 807 1969; x_wconf 89' lang='lat' dir='ltr'>ad</span> <span class='ocrx_word' id='word_1_286' title='bbox 827 1934 1074 1984; x_wconf 86' lang='lat' dir='ltr'>praecipuum</span> <span class='ocrx_word' id='word_1_287' title='bbox 1105 1947 1148 1970; x_wconf 88' lang='lat' dir='ltr'>ac</span> <span class='ocrx_word' id='word_1_288' title='bbox 1177 1935 1399 1985; x_wconf 85' lang='lat' dir='ltr'>primarium</span> <span class='ocrx_word' id='word_1_289' title='bbox 1426 1936 1514 1971; x_wconf 85' lang='lat' dir='ltr'>libri</span> <span class='ocrx_word' id='word_1_290' title='bbox 1541 1947 1606 1971; x_wconf 87' lang='lat' dir='ltr'>ar-</span> 
     </span>
     <span class='ocr_line' id='line_1_31' title="bbox 117 1988 1606 2041; baseline 0.003 -17"><span class='ocrx_word' id='word_1_291' title='bbox 117 1996 347 2037; x_wconf 87' lang='lat' dir='ltr'>gumentum</span> <span class='ocrx_word' id='word_1_292' title='bbox 376 1996 506 2027; x_wconf 87' lang='lat' dir='ltr'>auctor</span> <span class='ocrx_word' id='word_1_293' title='bbox 535 1988 681 2027; x_wconf 86' lang='lat' dir='ltr'>accedit</span> <span class='ocrx_word' id='word_1_294' title='bbox 699 1990 796 2026; x_wconf 90' lang='lat' dir='ltr'>libro</span> <span class='ocrx_word' id='word_1_295' title='bbox 817 1991 961 2041; x_wconf 86' lang='lat' dir='ltr'>quinto.</span> <span class='ocrx_word' id='word_1_296' title='bbox 1021 1989 1230 2027; x_wconf 85' lang='lat' dir='ltr'>Thraciam</span> <span class='ocrx_word' id='word_1_297' title='bbox 1250 1998 1287 2028; x_wconf 91' lang='lat' dir='ltr'>et</span> <span class='ocrx_word' id='word_1_298' title='bbox 1305 1990 1606 2028; x_wconf 84' lang='lat' dir='ltr'>Macedoniama</span> 
     </span>
     <span class='ocr_line' id='line_1_32' title="bbox 116 2045 1604 2097; baseline 0.003 -17"><span class='ocrx_word' id='word_1_299' title='bbox 116 2045 325 2095; x_wconf 81' lang='lat' dir='ltr'>Megabazo</span> <span class='ocrx_word' id='word_1_300' title='bbox 346 2047 553 2094; x_wconf 79' lang='lat' dir='ltr'>subactam,</span> <span class='ocrx_word' id='word_1_301' title='bbox 579 2048 718 2083; x_wconf 85' lang='lat' dir='ltr'>Ionum</span> <span class='ocrx_word' id='word_1_302' title='bbox 735 2047 983 2083; x_wconf 87' lang='lat' dir='ltr'>rebellionem</span> <span class='ocrx_word' id='word_1_303' title='bbox 1001 2047 1047 2083; x_wconf 92' lang='lat' dir='ltr'>ab</span> <span class='ocrx_word' id='word_1_304' title='bbox 1057 2048 1275 2097; x_wconf 85' lang='lat' dir='ltr'>Aristagora</span> <span class='ocrx_word' id='word_1_305' title='bbox 1287 2054 1434 2084; x_wconf 85' lang='lat' dir='ltr'>motam</span> <span class='ocrx_word' id='word_1_306' title='bbox 1455 2055 1492 2084; x_wconf 90' lang='lat' dir='ltr'>et</span> <span class='ocrx_word' id='word_1_307' title='bbox 1510 2060 1604 2085; x_wconf 84' lang='lat' dir='ltr'>mox</span> 
     </span>
     <span class='ocr_line' id='line_1_33' title="bbox 115 2101 1622 2154; baseline 0.002 -17"><span class='ocrx_word' id='word_1_308' title='bbox 115 2101 297 2149; x_wconf 90' lang='lat' dir='ltr'>sedatam,</span> <span class='ocrx_word' id='word_1_309' title='bbox 327 2102 516 2139; x_wconf 86' lang='lat' dir='ltr'>Mardonii</span> <span class='ocrx_word' id='word_1_310' title='bbox 540 2102 823 2154; x_wconf 81' lang='lat' dir='ltr'>expeditionem</span> <span class='ocrx_word' id='word_1_311' title='bbox 842 2105 882 2139; x_wconf 89' lang='lat' dir='ltr'>in</span> <span class='ocrx_word' id='word_1_312' title='bbox 902 2105 1101 2140; x_wconf 84' lang='lat' dir='ltr'>Graeciam</span> <span class='ocrx_word' id='word_1_313' title='bbox 1123 2111 1291 2153; x_wconf 73' lang='lat' dir='ltr'>enarrat,</span> <span class='ocrx_word' id='word_1_314' title='bbox 1322 2111 1406 2140; x_wconf 88' lang='lat' dir='ltr'>tum</span> <span class='ocrx_word' id='word_1_315' title='bbox 1425 2110 1532 2141; x_wconf 88' lang='lat' dir='ltr'>sexto</span> <span class='ocrx_word' id='word_1_316' title='bbox 1553 2105 1622 2153; x_wconf 41' lang='lat' dir='ltr'>li&lt;</span> 
     </span>
     <span class='ocr_line' id='line_1_34' title="bbox 115 2157 1603 2212; baseline 0.001 -18"><span class='ocrx_word' id='word_1_317' title='bbox 115 2157 183 2195; x_wconf 92' lang='lat' dir='ltr'>bro</span> <span class='ocrx_word' id='word_1_318' title='bbox 205 2158 252 2195; x_wconf 90' lang='lat' dir='ltr'>ad</span> <span class='ocrx_word' id='word_1_319' title='bbox 274 2161 510 2196; x_wconf 85' lang='lat' dir='ltr'>Graecorum</span> <span class='ocrx_word' id='word_1_320' title='bbox 536 2173 595 2197; x_wconf 90' lang='lat' dir='ltr'>res</span> <span class='ocrx_word' id='word_1_321' title='bbox 616 2159 858 2207; x_wconf 88' lang='lat' dir='ltr'>domesticas,</span> <span class='ocrx_word' id='word_1_322' title='bbox 891 2161 1019 2212; x_wconf 86' lang='lat' dir='ltr'>quales</span> <span class='ocrx_word' id='word_1_323' title='bbox 1039 2161 1101 2196; x_wconf 90' lang='lat' dir='ltr'>illa</span> <span class='ocrx_word' id='word_1_324' title='bbox 1122 2161 1263 2198; x_wconf 85' lang='lat' dir='ltr'>fuerint</span> <span class='ocrx_word' id='word_1_325' title='bbox 1283 2168 1427 2207; x_wconf 87' lang='lat' dir='ltr'>aetate,</span> <span class='ocrx_word' id='word_1_326' title='bbox 1458 2161 1603 2209; x_wconf 75' lang='lat' dir='ltr'>transit,</span> 
     </span>
     <span class='ocr_line' id='line_1_35' title="bbox 117 2213 1604 2268; baseline 0.001 -17"><span class='ocrx_word' id='word_1_327' title='bbox 117 2213 164 2250; x_wconf 86' lang='lat' dir='ltr'>de</span> <span class='ocrx_word' id='word_1_328' title='bbox 187 2217 289 2252; x_wconf 87' lang='lat' dir='ltr'>Datis</span> <span class='ocrx_word' id='word_1_329' title='bbox 321 2223 435 2267; x_wconf 87' lang='lat' dir='ltr'>atque</span> <span class='ocrx_word' id='word_1_330' title='bbox 463 2216 710 2267; x_wconf 86' lang='lat' dir='ltr'>Artaphernis</span> <span class='ocrx_word' id='word_1_331' title='bbox 730 2216 992 2268; x_wconf 78' lang='lat' dir='ltr'>expeditione,</span> <span class='ocrx_word' id='word_1_332' title='bbox 1016 2230 1113 2268; x_wconf 84' lang='lat' dir='ltr'>quae</span> <span class='ocrx_word' id='word_1_333' title='bbox 1141 2230 1270 2267; x_wconf 87' lang='lat' dir='ltr'>pugna</span> <span class='ocrx_word' id='word_1_334' title='bbox 1298 2216 1538 2255; x_wconf 82' lang='lat' dir='ltr'>Marathonia</span> <span class='ocrx_word' id='word_1_335' title='bbox 1556 2217 1604 2252; x_wconf 90' lang='lat' dir='ltr'>fi-</span> 
     </span>
     <span class='ocr_line' id='line_1_36' title="bbox 115 2271 1604 2324; baseline 0.003 -18"><span class='ocrx_word' id='word_1_336' title='bbox 115 2271 196 2307; x_wconf 85' lang='lat' dir='ltr'>nita</span> <span class='ocrx_word' id='word_1_337' title='bbox 216 2279 289 2320; x_wconf 86' lang='lat' dir='ltr'>est,</span> <span class='ocrx_word' id='word_1_338' title='bbox 321 2273 500 2323; x_wconf 79' lang='lat' dir='ltr'>exponit3</span> <span class='ocrx_word' id='word_1_339' title='bbox 528 2275 690 2323; x_wconf 87' lang='lat' dir='ltr'>septimo</span> <span class='ocrx_word' id='word_1_340' title='bbox 714 2281 750 2310; x_wconf 83' lang='lat' dir='ltr'>et</span> <span class='ocrx_word' id='word_1_341' title='bbox 773 2281 906 2310; x_wconf 75' lang='lat' dir='ltr'>octavo</span> <span class='ocrx_word' id='word_1_342' title='bbox 928 2273 975 2310; x_wconf 91' lang='lat' dir='ltr'>de</span> <span class='ocrx_word' id='word_1_343' title='bbox 995 2275 1133 2310; x_wconf 84' lang='lat' dir='ltr'>Xerxis</span> <span class='ocrx_word' id='word_1_344' title='bbox 1155 2273 1395 2324; x_wconf 86' lang='lat' dir='ltr'>expeditione</span> <span class='ocrx_word' id='word_1_345' title='bbox 1415 2276 1455 2310; x_wconf 91' lang='lat' dir='ltr'>in</span> <span class='ocrx_word' id='word_1_346' title='bbox 1484 2275 1604 2310; x_wconf 82' lang='lat' dir='ltr'>Grae-</span> 
     </span>
     <span class='ocr_line' id='line_1_37' title="bbox 117 2327 1605 2384; baseline 0.004 -22"><span class='ocrx_word' id='word_1_347' title='bbox 117 2327 215 2363; x_wconf 89' lang='lat' dir='ltr'>ciam</span> <span class='ocrx_word' id='word_1_348' title='bbox 242 2329 374 2376; x_wconf 84' lang='lat' dir='ltr'>refert,</span> <span class='ocrx_word' id='word_1_349' title='bbox 415 2342 518 2366; x_wconf 88' lang='lat' dir='ltr'>nono</span> <span class='ocrx_word' id='word_1_350' title='bbox 546 2331 669 2380; x_wconf 85' lang='lat' dir='ltr'>pergit</span> <span class='ocrx_word' id='word_1_351' title='bbox 690 2331 729 2366; x_wconf 87' lang='lat' dir='ltr'>in</span> <span class='ocrx_word' id='word_1_352' title='bbox 751 2330 986 2381; x_wconf 87' lang='lat' dir='ltr'>exponendis</span> <span class='ocrx_word' id='word_1_353' title='bbox 1009 2329 1122 2367; x_wconf 87' lang='lat' dir='ltr'>huius</span> <span class='ocrx_word' id='word_1_354' title='bbox 1142 2331 1231 2368; x_wconf 85' lang='lat' dir='ltr'>belli</span> <span class='ocrx_word' id='word_1_355' title='bbox 1250 2331 1392 2370; x_wconf 80' lang='lat' dir='ltr'>vicibus</span> <span class='ocrx_word' id='word_1_356' title='bbox 1413 2344 1534 2384; x_wconf 82' lang='lat' dir='ltr'>usque</span> <span class='ocrx_word' id='word_1_357' title='bbox 1554 2329 1605 2368; x_wconf 86' lang='lat' dir='ltr'>ad</span> 
     </span>
     <span class='ocr_line' id='line_1_38' title="bbox 116 2383 1156 2440; baseline 0.007 -21"><span class='ocrx_word' id='word_1_358' title='bbox 116 2384 317 2421; x_wconf 81' lang='lat' dir='ltr'>Persarum</span> <span class='ocrx_word' id='word_1_359' title='bbox 331 2384 515 2435; x_wconf 87' lang='lat' dir='ltr'>reditum,</span> <span class='ocrx_word' id='word_1_360' title='bbox 543 2399 619 2440; x_wconf 86' lang='lat' dir='ltr'>quo</span> <span class='ocrx_word' id='word_1_361' title='bbox 647 2387 792 2425; x_wconf 87' lang='lat' dir='ltr'>bellum</span> <span class='ocrx_word' id='word_1_362' title='bbox 810 2387 963 2425; x_wconf 85' lang='lat' dir='ltr'>finitum</span> <span class='ocrx_word' id='word_1_363' title='bbox 982 2394 1050 2425; x_wconf 76' lang='lat' dir='ltr'>est.</span> <span class='ocrx_word' id='word_1_364' title='bbox 1079 2383 1156 2436; x_wconf 40' lang='lat' dir='ltr'>i⁸³²4)</span> 
     </span>
    </p>
   </div>
   <div class='ocr_carea' id='block_1_3' title="bbox 113 2593 1603 2778">
    <p class='ocr_par' dir='ltr' id='par_1_3' title="bbox 113 2593 1603 2778">
     <span class='ocr_line' id='line_1_39' title="bbox 207 2593 1601 2642; baseline 0.003 -14"><span class='ocrx_word' id='word_1_365' title='bbox 207 2595 239 2637; x_wconf 71' lang='lat' dir='ltr'>*J</span> <span class='ocrx_word' id='word_1_366' title='bbox 271 2593 348 2630; x_wconf 79' lang='lat' dir='ltr'>vicl.</span> <span class='ocrx_word' id='word_1_367' title='bbox 380 2595 539 2630; x_wconf 86' lang='lat' dir='ltr'>Creuzer.</span> <span class='ocrx_word' id='word_1_368' title='bbox 573 2597 663 2632; x_wconf 84' lang='lat' dir='ltr'>Hist.</span> <span class='ocrx_word' id='word_1_369' title='bbox 693 2598 806 2632; x_wconf 76' lang='lat' dir='ltr'>Kunst.</span> <span class='ocrx_word' id='word_1_370' title='bbox 844 2598 878 2631; x_wconf 87' lang='lat' dir='ltr'>d.</span> <span class='ocrx_word' id='word_1_371' title='bbox 901 2600 965 2632; x_wconf 85' lang='lat' dir='ltr'>Gr.</span> <span class='ocrx_word' id='word_1_372' title='bbox 999 2609 1033 2642; x_wconf 86' lang='lat' dir='ltr'>p.</span> <span class='ocrx_word' id='word_1_373' title='bbox 1067 2599 1151 2632; x_wconf 81' lang='lat'>139:</span> <span class='ocrx_word' id='word_1_374' title='bbox 1200 2598 1292 2638; x_wconf 78' lang='lat' dir='ltr'>„Die</span> <span class='ocrx_word' id='word_1_375' title='bbox 1329 2598 1505 2631; x_wconf 75' lang='lat' dir='ltr'>Persische</span> <span class='ocrx_word' id='word_1_376' title='bbox 1532 2599 1601 2632; x_wconf 75' lang='lat' dir='ltr'>Ge-</span> 
     </span>
     <span class='ocr_line' id='line_1_40' title="bbox 114 2641 1603 2687; baseline 0.003 -15"><span class='ocrx_word' id='word_1_377' title='bbox 114 2641 264 2673; x_wconf 69' lang='lat' dir='ltr'>schichi‘e</span> <span class='ocrx_word' id='word_1_378' title='bbox 288 2641 389 2673; x_wconf 76' lang='lat' dir='ltr'>bleibt</span> <span class='ocrx_word' id='word_1_379' title='bbox 406 2654 475 2675; x_wconf 80' lang='lat' dir='ltr'>nun</span> <span class='ocrx_word' id='word_1_380' title='bbox 492 2646 612 2685; x_wconf 68' lang='lat' dir='ltr'>fernen·</span> <span class='ocrx_word' id='word_1_381' title='bbox 627 2646 714 2677; x_wconf 79' lang='lat' dir='ltr'>anch</span> <span class='ocrx_word' id='word_1_382' title='bbox 733 2646 793 2677; x_wconf 79' lang='lat' dir='ltr'>der</span> <span class='ocrx_word' id='word_1_383' title='bbox 811 2644 1050 2686; x_wconf 75' lang='lat' dir='ltr'>GrumlJadc-n,</span> <span class='ocrx_word' id='word_1_384' title='bbox 1075 2647 1143 2687; x_wconf 77' lang='lat' dir='ltr'>auf</span> <span class='ocrx_word' id='word_1_385' title='bbox 1157 2645 1230 2676; x_wconf 80' lang='lat' dir='ltr'>dem</span> <span class='ocrx_word' id='word_1_386' title='bbox 1251 2645 1313 2676; x_wconf 78' lang='lat' dir='ltr'>(las</span> <span class='ocrx_word' id='word_1_387' title='bbox 1331 2655 1446 2687; x_wconf 75' lang='lat' dir='ltr'>ganzo</span> <span class='ocrx_word' id='word_1_388' title='bbox 1462 2645 1603 2678; x_wconf 77' lang='lat' dir='ltr'>Gewebc</span> 
     </span>
     <span class='ocr_line' id='line_1_41' title="bbox 115 2686 1600 2735; baseline 0.004 -18"><span class='ocrx_word' id='word_1_389' title='bbox 115 2686 334 2729; x_wconf 75' lang='lat' dir='ltr'>anfgcreihet</span> <span class='ocrx_word' id='word_1_390' title='bbox 353 2687 458 2727; x_wconf 77' lang='lat' dir='ltr'>wird,</span> <span class='ocrx_word' id='word_1_391' title='bbox 482 2689 571 2721; x_wconf 71' lang='lat' dir='ltr'>«leun</span> <span class='ocrx_word' id='word_1_392' title='bbox 591 2691 646 2723; x_wconf 79' lang='lat' dir='ltr'>die</span> <span class='ocrx_word' id='word_1_393' title='bbox 664 2691 783 2723; x_wconf 69' lang='lat' dir='ltr'>Persei·</span> <span class='ocrx_word' id='word_1_394' title='bbox 799 2691 877 2722; x_wconf 74' lang='lat' dir='ltr'>siml</span> <span class='ocrx_word' id='word_1_395' title='bbox 893 2702 947 2731; x_wconf 67' lang='grc' dir='ltr'>ες,</span> <span class='ocrx_word' id='word_1_396' title='bbox 979 2701 1095 2734; x_wconf 80' lang='lat' dir='ltr'>gcgcn</span> <span class='ocrx_word' id='word_1_397' title='bbox 1128 2691 1250 2723; x_wconf 81' lang='lat' dir='ltr'>welche</span> <span class='ocrx_word' id='word_1_398' title='bbox 1279 2690 1334 2723; x_wconf 69' lang='lat' dir='ltr'>(lic</span> <span class='ocrx_word' id='word_1_399' title='bbox 1357 2701 1479 2735; x_wconf 77' lang='lat' dir='ltr'>grosse</span> <span class='ocrx_word' id='word_1_400' title='bbox 1505 2691 1600 2724; x_wconf 78' lang='lat' dir='ltr'>That</span> 
     </span>
     <span class='ocr_line' id='line_1_42' title="bbox 113 2732 940 2778; baseline 0.004 -12"><span class='ocrx_word' id='word_1_401' title='bbox 113 2733 248 2777; x_wconf 75' lang='lat' dir='ltr'>gethan</span> <span class='ocrx_word' id='word_1_402' title='bbox 261 2757 270 2775; x_wconf 95' lang='lat'>,</span> <span class='ocrx_word' id='word_1_403' title='bbox 296 2732 350 2764; x_wconf 71' lang='lat' dir='ltr'>(lie</span> <span class='ocrx_word' id='word_1_404' title='bbox 368 2733 519 2766; x_wconf 79' lang='lat' dir='ltr'>Freiheit</span> <span class='ocrx_word' id='word_1_405' title='bbox 544 2741 690 2778; x_wconf 80' lang='lat' dir='ltr'>gercttct</span> <span class='ocrx_word' id='word_1_406' title='bbox 706 2737 841 2770; x_wconf 70' lang='lat' dir='ltr'>worden</span> <span class='ocrx_word' id='word_1_407' title='bbox 858 2737 940 2769; x_wconf 79' lang='lat' dir='ltr'>ist.“</span> 
     </span>
    </p>
   </div>
   <div class='ocr_carea' id='block_1_4' title="bbox 116 2799 1594 2896">
    <p class='ocr_par' dir='ltr' id='par_1_4' title="bbox 116 2799 1594 2896">
     <span class='ocr_line' id='line_1_43' title="bbox 204 2799 1594 2849; baseline 0.003 -17"><span class='ocrx_word' id='word_1_408' title='bbox 204 2799 260 2843; x_wconf 50' lang='grc' dir='ltr'>*ἢ</span> <span class='ocrx_word' id='word_1_409' title='bbox 285 2800 388 2833; x_wconf 85' lang='lat' dir='ltr'>Plura</span> <span class='ocrx_word' id='word_1_410' title='bbox 411 2800 452 2834; x_wconf 86' lang='lat' dir='ltr'>de</span> <span class='ocrx_word' id='word_1_411' title='bbox 475 2802 678 2845; x_wconf 78' lang='lat' dir='ltr'>singulorum</span> <span class='ocrx_word' id='word_1_412' title='bbox 700 2804 861 2837; x_wconf 82' lang='lat' dir='ltr'>librorum</span> <span class='ocrx_word' id='word_1_413' title='bbox 884 2808 1081 2842; x_wconf 66' lang='lat' dir='ltr'>argumento</span> <span class='ocrx_word' id='word_1_414' title='bbox 1104 2808 1140 2839; x_wconf 79' lang='lat' dir='ltr'>et.</span> <span class='ocrx_word' id='word_1_415' title='bbox 1157 2803 1361 2839; x_wconf 77' lang='lat' dir='ltr'>narrationis</span> <span class='ocrx_word' id='word_1_416' title='bbox 1371 2815 1523 2839; x_wconf 78' lang='lat' dir='ltr'>connexu</span> <span class='ocrx_word' id='word_1_417' title='bbox 1535 2803 1594 2849; x_wconf 86' lang='lat' dir='ltr'>qui</span> 
     </span>
     <span class='ocr_line' id='line_1_44' title="bbox 116 2845 1079 2896; baseline 0.004 -18"><span class='ocrx_word' id='word_1_418' title='bbox 116 2845 263 2891; x_wconf 87' lang='lat' dir='ltr'>cupiant,</span> <span class='ocrx_word' id='word_1_419' title='bbox 288 2846 355 2881; x_wconf 73' lang='lat' dir='ltr'>vid.</span> <span class='ocrx_word' id='word_1_420' title='bbox 381 2847 578 2883; x_wconf 83' lang='lat' dir='ltr'>Dahlmann.</span> <span class='ocrx_word' id='word_1_421' title='bbox 601 2849 814 2886; x_wconf 81' lang='lat' dir='ltr'>inHerodot.</span> <span class='ocrx_word' id='word_1_422' title='bbox 838 2862 872 2896; x_wconf 87' lang='lat' dir='ltr'>p.</span> <span class='ocrx_word' id='word_1_423' title='bbox 899 2851 962 2886; x_wconf 80' lang='lat'>138</span> <span class='ocrx_word' id='word_1_424' title='bbox 985 2861 1079 2896; x_wconf 80' lang='lat' dir='ltr'>seqq.</span> 
     </span>
    </p>
   </div>
  </div>
 </body>
</html>
