1839 3292
537 247 866 283 URANIA
923 247 1048 284 VIII.
1341 251 1423 293 147

175 372 338 414 ,,μενοι,
376 351 605 409 ὑπήγαγον
644 353 687 405 ἐς
726 353 850 410 χέρας
888 354 964 405 τάς
992 353 1115 410 ἐμὰς,
1147 352 1255 398 ὥστε
1284 366 1330 399 σε
1365 357 1482 413 μή9ο

149 423 456 479 5,,μέμψασθαι
484 421 564 476 τὴν
595 421 665 464 ἀπ’
694 421 790 476 ἐμέο
821 438 889 464 τοι
919 422 1130 479 ἐσομένην
1157 424 1322 479 δίκην.“
1348 424 1424 476 Ὡς
1481 407 1560 446 669

172 491 218 536 δέ
266 492 310 535 οἱ
344 491 478 532 ταῦτα
527 487 740 541 ὠνείδισε,
785 489 1009 545 ἀχθέντων
1049 495 1135 534 τῶν
1172 493 1343 534 παίδων
1382 493 1425 544 ἐς

171 557 297 609 ὄψιν,
325 554 581 612 ἠναγκάζετο
612 555 636 599 ὁ
671 555 920 608 Πανιώνιος
943 562 1028 600 τῶν
1057 558 1223 601 ἑωυτοῦ
1243 560 1423 613 παίδων,

169 626 379 679 τεσσέρων
409 622 579 673 ἐόντων,
610 622 661 665 τά
693 627 837 667 αἰδοῖα
868 623 1131 679 ἀποτάμνειν
1149 638 1160 649 ·
1190 624 1425 681 ἀναγκαζό-

172 709 299 749 μενος
327 691 384 744 δὲ,
412 690 549 733 ἐποίεε
577 695 736 734 ταῦτα·
779 691 916 735 αὐτοῦ
955 709 1012 747 τε,
1044 692 1101 744 ὡς
1129 697 1265 736 ταῦτα
1303 692 1428 748 ἐργά-

146 766 310 810 σσατο,
359 760 402 802 οἱ
445 760 592 809 παῖδες
631 757 970 815 ἀναγκαζόμενοι
1009 759 1272 815 ἀπέταμνον.
1342 765 1481 804 Πα-95

170 826 351 869 νιω’νιον
389 825 467 880 μέν
509 842 594 869 νυν
634 825 748 870 οὕτω
784 832 990 884 περιῆλθε
1032 827 1061 884 ἥ
1088 844 1132 871 τε
1162 829 1270 879 τίσις
1298 828 1422 873 καὶὸ

167 892 427 948 Ἑρμότιμος.

282 960 442 1016 Ξέρξης
472 961 530 1012 δὲ,
560 960 620 1012 ὦς
648 963 749 1013 τοὺς
777 964 933 1014 παῖδας
956 961 1195 1020 Ἀρτεμισίῃ
1224 962 1427 1017 ἐπέτρεψε

172 1025 355 1083 ἀπᾶγειν
379 1027 419 1078 ἐς
434 1027 634 1084 Ἔφεσον,
664 1031 847 1081 καλέσας
862 1029 1136 1084 Μαρδόνιον,
1168 1031 1330 1074 ἐκέλευέ
1352 1048 1428 1087 μιν

172 1099 246 1150 τῆς
292 1099 494 1151 στρατιῆς
531 1099 741 1153 διαλέγειν
781 1099 886 1148 τούς
912 1098 1133 1153 βούλεται,
1163 1102 1235 1142 καὶ
1263 1100 1426 1143 ποιέειν
1483 1145 1525 1172 ¹5
1548 1149 1597 1172 ont
1620 1154 1647 1172 m
1685 1146 1758 1172 roti-

144 1167 293 1205 Ξτοῖσι
321 1161 491 1217 λόγοισι
519 1165 572 1208 τὰ
605 1165 709 1221 ἔργα
739 1166 1009 1221 πειρώμενον
1040 1164 1182 1220 ὁμοῖα.
1246 1167 1416 1223 Ταύτην
1434 1175 1451 1208 1
1482 1154 1757 1208 Πευέιενῖιιὲηιιιῐ.

172 1230 250 1285 μὲν
279 1229 358 1285 τήν
388 1229 554 1288 ἡμέρην
583 1233 625 1284 ἐς
654 1238 837 1276 τοσοῦτο
859 1234 1032 1288 ἐγίνετο.
1090 1237 1164 1288 τῆς
1189 1234 1234 1276 δὲ
1254 1234 1426 1285 νυκτός,

174 1296 455 1349 κελεύσαντος
483 1301 694 1355 βασιλέος,
725 1301 801 1351 τὰς
833 1304 941 1355 νῆας
971 1303 1014 1343 οἱ
1033 1302 1260 1357 στρατηγοὶ
1281 1301 1328 1344 ἐκ
1347 1305 1428 1345 τοῦ

181 1364 388 1419 Φαλήρου
417 1365 583 1420 ἀπῆγον
614 1365 750 1411 ὀπίσω
781 1367 823 1418 ές
853 1367 932 1410 τόν
963 1367 1313 1424 “Ελλήσποντον,
1367 1367 1457 1420 ⁶595

172 1430 322 1487 τοίχεος
359 1431 440 1488 εἶχε
485 1433 685 1486 ἕκαστος,
738 1434 1091 1492 διαφυλαξούσας
1137 1435 1212 1486 τὰς
1262 1437 1430 1491 σχεδίας

9 966 107 1012 1οΊ

1484 978 1644 1005 Artemisia
1675 985 1741 1006 cum

1483 1012 1584 1046 pueris
1606 1012 1700 1045 regiis
1723 1019 1757 1038 a·

1483 1045 1633 1080 mandata,
1643 1046 1756 1073 Xerxes

1483 1079 1648 1105 classiariis
1665 1079 1702 1106 im
1726 1087 1757 1106 e-

1482 1117 1550 1145 rat,
1578 1115 1610 1139 ut
1636 1112 1666 1139 in
1716 1113 1758 1139 el-

829 1620 915 1657 χεος
951 1602 1026 1657 εἶχε
1071 1605 1252 1655 ἕκαστοςς
1280 1607 1345 1644 ubi
1365 1609 1486 1646 Wes-

829 1664 962 1712 seling.
993 1665 1219 1700 excitaverat
1237 1663 1430 1702 Plutarch.
1449 1667 1486 1702 ΙΙ

327 1617 420 1668 Cap.
451 1617 563 1654 CVII.

178 1692 232 1741 ὥς
275 1692 370 1741 τούς
408 1696 554 1742 παῖδας
573 1711 610 1734 κ.
641 1710 674 1735 τ.
707 1697 771 1746 λ.]

121 1750 206 1788 Vid.
227 1753 445 1802 supraVIII,
466 1755 539 1793 103
555 1759 589 1788 et
602 1753 775 1790 Pseudo-

120 1807 313 1845 Plutarch.
331 1807 425 1845 haec
447 1810 685 1846 cavillantem
706 1823 774 1860 pro

121 1877 227 1901 more
245 1865 279 1899 H
300 1877 386 1915 pag.
408 1867 503 1905 870.
524 1888 576 1892 -
597 1868 672 1903 Pro
694 1865 778 1905 ε’κέ-

121 1923 253 1968 λευσε,
273 1922 376 1972 quod
397 1935 416 1956 e
438 1921 663 1972 quibusdam
685 1924 776 1959 reti-

120 1984 287 2013 nuerunt
324 1976 515 2014 Schaefer.
552 1986 587 2015 et
625 1978 775 2027 Matth„

121 2032 301 2084 equidem
333 2034 565 2085 reliquorum
594 2035 776 2072 librorum

123 2091 384 2126 auctoritatem
460 2098 607 2127 secutus
689 2105 777 2128 cum

123 2144 341 2196 Schweigh.
371 2152 407 2182 et
427 2147 543 2183 Gaisf.
576 2146 662 2184 dedi
695 2147 777 2187 ἐκέ-

122 2204 209 2241 λευε
225 2204 393 2254 itemque
413 2216 506 2239 mox
525 2201 617 2250 τούς
634 2201 776 2255 βούλε-

122 2272 204 2306 ται,
234 2259 300 2295 ubi
320 2260 410 2295 olim
440 2257 533 2306 τούς
558 2256 607 2298 ἀν
630 2258 778 2312 βούλη-

123 2329 186 2352 ται
196 2341 210 2358 ,
240 2316 342 2351 libris
371 2316 513 2366 scriptis
532 2318 678 2365 invitis,
708 2332 778 2354 ex-

124 2370 255 2409 stabat.
312 2371 564 2408 Indicativum
584 2375 623 2409 in
644 2375 778 2411 talibus

124 2427 216 2475 poni
242 2440 371 2477 posse,
420 2436 651 2478 monstrant,
681 2444 778 2482 quae

124 2482 291 2519 Werfer.
322 2485 444 2520 attulit
475 2486 514 2521 in
541 2487 639 2523 Actt.
670 2488 779 2537 phili.

125 2538 298 2575 Monacc.
328 2541 346 2574 I
364 2553 450 2590 pag.
485 2542 576 2581 105.
614 2545 704 2583 106.
726 2565 778 2571 --

125 2594 376 2631 Locutionem
406 2595 444 2642 ἐς
462 2601 624 2637 τοσοῦτο
642 2628 651 2645 ,
683 2613 780 2651 quae

125 2651 287 2686 occurrit
307 2652 419 2687 etiam
437 2652 542 2700 VIII,
581 2656 681 2700 125,
722 2663 782 2692 at·-

125 2706 209 2755 figit
227 2706 362 2744 Matth.
389 2709 454 2745 Gr.
476 2710 541 2746 Gr.
573 2711 610 2755 ᾗ.
632 2712 724 2752 578.
747 2726 780 2748 ο.

124 2775 213 2811 pag.
243 2762 361 2810 1145,
401 2765 467 2814 qui
493 2764 597 2801 idem
636 2768 670 2811 ξ).
700 2771 780 2808 337

126 2819 269 2856 confer.
299 2818 347 2855 ad
376 2819 582 2857 formulam
618 2821 672 2870 ὥς
709 2819 779 2862 τά-

829 1733 867 1769 p.
890 1722 981 1759 610.
1003 1720 1144 1757 Herod.
1173 1722 1252 1768 IX,
1281 1722 1346 1762 58.
1385 1723 1487 1759 Male

831 1777 922 1812 olim
940 1774 1097 1826 ταχέως,
1120 1776 1224 1828 quod
1242 1778 1369 1826 ipsum
1390 1779 1486 1815 San-

833 1833 941 1869 crofti
960 1833 1056 1869 liber
1074 1835 1221 1880 retinet,
1256 1835 1488 1880 Florentino,

832 1890 923 1937 aliis,
949 1891 1084 1926 melius
1104 1891 1265 1926 alterum
1294 1889 1488 1928 afferenti-

831 1946 913 1982 bus.
963 1947 1012 1982 Et
1048 1945 1141 1982 vidit
1162 1945 1310 1983 dudum
1328 1949 1488 1985 Wesse-

830 2003 923 2052 ling.
937 2003 1033 2039 Diss.
1054 2002 1235 2041 Herodot.
1259 2004 1317 2039 IX
1332 2017 1370 2054 p.
1395 2005 1488 2044 129.

889 2088 1213 2140 διαφυλαξούσας
1235 2088 1305 2139 τάς
1332 2093 1488 2143 σχεδίας

831 2151 1083 2199 πορευθῆναι
1113 2146 1283 2199 βασιλέϊ]
1318 2148 1380 2184 Ad
1400 2162 1490 2185 sen-

832 2217 917 2241 sum
936 2211 1035 2240 recte
1056 2204 1187 2252 Valla3
1219 2203 1266 2240 ad
1293 2205 1491 2242 custodien-

835 2262 901 2297 das
928 2265 1044 2308 rates,
1079 2262 1202 2310 quibas
1227 2273 1288 2297 rex
1312 2264 1490 2299 transiret.

834 2319 937 2353 Libri
958 2318 1085 2366 scripti
1106 2315 1276 2368 βασιλέϊ,
1306 2317 1408 2368 quod
1429 2331 1492 2353 re-

834 2375 952 2420 linui,
992 2375 1127 2410 reiecta
1157 2372 1320 2409 Aldinae
1356 2375 1492 2410 lectio-

835 2444 885 2466 ne
936 2431 1130 2480 βασιλῆας
1187 2442 1354 2481 namque
1401 2443 1492 2466 cum

837 2485 1056 2536 Schweigh.
1114 2486 1323 2535 intelligere
1380 2487 1490 2523 licet:

838 2538 1159 2591 διαφυλαξούσας
1192 2541 1347 2592 βασιλέϊ
1374 2538 1491 2592 (ὥστε

838 2595 979 2648 αὐτὸν)
1015 2599 1288 2649 πορευθῆναις
1328 2605 1370 2634 ut
1401 2612 1492 2635 sane

836 2656 881 2691 sit
904 2654 1048 2691 dativus
1069 2652 1262 2690 commodi
1283 2667 1398 2706 quem
1425 2668 1492 2693 vo-

837 2718 948 2758 cant3
1014 2722 1248 2762 quamquam
1285 2710 1493 2748 infinitivus

837 2769 1092 2817 πορευθῆναι
1112 2767 1239 2803 nescio
1261 2766 1351 2818 quid
1364 2766 1494 2804 durius

837 2822 977 2859 habere
997 2822 1165 2870 videtur,
1195 2825 1257 2860 cui
1275 2825 1327 2861 ita
1346 2823 1493 2861 mederi

1136 2877 1227 2919 10*
