1839 3292
261 194 347 236 426
810 191 1192 230 COMMENTATIO

260 302 457 344 Monachii
485 302 606 354 λέξεις
640 299 862 355 Ἡροδότου
885 302 1098 354 ἴστορεκαὶ,
1130 317 1222 355 quas
1242 317 1264 341 a
1282 303 1417 340 nostris
1443 301 1608 341 diversas
1627 301 1752 342 dicere

261 376 342 400 non
357 361 492 400 audeo.
549 362 699 398 Primus
728 357 767 407 ’ἢ
800 358 874 396 hoc
892 361 1064 396 Lexicon
1091 373 1140 396 ex
1160 359 1289 397 codice
1312 359 1482 398 Goldasti
1510 360 1679 410 vulgavit
1699 361 1748 398 G.

261 422 588 470 Iungermannus,
619 417 808 466 digestum
826 413 925 454 κατοέ
950 420 1141 466 στοιχεῖον
1163 417 1240 454 sive
1260 418 1455 453 literarum
1476 416 1662 464 ordinem,
1682 429 1752 454 cu-

260 475 428 514 iusmodi
456 474 631 524 exempla
669 486 716 509 ex
756 473 1050 523 locupletissima
1070 474 1303 510 Francorum
1329 474 1426 523 regis
1456 472 1685 510 bibliotheca
1716 480 1754 510 et

261 532 482 570 monasterii
503 531 545 568 S.
577 529 741 579 Remigii
760 530 859 566 inter
880 542 1015 566 manus
1035 536 1134 570 sunt.
1173 532 1225 567 At
1246 528 1349 565 aliud
1364 531 1421 567 vir
1449 532 1622 580 egregius
1640 531 1754 566 Mon-

261 589 484 627 tefalconius
506 587 705 624 ostentavit
724 584 905 627 Biblioth,
928 586 1083 622 Coislin.
1108 600 1146 636 p.
1167 585 1262 634 484,
1288 585 1519 636 descriptum
1534 587 1639 622 nulla
1663 588 1752 623 lite-

261 658 390 683 rarum
420 645 629 695 primarum
661 644 776 691 serie,
812 641 879 679 sed
908 641 1122 680 secundum
1153 643 1378 691 Librorum,
1417 643 1457 678 in
1478 655 1643 694 quorum
1661 643 1754 680 olim

261 702 497 752 marginibus
516 702 609 738 istae
629 701 787 750 glossae,
808 713 1028 737 numerum.
1085 701 1146 736 Ex
1167 700 1239 736 oris
1261 701 1364 736 enim
1386 697 1562 736 codicum
1583 712 1642 736 res
1671 700 1753 736 cla-

261 766 343 796 mat
363 764 558 808 excerptas
580 770 659 794 esse
680 763 716 793 et
736 755 898 793 schedae
919 755 1123 794 ostendunt
1152 757 1347 793 Eminent.
1369 755 1578 793 Cardinalis
1607 756 1754 793 Passio-

260 817 339 853 nei.
396 816 535 852 Nactus
563 812 658 850 illud
686 814 812 863 ipsum
837 826 923 850 sum
953 814 1008 850 Cl.
1034 814 1304 863 Capperonerii
1334 812 1607 850 humanissima
1637 825 1754 864 opera

262 887 312 910 ex
325 871 506 909 Biblioth.
530 872 571 910 S.
597 871 801 918 Germani,
831 871 870 906 in
892 883 1008 922 quam
1029 871 1298 907 Coislinianam
1318 871 1499 920 migrasse
1519 876 1654 907 notum
1675 876 1754 918 est3

263 929 502 980 dignumque
523 928 651 964 censui
673 925 745 963 hoc
765 928 863 973 loco,
884 934 968 963 tum
988 926 1092 978 quod
1112 928 1150 963 in
1171 928 1318 978 priore,
1348 940 1397 963 ex
1418 925 1548 964 codice
1570 925 1753 974 Goldasti,

260 1000 373 1025 voces
403 987 449 1022 ab
467 985 545 1021 aliis
575 985 750 1034 imperite
782 984 934 1020 avulsae
955 991 1157 1020 cernantur
1174 1012 1183 1030 ,
1210 991 1293 1020 tum
1318 984 1501 1035 quoniam
1529 983 1754 1033 locupletius

262 1042 478 1094 apparuerit
492 1040 679 1078 etSuidae
695 1038 963 1091 Hesychioque
982 1041 1210 1091 plerumque
1226 1041 1446 1077 conveniat:
1468 1052 1560 1076 nam
1580 1047 1755 1091 uterque,
1784 1040 1787 1042 ’

260 1101 326 1136 ille
345 1100 568 1150 praecipue,
598 1098 722 1134 simile
743 1093 914 1144 Λεξικὸν
935 1104 1187 1147 usurparnnt3
1223 1110 1349 1148 neque
1372 1097 1449 1133 eius
1470 1109 1583 1133 usum
1603 1108 1756 1133 recusa-

260 1158 314 1195 vit
345 1157 528 1193 Timaeus
547 1155 585 1190 in
606 1167 674 1191 suo
698 1154 921 1201 Platonico,
951 1152 1096 1190 nedum
1115 1160 1264 1204 praeter
1292 1160 1434 1190 ceteros
1455 1165 1588 1190 omnes
1609 1153 1657 1190 G.
1678 1153 1756 1190 Co-

260 1211 442 1259 rinthius,
485 1210 553 1249 sed
571 1224 683 1261 saepe
710 1211 828 1261 turpis
843 1209 1036 1247 socordiae
1051 1212 1179 1247 reus.“

373 1272 508 1321 Neque
527 1281 618 1306 vero
637 1269 752 1304 etiam
772 1266 968 1304 Herodoto
988 1269 1067 1303 iam
1097 1268 1300 1319 antiquitus
1321 1279 1407 1303 suos
1440 1264 1602 1302 defuisse
1628 1263 1756 1302 detre-

262 1334 421 1365 ctatores
442 1333 555 1377 atque
577 1338 723 1372 osores,
754 1325 815 1362 vel
836 1337 877 1360 ea
900 1323 1069 1361 indicant
1085 1354 1094 1372 ,
1127 1337 1224 1375 quae
1249 1323 1296 1360 de
1327 1323 1468 1369 Ctesia,
1497 1335 1626 1359 rerum
1660 1322 1756 1359 scri-

260 1391 390 1436 ptore,
422 1384 487 1435 qui
508 1383 621 1433 paulo
648 1388 731 1432 post
751 1379 936 1417 Herodoti
956 1388 1117 1418 aetatem
1137 1382 1284 1428 floruit,
1315 1378 1582 1430 Xenophontis
1612 1385 1648 1415 et
1677 1379 1755 1415 Ar-

261 1441 427 1478 taxerxis
447 1439 662 1476 Mnemonis
683 1439 860 1490 aequalis,
883 1437 937 1487 **)
968 1439 1196 1488 accepimus.
1254 1439 1353 1473 Nam
1374 1437 1436 1472 ille
1456 1437 1495 1472 in
1516 1434 1671 1472 historia
1687 1447 1756 1472 sua

260 1511 339 1535 non
359 1504 510 1534 tantum
531 1497 577 1532 ab
599 1494 793 1532 Herodoto
827 1495 955 1531 multis
975 1495 1066 1531 locis
1091 1494 1318 1541 dissensisse,
1340 1506 1476 1530 verum
1507 1493 1620 1530 etiam
1641 1505 1755 1528 men-

263 1554 361 1592 dacii
394 1567 482 1590 eum
517 1554 683 1603 arguisse
713 1550 944 1602 perhibetur.
977 1551 1052 1599 ***)
1111 1551 1221 1596 Quod
1261 1549 1456 1602 quomodo
1491 1548 1757 1600 accipiendum

260 1613 330 1659 sit,
360 1611 530 1661 pluribus
547 1610 659 1646 docui
679 1610 719 1644 in
740 1609 919 1658 Prolegg.
950 1607 997 1644 ad
1015 1608 1193 1658 fragium.
1212 1609 1385 1644 Ctesiana
1396 1621 1434 1657 p.
1455 1605 1509 1646 42
1529 1619 1636 1658 seqq.
1659 1613 1696 1642 et
1714 1607 1756 1642 iu

262 1668 509 1705 annotatione
539 1665 587 1702 ad
607 1665 775 1715 singulos
808 1663 993 1701 Herodoti
1014 1665 1139 1713 locos,
1171 1666 1236 1716 qui
1258 1663 1319 1700 liic
1346 1665 1383 1699 in
1406 1676 1562 1700 censum
1583 1665 1755 1701 veniunt.

260 1727 461 1762 Praeterea
469 1722 761 1773 Harpocrationis
773 1722 884 1769 Aelii,
896 1720 1109 1771 Sophistae‚
1123 1720 1317 1774 quoddam
1329 1727 1562 1756 memoratur
1571 1720 1756 1770 scriptum

262 1780 353 1833 περὶ
367 1783 440 1819 τοῦ
454 1782 732 1828 κατεψεῦσθαι
748 1775 821 1829 τήν
835 1774 1050 1828 Ἡροδότου
1065 1778 1256 1829 ἱστορίαν,
1270 1780 1316 1827 ἦ)
1336 1779 1505 1828 itemque
1526 1775 1757 1814 DIanetlaeonis

262 1838 443 1890 Aegyptii
460 1836 534 1887 ††)
564 1837 659 1872 liber
680 1834 856 1873 adversus
866 1834 1115 1882 Herodotum,
1137 1837 1197 1871 cui
1211 1834 1308 1871 adde
1328 1833 1477 1884 Ioseph.
1491 1834 1756 1884 contr.Apion.

265 1895 316 1935 14
357 1909 393 1946 p.
429 1893 550 1940 1035,
597 1893 662 1929 ubi
682 1891 923 1929 Herodotum
945 1893 995 1928 ait
1016 1891 1057 1931 ἒν
1079 1896 1161 1938 τοῖς
1176 1893 1372 1937 πλείστοις
1392 1886 1647 1941 ψευδόμενον
1673 1902 1754 1926 non

263 1953 310 1989 ab
330 1964 407 1988 uno
427 1951 489 1989 vel
509 1950 625 1987 altero
645 1949 711 1988 sed
732 1950 779 1986 ab
801 1949 976 1986 omnibus
993 1950 1111 2000 argui,
1136 1950 1239 1997 alios,
1252 1948 1355 2000 †††)
1387 1949 1451 2000 qui
1471 1948 1511 1983 in
1532 1948 1753 1985 universum

353 2108 384 2152 *)
409 2109 495 2149 „At‚
518 2118 632 2140 verum
657 2105 685 2139 si
702 2105 857 2150 quaeris,
893 2109 971 2139 sunt
987 2104 1124 2138 eaedem
1140 2103 1248 2148 ipsae,
1274 2115 1358 2148 quas
1381 2103 1446 2136 iam
1464 2113 1550 2137 anno
1569 2100 1755 2135 MDLXIV

262 2156 370 2189 Henr.
399 2154 593 2197 Stephanus
616 2152 650 2186 in
675 2152 880 2185 Dictionario
906 2152 1040 2185 Medico
1067 2156 1142 2195 post
1167 2149 1321 2182 Erotiani
1347 2156 1382 2182 et
1411 2149 1535 2182 Galeni
1559 2147 1756 2190 Expositio-
1783 2191 1788 2194 Ι
1834 2151 1838 2154 “

262 2214 321 2236 nes
346 2200 523 2234 dictionum
557 2197 789 2243 Hippocratis,
824 2209 856 2241 p.
890 2197 1067 2231 105—109
1096 2196 1211 2229 eodem
1246 2195 1345 2228 titulo
1370 2194 1566 2238 inscriptas,
1600 2189 1755 2234 Λεξικὸν

262 2247 337 2281 τῶν
353 2243 600 2289 Ἤροδοτείων
620 2243 770 2285 λέξεων,
796 2244 970 2285 ediderat3
995 2254 1078 2283 quas
1103 2253 1204 2283 porro
1229 2241 1361 2274 easdem
1398 2241 1518 2273 Barth.
1545 2239 1750 2272 Eustachius

262 2293 420 2327 Erotiani
438 2297 473 2324 et
494 2291 618 2324 Galeni
643 2289 847 2330 Glossariis,
875 2301 961 2322 anno
985 2287 1171 2323 MDLXVI
1198 2298 1219 2321 a
1241 2299 1278 2320 se
1295 2286 1409 2329 editis,
1433 2285 1605 2320 adiecerat
1627 2284 1755 2318 Latina

261 2339 420 2374 versione
442 2338 666 2370 illustratas.“
712 2336 1029 2380 Schweighaeuser.

351 2407 409 2450 **)
431 2405 510 2441 Vid.
534 2404 693 2448 Prolegg.
718 2403 772 2437 ad.
799 2403 893 2437 Ctes.
918 2403 1089 2446 Fragnnn.

355 2476 416 2520 ‘'⁸)
440 2474 516 2523 Vid.
533 2473 671 2507 Ctesiae
695 2473 873 2518 Excerptt.
892 2472 1003 2506 Perss.
1029 2474 1062 2514 ἓ.
1089 2472 1119 2506 1.
1144 2470 1201 2506 57.

355 2545 397 2589 †)
423 2544 500 2577 Vid.
525 2542 620 2577 Suid.
646 2553 674 2576 s.
700 2554 732 2576 v.
753 2538 962 2586 Ἀρποκρατ.
988 2542 1032 2576 Τ.
1057 2541 1074 2574 Ι
1098 2552 1131 2586 p.
1157 2541 1225 2575 336
1249 2551 1321 2585 seq.
1346 2537 1478 2573 Eudoc.
1510 2548 1543 2582 p.
1567 2537 1622 2571 66.

355 2615 424 2658 ††)
449 2613 526 2648 Vid.
550 2612 742 2656 Etymolog.
771 2611 887 2654 Magn.
910 2622 938 2645 s.
962 2622 996 2643 v.
1025 2608 1280 2652 Λεοντοκόμος
1303 2622 1336 2655 p.
1360 2608 1438 2648 570,
1455 2607 1509 2642 23.
1534 2604 1611 2640 Nisi
1633 2604 1689 2638 hic
1710 2602 1754 2636 de

265 2660 330 2693 alio
352 2672 417 2704 quo
446 2659 639 2699 Herodoto,
674 2658 906 2702 grammatico,
942 2656 1157 2702 cogitandum
1188 2661 1259 2698 est,
1293 2661 1352 2690 aut
1375 2653 1545 2688 Herodoti
1577 2661 1696 2685 nomen
1718 2649 1754 2682 in

265 2707 484 2739 Ilm-odorum
509 2704 787 2740 commutandum.

356 2774 449 2817 †††)
473 2774 544 2807 Sic,
569 2786 600 2807 v.
627 2785 656 2806 c.
680 2772 839 2817 Aphthon
878 2784 910 2818 p.
935 2773 990 2806 27.
1013 2772 1156 2816 Diogen.
1180 2771 1298 2806 Laert.
1324 2770 1476 2803 Prooem.
1501 2769 1534 2810 §⁶
1555 2768 1587 2802 9.
1614 2765 1687 2800 Cic.
1710 2763 1753 2798 de

267 2820 375 2866 Legg.
400 2821 431 2863 1,
458 2822 489 2854 1.
513 2820 653 2854 Lucian.
678 2819 757 2853 Ver.
779 2820 868 2854 Hist.
891 2819 939 2862 11,
961 2819 1016 2853 31.
1041 2818 1086 2854 T.
1111 2818 1160 2852 lV
1184 2830 1217 2864 p.
1240 2819 1308 2852 290
1331 2816 1408 2862 Bip.
