1839 3292
586 213 615 248 I.
646 212 807 247 INDEX
835 211 1025 251 RERUM.

118 321 292 354 Ilei-acum
305 319 390 363 Argi
405 319 463 360 VI,
473 318 516 352 Sl
528 321 597 352 not.
621 320 780 355 Plataea-

7 406 9 419 1
120 379 207 406 rum,
242 367 302 405 lx,
333 364 454 398 52not.
479 365 525 398 til
551 369 620 399 not.

74 424 219 456 Herccus
242 421 368 463 Iupiter
392 420 504 465 (Ζεὺς
523 418 691 464 Ἑρκεῖος,
715 420 739 454 i.
750 432 782 455 e.

7 464 9 470 Α
116 469 232 501 «lomus
249 468 414 511 praeses),
438 467 494 507 VI,
511 467 556 500 68
579 472 649 500 not.

0 514 9 557 ’ἃ
72 525 242 564 Hercules,
278 525 437 567 antiquus
472 524 554 557 deus
590 523 681 567 apud
713 522 780 556 Ae-

113 570 264 613 gyptios,
296 582 337 603 ex
361 581 426 604 xn.
456 570 596 602 deorum
625 580 780 609 numero,

111 616 157 655 ]l‚
180 614 226 648 43
249 621 317 649 not.
344 614 422 648 145.
446 616 563 648 Iovem
584 615 778 657 conspicere

113 660 217 702 rupit,
240 661 283 703 ΙΙ,
308 661 353 694 -12
376 664 445 694 not.
478 661 551 694 eius
586 661 776 700 oraculum,

113 707 158 747 11,
183 707 240 741 53.
278 707 442 750 templum
481 708 525 739 ad
566 706 776 739 canobicum

112 753 182 785 Nn
209 753 345 794 ostium,
369 753 503 795 asylum
535 752 776 795 fugitivorum,

113 798 159 831 II.
185 798 251 831 113
275 804 343 833 not.
379 797 539 830 Herculis
571 797 776 838 antiquissi-

113 855 209 876 mum
245 845 410 886 templum
435 843 535 887 Tyri,
569 842 616 885 II,
640 841 685 875 44
708 846 778 876 not.

112 889 191 921 inde
214 889 336 921 Thasii
363 890 465 921 Herc.
490 889 659 931 templum
684 889 780 921 (leri-

111 940 244 975 vatum,
278 935 360 967 ibid.
386 935 553 967 Hercules
583 934 777 978 Aegyptio-

112 991 191 1012 rum
226 980 284 1022 qui
325 980 380 1020 sit,
411 981 455 1021 II,
479 979 524 1012 42
551 984 622 1013 not.
653 981 696 1022 II,
730 980 777 1013 43

108 1030 180 1058 not.
205 1025 427 1066 Phoenicum,
451 1026 494 1065 Il,
505 1025 550 1058 -14
566 1030 634 1059 not.
657 1028 779 1059 etBu-

108 1071 197 1109 siris,
222 1072 266 1110 ll,
290 1071 335 1104 45
356 1077 425 1104 not.
458 1072 608 1105 flammis
632 1073 776 1104 absum-

108 1123 174 1157 tus,
200 1117 277 1158 VII,
303 1117 369 1150 198
397 1122 469 1150 not.
497 1118 640 1150 Herculi
666 1119 776 1151 fontes

109 1162 212 1195 calidi
248 1164 448 1202 conset-rati,
482 1164 559 1205 VH,
597 1163 663 1196 176
706 1168 775 1197 not.

108 1227 150 1232 ——
163 1209 343 1252 Hercules,
356 1208 618 1252 Amphitryonis
642 1214 674 1242 et
693 1211 774 1242 Alc-

108 1265 231 1286 menae
269 1255 330 1296 fil„
371 1255 564 1299 incognitus
580 1255 773 1299 Aegyptiis,

108 1300 153 1339 II,
178 1299 233 1333 43.
268 1300 357 1343 apud
386 1302 539 1333 Graecos
569 1301 774 1334 novissimus

109 1346 204 1387 deus,
239 1346 283 1387 Il,
307 1344 372 1379 145
394 1352 461 1379 not.
487 1358 557 1389 seq.
581 1347 628 1380 cf.
663 1358 692 1379 c.
728 1346 773 1379 43

108 1397 178 1424 not.
205 1393 369 1424 Hercules
393 1392 586 1434 Olympius,
619 1396 651 1426 et
681 1393 775 1425 Her-

110 1438 203 1470 cules
229 1439 328 1470 heros
360 1439 632 1482 distinguuntur,
658 1438 702 1478 II,
727 1437 773 1471 44

107 1488 176 1516 not.
203 1483 244 1516 de
267 1484 427 1516 Herculis
449 1484 483 1516 iu
500 1486 695 1528 Aegyptum
714 1485 774 1517 ad-

108 1534 211 1560 ventu
257 1530 351 1562 intua
387 1529 598 1562 Graecorum
640 1531 772 1572 fabula,

108 1573 153 1615 II,
172 1572 218 1607 45
235 1581 304 1608 not.
327 1575 506 1617 Hercules,
526 1576 696 1619 Geryonis
713 1577 773 1607 bo-

108 1630 168 1651 ves
190 1631 308 1663 agens,
332 1620 366 1652 in
378 1621 556 1664 Scythiam
573 1622 675 1662 venit,
700 1621 773 1654 ibi-

107 1676 175 1707 que
200 1677 239 1698 ex
262 1666 420 1699 Echidna
443 1672 510 1700 tres
532 1667 647 1711 gignit
669 1667 772 1709 filios,

104 1710 228 1753 quibus
253 1722 370 1744 arcum
395 1717 428 1746 et
461 1713 636 1757 cingulum
660 1714 771 1746 relin-

105 1756 192 1800 quit,
218 1758 278 1799 IV,
310 1757 332 1791 8
356 1763 425 1791 not.
448 1777 494 1782 —-
517 1758 572 1792 10.
620 1759 771 1803 Scytha-

105 1813 182 1835 rum
208 1804 300 1841 deus,
327 1804 386 1842 IV,
410 1804 455 1837 59
479 1809 546 1839 not.
572 1805 643 1837 eius
668 1805 771 1839 vesti·

106 1848 203 1891 gium
236 1854 353 1891 petrae
384 1849 600 1893 impressum,
634 1851 694 1891 IV,
724 1851 770 1884 82

105 1899 177 1927 not.
202 1912 244 1919 -—
271 1895 436 1927 Hercules
460 1907 481 1928 a
504 1896 626 1929 Iasone
649 1901 684 1928 et
707 1898 772 1930 Ar-

106 1939 266 1982 gonautis
289 1941 506 1983 relinquitur,
530 1942 604 1983 VH,
630 1941 709 1975 193.
741 1942 774 1975 ei

106 1985 238 2018 ardenti
262 1997 361 2030 opem
386 1988 454 2020 fert
478 1989 592 2031 Dyras
615 1988 670 2028 fl.,
698 1989 774 2029 VII,

106 2031 174 2064 198
198 2038 267 2064 not.
293 2051 334 2056 —
360 2033 521 2066 Herculis
547 2034 711 2075 templum
739 2034 775 2067 in

108 2078 306 2122 Cynosarge
338 2079 483 2120 Athen„
525 2079 584 2122 VI,
617 2079 693 2115 116,
730 2080 774 2113 ad

105 2123 369 2165 Marathonem,
403 2125 470 2166 VI,
495 2124 562 2157 108
587 2131 657 2158 not.
694 2126 772 2158 116.

105 2179 170 2203 ara
212 2170 255 2203 ad
293 2170 563 2216 Thermopylas,
597 2171 673 2213 VII,
706 2171 773 2206 176

1462 217 1545 257 5⁰5

882 324 954 355 not.
971 340 1016 346 —
1039 331 1080 355 ex
1102 321 1251 354 Hercule
1275 324 1309 355 et
1331 321 1467 356 Iardani
1485 336 1547 358 an-

883 367 966 400 cilla
988 367 1149 411 prognati
1171 367 1390 407 Heraclidae,
1430 370 1546 411 Lydo-

882 424 959 446 rum
981 425 1093 458 reges,
1103 412 1173 451 1,7.
1191 413 1227 457 *J
1250 414 1430 453 Hercules,
1452 415 1545 457 1151-

881 458 909 490 li
935 464 1042 500 pater,
1065 463 1185 493 auctor
1205 459 1341 503 generis
1365 459 1547 500 Leonidae,

882 505 957 544 HI,
981 504 1058 537 204.
1086 505 1178 547 VIII,
1202 504 1282 538 131.

836 549 1029 583 Herculeae
1053 551 1246 591 columnae,
1284 550 1329 590 Π,
1355 550 1411 587 33.
1440 551 1500 592 IV,
1524 549 1547 584 8

881 600 950 628 not.
975 596 1030 628 42.
1053 595 1110 628 43.
1136 596 1202 629 181
1228 601 1263 630 et
1284 596 1366 631 185.

833 641 1010 680 Hermion,
1034 641 1114 674 Lusi
1140 647 1248 683 pater,
1275 643 1349 683 Vll,
1374 642 1409 678 6,

832 686 1028 727 Hermione,
1062 688 1242 729 Dryopum
1267 688 1389 722 civitas
1421 688 1456 722 in
1480 689 1546 723 Pe-

877 732 1074 774 loponneso,
1096 733 1188 773 VIII,
1212 733 1259 766 73
1283 738 1353 770 not.
1377 735 1546 768 Hermio-

876 789 996 810 nenses
1020 778 1148 811 Samiis
1179 779 1338 822 profugis
1366 781 1546 824 Hydream

879 823 944 857 inS.
976 825 1124 866 tradunt,
1159 825 1221 864 111,
1257 824 1313 858 59.
1348 829 1416 859 tres
1441 838 1546 859 naves

880 871 1044 912 praebent
1075 871 1119 903 ad
1157 870 1348 911 Salamina,
1383 872 1475 913 VIII,
1499 872 1546 905 43

878 920 946 949 not.
970 917 1012 948 ad
1033 916 1192 949 Plataeas
1216 917 1376 958 militant,
1398 918 1460 959 lx,
1487 917 1545 952 223.

832 962 1040 1005 Hermippus
1063 962 1246 1001 Atarnites,
1271 963 1329 1005 VI,
1355 964 1387 996 4.

832 1009 1052 1050 Hermolycus
1074 1008 1300 1050 Atheniensis,
1326 1009 1480 1052 Euthyni
1506 1009 1545 1041 fi-

877 1053 957 1093 lius,
979 1053 1014 1086 in
1037 1054 1215 1096 pancratio
1234 1055 1380 1097 celeber,
1403 1055 1464 1097 lx,
1477 1053 1545 1088 105

877 1103 947 1132 not.

831 1145 1130 1187 Hermophantus‚
1164 1146 1233 1179 dux
1270 1148 1388 1179 contra
1421 1146 1545 1181 Persas

878 1191 920 1223 ad
944 1191 1081 1232 Sardes,
1107 1191 1149 1232 V,
1174 1191 1232 1225 99.

831 1237 1045 1279 Hermopolis
1069 1237 1162 1276 urbs,
1186 1238 1231 1278 11,
1258 1237 1303 1271 67
1326 1240 1396 1273 not.

828 1283 1059 1315 Hermotimus
1093 1283 1293 1316 Pedasensis
1326 1283 1414 1316 inter
1436 1294 1544 1317 eunu-

875 1329 958 1360 chos
982 1328 1073 1370 apud
1097 1340 1216 1367 regem
1248 1340 1398 1373 magnae
1421 1334 1545 1363 aucto-

874 1374 998 1413 rimatis,
1011 1373 1101 1415 vm,
1114 1373 1190 1408 104.
1216 1382 1424 1408 exsectorem
1444 1386 1545 1408 suum

875 1419 1081 1452 Panionium
1106 1420 1181 1454 diro
1203 1421 1307 1455 modo
1326 1422 1431 1462 ultus,
1449 1421 1544 1465 VIII,

876 1463 954 1498 105.
979 1464 1058 1498 1136.

827 1511 1075 1553 Hermotybies,
1100 1510 1348 1555 Aegyptiorum
1373 1515 1546 1555 pugnato-

873 1569 940 1595 res,
965 1557 1009 1597 Π,
1035 1556 1102 1590 164
1125 1564 1194 1590 not.
1219 1579 1264 1583 ——-
1288 1558 1367 1591 168.
1400 1559 1463 1599 ΙΧ,
1486 1557 1543 1592 42.

872 1607 1007 1635 tantum
1031 1603 1081 1635 rei
1105 1603 1249 1636 militari
1266 1608 1396 1640 vacant,
1413 1604 1456 1640 ΙΙ,
1466 1603 1544 1637 165.

873 1648 953 1690 168,
987 1649 1048 1681 ubi
1081 1653 1114 1682 et
1144 1650 1227 1682 alia.
1253 1650 1300 1684 cf.
1326 1650 1404 1691 Vll,
1428 1649 1485 1684 89.
1509 1654 1545 1684 et

871 1694 943 1727 vid.
971 1694 1167 1730 Calasiries.

825 1750 985 1792 Hermus,
1017 1751 1170 1785 Aeolidis
1193 1751 1317 1794 amnis,
1350 1752 1381 1794 Ι,
1404 1750 1450 1786 55
1472 1754 1543 1786 not.

872 1797 917 1830 80
941 1802 1010 1831 not.
1034 1798 1077 1840 V,
1101 1797 1183 1831 101.

824 1854 1041 1896 Herodotus,
1106 1857 1268 1898 tempus,
1333 1866 1401 1897 qno
1446 1853 1543 1897 vixit,

877 1900 1011 1932 Comm.
1036 1901 1068 1941 ἓ.
1094 1900 1134 1940 1;
1168 1911 1304 1941 nomen,
1336 1901 1444 1941 ibid.;
1476 1912 1544 1942 pa-

876 1945 956 1986 tria,
981 1946 1115 1978 comm.
1138 1949 1171 1988 ἓ.
1191 1947 1234 1987 2;
1258 1951 1425 1988 parentes,
1444 1947 1545 1987 ibid,-

876 1991 1054 2032 cducutio,
1089 1992 1222 2025 Comm.
1255 1995 1286 2033 ἓ.
1319 1991 1364 2036 33
1414 1992 1544 2035 imagi-

875 2048 947 2077 nes,
971 2038 1130 2070 Prooem.
1155 2043 1188 2071 et
1212 2038 1346 2071 Comm.
1367 2040 1398 2079 ᾗ.
1426 2037 1448 2070 6
1472 2039 1544 2080 fin.‚

876 2094 955 2115 cum
1002 2084 1153 2128 Panyasi
1205 2088 1306 2126 poeta
1363 2088 1544 2126 cognatus,

875 2128 1008 2161 comm.
1045 2132 1078 2171 ἓ.
1112 2129 1144 2170 3,
1176 2130 1234 2162 sed
1270 2140 1347 2161 cnm
1381 2130 1543 2163 Choerilo

874 2180 978 2218 poeta
997 2177 1130 2210 nullum
1154 2175 1401 2209 commercium
1425 2175 1543 2218 habet,

153 2347 185 2391 *)
208 2350 303 2383 Hunc
324 2351 504 2385 Herculem
522 2352 639 2386 Alcaei
663 2360 793 2398 patrem
819 2360 854 2387 et
874 2367 993 2399 regum
1021 2356 1154 2401 Lydiae
1178 2357 1319 2390 abavum
1347 2367 1411 2400 pro
1444 2355 1543 2399 regni

64 2394 236 2436 Assyriaci
260 2397 441 2430 fundatore
467 2405 502 2430 et
529 2400 684 2442 principe
704 2400 823 2434 haberi
843 2402 916 2434 vult
934 2409 1053 2436 auctor
1083 2404 1198 2443 Italus,
1234 2403 1292 2446 qui
1312 2403 1355 2435 ad
1378 2403 1466 2434 hunc
1485 2403 1550 2444 ip--

65 2450 156 2480 sum,
181 2452 278 2483 quem
295 2445 484 2485 Assyrium
503 2444 582 2477 inde
603 2453 703 2478 vocat
721 2448 923 2489 Hercu-lem,
947 2449 1054 2481 refert
1069 2449 1226 2481 Herculis
1244 2449 1434 2491 imaginem,
1456 2459 1543 2490 quae

2 2497 4 2502 ·
64 2486 99 2517 in
121 2497 275 2518 vasorum
296 2488 493 2522 Vituloniae
513 2502 622 2535 nuper
638 2499 854 2535 repertorum
871 2505 937 2526 uno
957 2501 1146 2538 comparet,
1171 2495 1290 2527 addita
1317 2494 1542 2537 inscriptione

64 2530 184 2563 ,Noino
214 2532 359 2573 Noinia,
381 2533 417 2565 in
436 2547 500 2578 qua
522 2537 597 2581 ipsa
625 2538 732 2579 Nini,
757 2550 856 2581 quem
881 2551 982 2572 unum
1011 2542 1054 2573 de
1079 2540 1235 2573 Herculis
1259 2539 1409 2582 posteris
1435 2540 1542 2572 tradit

63 2576 261 2609 Herodotus
287 2578 312 2612 l.
336 2578 361 2611 l.
389 2590 511 2614 nomen
538 2585 699 2626 cognosci
717 2584 802 2616 vult.
849 2585 928 2618 Vid.
955 2586 1097 2618 Lettera
1117 2586 1152 2618 di
1175 2585 1334 2629 Principe
1354 2586 1389 2617 di
1412 2585 1539 2618 Canino

65 2713 153 2748 1833
176 2725 210 2756 p.
231 2715 273 2748 12
291 2727 363 2757 seq.

5 2631 7 2633 ’
63 2629 269 2654 contenente
293 2624 327 2656 la
353 2623 561 2661 descrizione
588 2629 644 2661 del
670 2641 730 2662 suo
756 2641 871 2662 museo
900 2630 936 2663 di
956 2632 1130 2664 Antichitd
1159 2632 1325 2664 Etrusche
1342 2631 1543 2676 aggiuntovi

5 2672 7 2689 ³
64 2678 108 2699 un
129 2668 273 2700 articolo
291 2668 421 2701 inedito
440 2684 539 2706 sovra
558 2685 621 2707 una
642 2687 754 2718 eoppa
777 2676 1075 2720 chefrappresenta
1091 2677 1237 2710 I'Ercole
1250 2677 1391 2719 Assirio,
1412 2678 1541 2710 Milano

430 2719 495 2758 Qui
521 2720 610 2752 idem
635 2721 687 2753 vir
713 2722 835 2754 doctus
852 2722 888 2754 in
904 2734 1087 2763 annorum,
1121 2723 1177 2766 qui
1209 2723 1462 2756 Heraclidarum
1481 2735 1542 2755 re-

63 2770 141 2801 gum
158 2759 257 2803 stirpi
273 2760 373 2803 vulgo
393 2764 587 2798 tribuuntur
606 2767 683 2810 DV,
704 2778 845 2801 numero
863 2781 882 2802 a
900 2768 1049 2802 librariis
1076 2780 1228 2802 errorem
1244 2769 1457 2806 commissum
1467 2779 1541 2803 esse

63 2811 184 2848 putat,
206 2819 239 2850 p.
266 2807 319 2841 13.
342 2808 396 2842 14.
