1839 3292
267 704 333 751 54

399 187 484 227 290

799 183 1265 221 HERODOTI

391 295 468 339 τὸν
497 289 627 349 λόχον
656 293 734 336 τόν
756 289 1023 347 Πιτανήτην,
1053 291 1126 345 μὴ.
1148 289 1205 345 ἢν
1226 289 1476 333 ἀπολίπωσι
1496 292 1668 333 ποιεῦν-

392 380 461 414 τες
490 363 542 406 τὰ
576 360 878 414 συνεθήκαντο
909 363 1023 401 τοῖσι
1055 357 1226 400 ἄλλοισι
1253 357 1453 413 Ι”Ελλησι,
1504 355 1667 413 ἀπόλη-

393 448 464 475 ται
515 428 800 483 ὑπολειφθεὶς
850 424 982 475 αὐτός
1033 441 1076 468 τε
1122 423 1445 480 Ἀμομφάρετος
1502 425 1575 469 καὶ
1624 426 1725 468 οἱὸο

364 497 489 555 4μετ’
521 494 673 539 αὐτοῦ.
731 498 870 538 ταῦτα
911 493 1205 549 λογιζόμενοι,
1244 492 1431 547 οἷτρέμας
1468 491 1586 547 εἶχον
1615 492 1664 537 τὸ

393 564 686 619 στρατόπεδον
706 561 755 606 τὸ
785 562 1063 613 Λακωνικόν,
1094 562 1166 606 καὶ
1185 561 1421 616 ἐπειρῶντο
1438 560 1666 611 πείθοντές
1722 566 1805 607 718

393 652 469 691 μιν
499 632 557 684 ὠς
582 630 636 675 οὐ
667 631 795 686 χρεὸν
828 633 890 687 εἰἠ
920 635 1057 674 ταῦτα
1086 629 1261 673 ποιέειν.

505 701 593 742 Καὶ
624 701 666 743 οἱ
696 699 773 753 μὲν
803 699 1083 753 παρηγόρεον
1111 696 1465 753 Ἀμομφάρετον,
1495 700 1669 751 μοῦνον

394 768 754 821 Λακεδαιμονίων
782 783 826 809 τε
856 767 929 810 καὶ
956 767 1196 822 Τεγεητέων
1214 765 1506 821 λελειμμένον.
1543 763 1667 820 Ἀθη-
1680 772 1726 805 55

394 843 512 881 ναῖοι
542 836 587 879 δὲ
617 836 791 878 ἐποίευν
825 835 984 879 τοιοίδε.

1046 833 1162 890 εἶχον
1202 832 1390 889 ἀτρέμας
1420 831 1556 887 σφέας
1586 831 1669 875 αὐ-

396 905 501 956 τούς
532 906 604 946 ἵνα
633 904 901 959 ἐτάχθησαν,
931 903 1208 957 ἐπιστάμενοι
1236 901 1288 945 τὰ
1306 901 1671 956 Λακεδαιμονίων

400 972 678 1029 φρονήματα,
720 970 778 1022 ὥς
808 971 916 1014 ἄλλα
946 970 1230 1027 φρονεόντων
1268 970 1341 1014 καὶ
1381 968 1488 1012 ἄλλα
1522 969 1671 1024 λεγόν-

370 1049 500 1084 Ξτων.
543 1040 601 1091 ὥς
622 1041 669 1083 δὲ
699 1038 880 1095 ἐκινήθη
904 1039 953 1082 τό
978 1039 1285 1093 στρατόπεδον,
1315 1037 1506 1093 ἔπεμπον
1523 1037 1672 1092 σφέων

398 1109 554 1159 ἱππέα,
593 1106 818 1162 ὀψόμενόν
855 1122 899 1150 τε
940 1111 977 1151 εἰ
1014 1105 1283 1161 πορεύεσθαι
1324 1104 1599 1161 ἐπιχειρέοιεν
1628 1105 1728 1147 οἱ60

396 1180 693 1233 Σπαρτιῆται,
735 1177 776 1220 εἴ
799 1191 844 1219 τε
872 1176 947 1219 καὶ
968 1175 1016 1219 τὸ
1045 1173 1257 1229 παράπαν
1294 1172 1352 1230 μή
1393 1175 1672 1217 διανοεῦνται

398 1427 609 1470 ἀπολιπεῖν
646 1425 717 1468 τὸν
750 1424 890 1480 λόχον]
932 1425 1005 1468 τὸν

341 1484 459 1539 λόχον
492 1500 562 1538 pro
613 1486 751 1522 obiecti
790 1487 1005 1523 accusativo

341 1545 510 1595 accipio,
538 1544 569 1580 si
596 1541 755 1594 quidem
785 1549 823 1579 et
853 1541 892 1581 h.
917 1543 943 1583 l.
970 1549 1006 1579 et

340 1604 382 1640 in
411 1602 586 1652 proxime
607 1613 715 1651 seqq.
750 1597 824 1636 hoc
845 1601 1007 1636 verbum

342 1671 453 1697 suam
469 1659 605 1694 retinet
622 1658 700 1693 vim
713 1657 889 1693 activam.
907 1657 1007 1693 Gra—

343 1717 424 1753 vius
449 1719 565 1752 autem
582 1715 668 1763 ipsis
695 1713 881 1751 videbatur
907 1714 1007 1750 (lese-

346 1785 422 1810 rere
450 1771 706 1809 Pitanatarum
743 1770 911 1807 cohortem
956 1772 1008 1806 tz‘-

346 1830 540 1876 mentibus,
570 1841 631 1873 ne,
662 1828 695 1863 si
728 1840 803 1863 eam
832 1828 1007 1864 deseruis-

347 1889 440 1933 sent,
468 1885 668 1935 facientes,
707 1883 748 1920 de
779 1885 902 1934 quibus
931 1897 1008 1921 cum

344 1943 490 1993 reliquis
510 1943 658 1980 Graecis
677 1944 902 1977 convenerant
916 1969 926 1988 ,
948 1943 1008 1977 in-

344 2003 455 2037 tereat
471 1999 615 2036 relictus
635 1999 707 2047 ipse
722 1998 1006 2048 Amompharetus

342 2051 424 2095 ’11ὗό
438 2069 518 2093 cum
543 2054 730 2092 Pitanatzze
748 2056 834 2094 suis.
874 2056 1008 2106 Itaque

348 2113 401 2151 ad*
415 2109 652 2152 “οἷπολίπωσι
681 2112 912 2162 subintellig.
935 2107 1011 2149 αύ-

347 2167 419 2210 τόν
436 2171 516 2209 scil.
537 2166 609 2208 τόν
641 2164 774 2220 λόχον.
824 2168 885 2205 Ad
905 2169 1013 2205 locu-

347 2228 495 2265 t10nem
543 2219 714 2275 οἷτρέμας
753 2220 858 2276 εἶχον
908 2225 1011 2262 conf.

348 2291 446 2322 nott.
483 2281 531 2320 ad
551 2282 646 2329 VII,
685 2283 710 2321 8
734 2283 772 2327 §.
798 2286 817 2321 1
842 2289 877 2318 et
908 2281 955 2318 ad
976 2281 1012 2321 ἒ-

349 2343 544 2393 πειρῶντο
562 2337 774 2383 πείθοντες
788 2337 922 2374 Matth.
945 2339 1010 2378 Gr,

350 2399 418 2435 Gr.
450 2399 488 2442 §.
514 2393 595 2438 555
626 2407 715 2445 pag.
738 2396 841 2435 1091
875 2402 913 2431 et
933 2396 1014 2431 He-

351 2453 434 2495 rod.
455 2455 534 2503 IX,
556 2453 626 2492 26-

572 2574 666 2626 cap.
690 2574 789 2612 LIV.

412 2672 664 2726 ἐπιστάμενοι
690 2673 739 2716 τοὶ
761 2676 1017 2727 Λακεδαιμο-

357 2729 458 2769 νίων
496 2730 762 2784 φρονήματα]
815 2734 840 2773 i.
869 2747 902 2771 e.
937 2733 1018 2771 bene

357 2789 466 2837 gnari
481 2791 586 2826 moris
620 2794 725 2841 atque
750 2792 887 2841 ingenii
900 2789 1017 2830 Laco-

1061 1441 1163 1476 num,
1196 1428 1259 1478 qui
1279 1427 1356 1464 alia
1373 1429 1552 1475 sentiant,
1573 1426 1650 1464 alia
1668 1426 1729 1463 di-

1063 1489 1160 1523 cant.
1200 1483 1264 1520 Ad
1279 1484 1515 1520 locutionem
1527 1484 1726 1531 oonfvnl,

1066 1541 1146 1583 144
1168 1548 1204 1578 et
1224 1542 1302 1588 IX,
1325 1543 1350 1580 7
1372 1542 1410 1586 ξ.
1437 1544 1475 1580 2.
1528 1539 1591 1577 Ad
1612 1553 1729 1590 argu-

1061 1605 1239 1635 mentum
1287 1598 1566 1648 Wesselingius
1628 1597 1727 1634 bene

1064 1654 1356 1705 affertEm·ip1d.
1369 1651 1635 1693 Andromach.
1647 1653 1730 1694 447

1065 1720 1101 1748 et
1122 1711 1306 1748 Herodot.
1329 1712 1402 1758 Vl,
1437 1713 1536 1758 108,
1567 1711 1632 1747 ubi
1652 1709 1727 1750 vid,

1063 1776 1160 1806 nott.
1213 1767 1324 1814 Quod
1345 1780 1435 1805 vero
1461 1768 1633 1804 Lacones
1666 1766 1730 1804 hic

1064 1827 1173 1862 aliter
1214 1833 1328 1876 atque
1369 1826 1497 1861 animo
1546 1824 1731 1874 gerebant

1064 1883 1193 1934 eloqui
1214 1882 1414 1930 dicuntur,
1448 1879 1522 1918 hoc
1543 1879 1730 1918 Valcken.

1063 1946 1260 1990 comparat
1302 1952 1391 1975 cum
1430 1939 1643 1975 Homericis
1686 1938 1729 1974 ΙΙ.

1063 1998 1144 2044 XI,
1167 1999 1261 2036 313.
1285 1994 1417 2033 Schol.
1447 1993 1729 2046 Aristoph.Av.

1068 2055 1146 2093 168
1176 2054 1379 2105 ipsumque
1427 2051 1534 2088 addit
1579 2052 1731 2088 Aristo-

1064 2109 1233 2160 phanem
1269 2111 1547 2160 Spartanorum
1579 2107 1732 2144 fraudes

1067 2179 1111 2202 ao
1167 2166 1366 2216 perfidiam
1413 2165 1731 2215 perstringentem

1065 2224 1106 2259 in
1127 2224 1217 2263 Pac,
1236 2223 1355 2263 1065.
1367 2221 1535 2258 Acharn.
1550 2222 1630 2261 307
1643 2221 1731 2262 coll,

1066 2278 1314 2316 Demostheu.
1336 2292 1369 2315 c.
1390 2279 1569 2316 Aristocr.
1589 2291 1626 2328 p.
1647 2277 1726 2318 421

1071 2336 1178 2387 [pag.
1201 2336 1280 2376 659
1302 2334 1446 2385 Reisk.]
1469 2355 1524 2363 —
1558 2335 1603 2370 Iu
1622 2347 1731 2386 seqq.

1069 2393 1118 2430 ad
1188 2393 1399 2442 optativum
1462 2389 1729 2442 ἐπιχειρέοιεν,

1070 2463 1186 2502 quem
1216 2450 1255 2484 in
1283 2450 1399 2486 aitera
1426 2449 1730 2497 interrogationis

1068 2514 1176 2558 parte
1198 2507 1338 2557 excipit
1368 2504 1594 2542 indicativus
1623 2500 1731 2557 (δια-

1069 2563 1291 2610 νοεῦνται),
1335 2563 1481 2600 consul.
1518 2559 1653 2597 Matth.
1691 2562 1729 2606 §.

1071 2619 1178 2667 507,
1217 2622 1242 2660 2
1268 2632 1356 2670 pag.
1397 2621 1477 2659 963
1491 2648 1501 2666 ‚
1540 2618 1606 2670 qui
1625 2616 1730 2654 idem

1072 2677 1109 2721 ὃ.
1132 2678 1234 2719 617,
1255 2677 1279 2716 5
1309 2689 1396 2727 pag.
1423 2675 1528 2715 1253
1553 2673 1731 2711 consula-

1071 2739 1133 2769 tur
1153 2731 1201 2768 de
1222 2734 1405 2782 particula
1427 2731 1524 2780 εἴτε,
1550 2743 1647 2783 quae
1666 2728 1730 2767 hic

1071 2791 1172 2829 valet
1192 2802 1251 2828 αη.
