1839 3292
405 220 463 262 54

809 219 1271 257 HERODOTI

275 332 340 377 41
410 329 520 385 πρὸς
549 326 633 383 τήν
662 329 906 382 Σαλαμῖνα.
953 329 1007 370 Οἱ
1045 327 1125 382 μὲν
1155 328 1208 383 δὴ
1240 326 1365 371 ἄλλοι
1394 325 1602 382 κατέσχον
1633 326 1675 377 ἐς

76 396 224 425 Desertae
243 396 332 424 Athe-

77 438 144 464 nae,
172 431 357 465 paucissimis

76 451 241 492 incolarum
260 473 356 492 rema-

78 497 218 526 nenthus
236 499 275 534 [c.
285 499 327 527 51.
330 500 356 535 ].

411 397 491 454 τήν
521 400 771 450 Σαλαμῖνα,
799 393 1026 450 Ἀθηναῖοι
1059 395 1105 438 δὲ
1136 395 1177 445 ἐς
1209 394 1288 449 τὴν
1319 395 1507 438 ἑωυτῶν.

1568 392 1674 449 μετὰ

416 465 462 509 δὲ
491 464 571 520 τήν
602 461 767 515 ἄπιξιν,
804 461 1006 518 κήρυγμα
1036 461 1296 517 ἐποιήσαντο
1327 462 1593 519 ,,Ἀθηναίων
1622 466 1676 519 τῇ

409 549 500 586 ,,τις
522 530 718 580 δύναται,
739 527 890 582 σώζειν
919 530 970 574 τὰ
1001 530 1130 573 τέκνα
1150 546 1194 573 τε
1222 531 1294 573 καὶ
1323 530 1429 580 τοὺς
1460 531 1674 580 οἰκέτας.“

379 601 628 644 ΞἘνθαῦτα
667 599 710 641 οἱ
738 597 816 652 μὲν
845 603 1036 641 πλεῖστοι
1078 598 1121 648 ἐς
1155 602 1370 653 Τροιζῆνα
1399 597 1669 648 ἀπέστειλαν,
1681 604 1728 637 30

407 671 452 714 οἱ
478 669 524 712 δὲ
554 668 597 721 ἐς
622 669 826 724 Αἴγιναν,
862 668 905 710 οἱ
936 666 981 710 δὲ
1008 666 1050 717 ἐς
1079 671 1324 723 Σαλαμῖνα.

1384 667 1600 709 ἔσπευσαν
1629 664 1675 709 δὲ

406 740 546 781 ταῦτα
596 735 891 786 ὑπεκθέσθαι,
941 738 1002 790 τῷ
1047 737 1293 792 χρηστηρίῳ
1332 750 1376 777 τε
1413 733 1677 790 βουλόμενοι

411 803 665 861 ὑπηρετέειν
677 839 687 857 ,

737 804 811 847 καὶ
849 801 903 858 δὴ
931 803 1004 846 καὶ
1046 804 1177 846 τοῦδε
1207 804 1353 845 εἵνεκα
1384 801 1466 845 οὐκ
1498 802 1675 859 ἥκιστα·

414 872 590 928 λέγουσι
620 875 664 917 οἱ
687 870 925 930 Ἀθηναῖοι,
948 871 1055 928 ὄφιν
1073 870 1210 928 μέγαν
1238 869 1415 927 φύλακα
1444 875 1518 927 τῆς
1548 869 1680 926 α’κρο-

362 1077 399 1106 et
464 1068 659 1107 Bekkero.
746 1069 810 1107 Sic
866 1081 1021 1120 quoque

362 1122 468 1165 οὕτω
488 1124 536 1176 δὴ
559 1128 658 1173 VIII,
679 1129 746 1167 23.
769 1129 838 1165 31.
858 1126 945 1162 coll.
957 1127 1023 1169 III,

363 1185 417 1224 32
432 1189 512 1219 not.
534 1183 613 1230 VH,
638 1181 728 1223 174.

584 1271 805 1322 cap.XL1.

414 1344 661 1414 Αθηναίων
689 1353 740 1405 τῇ
765 1366 823 1399 τις
845 1346 1024 1398 δύνάται,

365 1400 507 1453 σωζειν
540 1405 589 1446 ro?
620 1407 738 1447 τέκνα
765 1422 805 1446 τε
839 1406 907 1446 καὶ
932 1422 1026 1454 τους

366 1461 554 1514 οἰκέτας]
603 1467 811 1502 Decretum
840 1466 914 1501 tale
934 1471 1024 1512 erat,

366 1526 410 1556 ut
430 1533 507 1571 quo
528 1521 612 1559 loco
624 1523 782 1575 quisque
794 1535 879 1559 suos
890 1522 1026 1558 liberos

367 1576 631 1631 familiamque
687 1580 830 1629 optime
878 1591 1027 1617 servare

366 1641 504 1684 posset,
543 1637 584 1671 in
613 1649 658 1673 eo
680 1637 895 1673 collocaret.
955 1636 1028 1681 Qui

367 1691 495 1739 enim,
546 1693 725 1730 facultate
760 1694 911 1744 publice
948 1705 1028 1729 nou

367 1748 564 1797 concessa,
599 1751 756 1801 periculi
794 1751 1028 1786 imminentis

366 1810 541 1854 tempore
580 1809 743 1857 patriam
790 1808 1030 1858 reliquissent

370 1861 606 1899 familiamve
646 1865 936 1912 subtraxissent,
968 1877 1030 1900 eos

371 1916 612 1968 proditorum
645 1921 729 1957 loco
760 1919 923 1968 habitos,
967 1921 1033 1972 qui

374 1975 519 2012 crimen
540 1977 692 2027 publica
712 1977 838 2028 poenit
861 1979 1035 2028 plecten-

375 2029 470 2068 dum
519 2035 806 2081 commisissent,
862 2033 1032 2071 indicant

376 2100 474 2139 quae
494 2090 705 2128 Larcherus
724 2090 771 2127 ad
792 2089 831 2131 h.
852 2092 878 2127 l.
897 2098 1033 2142 protu-

374 2145 420 2182 lit
440 2159 488 2182 ex
506 2148 672 2198 Lycurg.
692 2149 730 2184 in
751 2150 923 2185 Leocrat.
944 2161 1034 2198 pag.

380 2200 472 2250 154,
494 2206 542 2243 31
564 2204 618 2255 [p.
642 2208 721 2245 177
741 2206 804 2253 R.]
844 2203 1034 2242 Aeschine

378 2266 497 2296 contr.
531 2259 763 2311 Ctesiphont.
785 2274 871 2312 pag.
894 2261 973 2302 468
994 2263 1036 2299 F-

377 2314 444 2363 [ξι
466 2318 562 2365 86].
606 2320 664 2354 De
693 2319 932 2365 Troezeniis,
970 2319 1036 2369 qui

379 2373 522 2422 optime
537 2372 787 2412 Athenienses
804 2376 1037 2425 exceperint,

378 2427 484 2465 idem
515 2431 662 2469 confert
699 2431 893 2469 Plutarch.
927 2430 1039 2468 The-

380 2486 542 2525 mistocl.
573 2501 657 2540 cap.
681 2492 746 2530 11.
768 2512 816 2518 —-
845 2488 907 2526 Ad
926 2501 1038 2526 voces

380 2555 428 2579 τα
449 2542 567 2583 τέκνα
597 2560 638 2585 τε
667 2561 734 2585 και
758 2543 854 2593 τούς
886 2544 1040 2592 οἰκέτας

384 2598 486 2634 conf.
516 2609 613 2639 nott.
649 2602 698 2640 ad
727 2604 825 2652 VIII,
854 2601 892 2651 4,
934 2609 970 2640 et
992 2602 1041 2640 ad

384 2655 546 2693 verbum
570 2653 801 2699 ἐπέστειλαν
830 2660 955 2730 suppl.
990 2656 1038 2699 τοῖ

384 2707 502 2750 τέκνα
531 2728 571 2752 τε
597 2730 664 2754 και
687 2732 783 2764 τους
806 2716 971 2764 οἰκέτας.
988 2741 1039 2746 -

385 2767 517 2805 Verbis
538 2769 580 2808 οἱ
597 2769 678 2810 δὲ’
661 2787 700 2818 ες
716 2777 924 2826 Σαλαμῖνα
944 2775 1042 2811 bene

386 2825 503 2864 utitur
535 2827 707 2880 Lessing.
754 2831 828 2872 Vir.
860 2830 1044 2883 Sophocl.

1079 1068 1144 1113 (T.
1162 1068 1258 1103 XIX
1282 1081 1319 1117 p.
1343 1065 1424 1107 <245
1446 1065 1506 1104 ed.
1530 1064 1739 1117 Carlsruh.)

1081 1137 1102 1160 a
1147 1124 1178 1159 C
1190 1137 1220 1164 r,
1255 1123 1442 1170 laudatus,
1485 1125 1621 1176 quibus
1660 1125 1741 1161 scil.

1080 1180 1269 1231 probaret,
1292 1179 1526 1230 Sophoclem
1542 1194 1704 1232 puerum
1721 1193 1742 1217 a

1081 1237 1301 1287 parentibus
1321 1239 1529 1274 securitatis
1549 1250 1660 1274 causa
1673 1237 1744 1274 de-

1080 1295 1203 1331 latum
1223 1294 1336 1330 fuisse
1362 1295 1401 1330 iu
1423 1294 1662 1331 Salaminem
1682 1295 1744 1330 in·-

1081 1351 1218 1388 sulam.

1141 1406 1334 1446 ἕσπευσαν
1365 1404 1428 1456 δὲ]
1471 1408 1548 1444 Pro
1569 1408 1672 1457 vulg.
1695 1404 1746 1458 δή

1084 1463 1264 1515 equidem
1299 1476 1388 1500 cum
1416 1470 1574 1502 recentt.
1611 1464 1746 1502 lubens

1083 1522 1210 1572 recepi
1232 1517 1286 1567 δὲ,
1310 1519 1414 1572 quod
1442 1521 1684 1558 Florentinus
1700 1521 1748 1557 li-

1083 1579 1152 1614 ber
1172 1590 1262 1615 cum
1278 1577 1469 1614 Sancrofti
1488 1578 1585 1615 libro
1595 1578 1748 1630 alioque

1084 1636 1256 1672 Parisino
1277 1635 1524 1685 praebebant.
1573 1634 1636 1671 Ad
1657 1648 1750 1672 ver-

1084 1693 1180 1729 bum
1200 1690 1456 1732 ὖπεκθέοθαι
1485 1692 1589 1730 conf.
1606 1693 1705 1741 VIII,
1722 1690 1748 1732 4

1086 1750 1182 1797 etV,
1205 1747 1268 1789 65

1143 1807 1199 1861 τῷ
1223 1805 1444 1857 χρηστηρίῳ
1478 1819 1519 1845 τε
1555 1801 1752 1857 βουλόμε-

1088 1877 1153 1903 νοι
1172 1848 1425 1913 υπηρετέειν]
1448 1863 1492 1898 In
1513 1876 1590 1899 una
1610 1862 1751 1900 Aldina

1089 1926 1174 1971 post
1194 1933 1233 1957 τε
1253 1920 1391 1956 inserta
1411 1920 1592 1969 leguntur
1605 1921 1749 1958 verba:

1090 1974 1326 2027 πειθόμενοι
1350 1991 1429 2019 και,
1455 1990 1503 2013 ex
1523 1978 1752 2028 interpreta-

1091 2040 1237 2078 mento,
1258 2034 1406 2083 opinor.
1436 2035 1601 2084 Respicit
1621 2041 1751 2070 autem

1087 2092 1223 2127 Noster
1244 2089 1292 2125 ad
1314 2091 1512 2126 oraculum
1542 2091 1624 2137 VII,
1672 2089 1747 2130 141

1091 2145 1226 2187 —143
1249 2146 1418 2183 allatum.
1465 2148 1558 2183 Mox
1579 2159 1669 2183 cum
1688 2160 1751 2183 re-

1091 2210 1207 2243 centt.
1230 2201 1319 2239 dedi
1340 2204 1551 2240 elibrorum
1564 2204 1643 2240 sere
1655 2217 1751 2240 con-

1090 2272 1225 2298 sensu:
1286 2260 1409 2299 τοῦδ
1428 2274 1445 2299 ε
1493 2260 1645 2308 εἵνεκα,
1685 2261 1752 2297 ubi

1093 2316 1321 2355 Schaeferus
1350 2316 1506 2354 dederat
1534 2319 1624 2356 τοῦ
1656 2316 1754 2356 εἵνε-

1091 2390 1155 2414 κα.
1216 2375 1317 2411 Olim
1344 2389 1394 2413 το
1407 2370 1431 2413 ύ
1449 2389 1500 2413 το
1517 2390 1541 2413 v
1564 2373 1708 2413 εἵνεκα.

1151 2427 1249 2480 ὅφιν
1278 2428 1399 2483 μέγαν
1430 2427 1592 2481 φύλακα
1617 2433 1689 2481 τῆς
1708 2425 1753 2469 α’-

1093 2483 1308 2540 κροπόλιος
1331 2503 1367 2526 κ.
1396 2502 1426 2525 τ.
1454 2485 1507 2539 L]
1541 2486 1755 2524 Athenien-

1095 2558 1152 2583 ses
1172 2546 1211 2581 in
1231 2558 1316 2581 arce
1327 2548 1512 2595 serpentem
1532 2546 1610 2582 sive
1632 2552 1673 2582 ut
1692 2544 1755 2581 alii

1094 2609 1235 2640 vocant
1274 2601 1457 2639 draconem
1487 2602 1652 2650 alebant,
1690 2614 1754 2638 sa-

1097 2672 1206 2696 crum
1235 2660 1427 2695 Minervae
1463 2660 1605 2696 animal
1624 2665 1753 2696 custo-

1099 2715 1265 2768 demque
1293 2713 1382 2763 (τόν
1402 2712 1608 2768 οἰκουρόν)
1636 2716 1752 2766 ipsius

1099 2775 1207 2812 arcis.
1266 2771 1351 2809 Vid.
1375 2771 1541 2825 Hesych.
1563 2787 1591 2810 s.
1607 2786 1642 2810 v.
1662 2773 1698 2808 ΙΙ
1717 2785 1757 2822 Ρ.

1100 2833 1196 2872 726,
1253 2828 1445 2881 Aristoph.
1474 2831 1631 2882 Lysistr.
1662 2831 1759 2870 760.

1737 804 1818 844 638
