1839 3292
475 245 543 281 DE
573 242 700 281 VITA
731 242 806 279 ET
836 239 1071 278 SCRIPTIS
1101 240 1376 278 HERODOTI.
1582 243 1667 284 389

185 359 342 398 Thurias
360 362 528 403 vocatur,
550 368 593 392 ac
613 355 644 391 si
664 354 796 391 natalis
817 352 878 390 hic
901 359 996 390 esset
1014 353 1120 390 locus
1149 365 1315 404 vereque
1346 353 1516 402 patriast,
1553 354 1666 392 inde-

182 429 257 468 que
277 415 391 451 etiam
419 411 524 449 haud
546 413 623 449 scio
641 425 688 448 an
710 409 980 461 explicandum
999 410 1066 457 sit,
1098 408 1202 460 quod
1222 409 1311 445 belli
1338 409 1665 460 Peloponnesiaci,

182 470 358 523 quodilla
378 477 499 506 aetate
520 481 636 520 quam
650 469 819 504 maxime
839 467 970 504 saeviit
988 473 1210 516 tantamque
1238 466 1418 501 Graeciae
1436 466 1549 502 rebus
1570 479 1665 503 con-

179 528 393 565 versionem
426 526 572 573 attulit,
615 526 732 561 rarior
759 525 798 560 in
822 524 937 560 Musis
966 521 1188 559 Herodoteis
1208 522 1354 558 mentio
1373 521 1452 559 fiat.
1510 520 1665 560 Thuriis

178 591 374 620 mortuum
393 584 510 634 inque
530 582 611 618 foro
632 581 822 631 sepultum
843 592 921 616 esse
940 577 1181 615 Herodotum
1201 577 1315 615 tradit
1335 577 1472 616 Suidas
1491 579 1576 616 loco
1599 592 1665 616 su-

178 653 247 691 pra
269 641 402 676 allato:
435 639 573 675 tumuli
602 638 883 686 inscriptionem
911 634 1056 671 hancce
1077 633 1242 671 offerunt
1263 632 1479 685 Stephanus
1499 637 1664 687 Byzant-

178 711 207 736 s,
228 710 265 733 v.
289 691 460 746 Θούριος
480 701 516 730 et
536 691 795 742 Aristophanis
816 690 1027 729 Scholiasta
1048 689 1097 728 ad
1113 690 1243 728 Nubb.
1262 693 1339 732 331
1365 691 1470 742 (coll.
1490 690 1663 731 Brunck.

179 753 366 790 Analectt.
387 752 470 790 Vol.
489 751 542 786 111
561 763 599 800 p.
621 751 702 790 263
723 749 841 799 epigr.
863 747 984 794 533):

393 845 595 892 ςΗρόδοτον
613 844 740 888 Λύξεω
763 843 916 888 κρύπτει
938 842 1043 883 κόνις
1059 841 1126 889 ἥδε
1143 842 1326 889 θανόντα,

497 891 614 931 Ἰάδος
630 889 782 935 ἀρχαίης
798 890 958 933 ἱστορίης
975 887 1170 933 πρύτανιν.

395 938 568 984 Δωριέων
586 936 727 982 πάτρης
747 934 936 982 βλαστόντ’
956 932 1031 971 ἄπο
1048 963 1059 978 ,
1089 937 1164 971 τῶν
1189 932 1244 980 ἄρ’
1264 932 1429 980 ἄπλητον

498 985 642 1027 Μῶμον
658 981 955 1027 ὑπεκπροφυγὼν
975 980 1139 1027 Θούριον
1159 980 1236 1027 ἔσχε
1256 979 1414 1027 πάτρην.

177 1078 288 1126 Quod
307 1079 548 1116 Marcellinus
575 1079 615 1114 in
639 1079 715 1118 Vit.
741 1076 962 1128 Thucydid.
984 1079 1019 1123 §.
1045 1080 1095 1118 18
1119 1073 1164 1126 ³³)
1189 1074 1348 1113 Athenis
1378 1072 1561 1112 Herodoti
1575 1087 1661 1111 me-

176 1144 300 1174 morat
318 1137 546 1186 sepulcrum,
567 1134 608 1171 id
627 1136 657 1171 si
676 1148 811 1172 verum
826 1141 899 1182 est,
929 1147 1057 1186 neque
1082 1133 1258 1170 Herodoti
1284 1145 1449 1180 nomen,
1483 1133 1538 1168 uti
1565 1144 1661 1168 con-

176 1193 300 1231 tendit
319 1194 528 1229 Viscontius
542 1222 551 1240 ,
581 1192 681 1227 male
700 1189 775 1228 huc
794 1192 953 1241 irrepsit,
975 1203 1064 1228 cum
1083 1190 1267 1236 Fabricio,
1288 1189 1661 1240 Wesselingi0,Lar-

178 1249 304 1296 chero,
325 1251 486 1300 Heysio,
518 1249 584 1300 qui
604 1250 684 1298 ipse
713 1249 921 1285 accuratius
942 1249 982 1283 in
1008 1246 1102 1283 haec
1122 1245 1316 1297 inquisivit
1344 1258 1383 1295 p.
1404 1246 1469 1284 80.
1492 1246 1540 1284 81
1557 1275 1567 1292 ,
1598 1245 1661 1280 in-

177 1305 427 1356 telligendum
448 1305 494 1342 de
515 1303 739 1354 cenotaphio
753 1333 763 1352 ,
798 1303 901 1356 quod
920 1305 1001 1340 viro
1021 1303 1068 1340 de
1089 1304 1195 1339 omni
1216 1302 1374 1338 Graecia
1396 1313 1438 1337 ao
1467 1301 1663 1350 sigillatim

178 1362 226 1400 de
245 1361 549 1410 Atheniensibus,
573 1374 665 1412 quos
686 1361 797 1397 tantis
816 1359 988 1397 laudibus
1009 1359 1262 1405 exornaverit,
1283 1357 1520 1394 meritissimo
1537 1355 1661 1393 Athe-

177 1420 325 1456 nienses
346 1420 495 1469 publice
517 1418 719 1468 posuerint.
751 1416 863 1462 Quod
895 1429 984 1454 vero
1013 1416 1142 1452 Pellae
1162 1416 1202 1451 in
1226 1413 1451 1450 Macedonia
1481 1412 1659 1450 Herodo-

178 1483 260 1513 tum
280 1477 412 1513 obiisse
430 1476 491 1511 alii
510 1472 771 1524 perhibebant,
798 1479 891 1510 teste
914 1471 1034 1510 Suida
1053 1473 1077 1508 l.
1098 1472 1124 1509 l.
1140 1500 1150 1519 ,
1192 1470 1244 1518 id,
1273 1471 1348 1506 nisi
1368 1483 1518 1520 prorsus
1538 1469 1661 1507 confi-

178 1539 282 1569 ctum
312 1545 390 1568 esse
410 1538 606 1582 putemus,
636 1543 715 1566 non
742 1530 813 1566 nisi
831 1528 902 1566 hac
922 1531 1066 1566 ratione
1085 1527 1280 1578 probabile
1300 1525 1407 1562 reddi
1427 1527 1587 1577 poterit,
1617 1532 1661 1563 ut

178 1588 414 1625 Herodotum
434 1589 642 1637 cogitemus
665 1586 712 1623 ad
728 1585 972 1633 Archelaum,
999 1583 1245 1622 Macedoniae
1265 1595 1416 1634 regem,
1448 1595 1563 1634 quem
1589 1581 1662 1619 do-

176 1652 255 1682 ctos
276 1645 448 1682 homines
479 1642 637 1680 Athenis
669 1642 717 1679 ad
747 1656 786 1679 se
811 1644 986 1680 invitasse
1006 1645 1204 1687 novimus,
1244 1647 1336 1677 tunc
1363 1640 1542 1690 temporis
1567 1652 1661 1689 pro-

175 1702 342 1748 fectum,
372 1702 458 1738 fatis
484 1701 607 1739 subito
636 1700 834 1751 abreptum
856 1701 985 1737 fuisse.
1044 1698 1154 1738 Conf.
1187 1697 1230 1734 C.
1259 1698 1469 1733 Hermann.
1491 1695 1661 1734 Tom.lI

174 1772 263 1810 pag.
283 1761 376 1800 661.

287 1826 446 1873 Uxoris,
482 1827 766 1877 liberorumque
806 1836 925 1875 aeque
956 1835 999 1858 ac
1029 1827 1280 1872 cognatorum
1302 1816 1488 1854 Herodoti
1521 1817 1587 1865 (si‘
1612 1818 1660 1855 ab

175 1895 254 1919 uno
305 1882 469 1933 Panyasi
517 1882 709 1932 discedas)
744 1881 849 1917 nulla
883 1879 1066 1930 reperitur
1106 1878 1263 1913 mentio.
1328 1874 1466 1912 Tradit
1502 1873 1660 1926 quidem

175 1939 416 1975 Ptolemaeus
437 1937 686 1989 Hephaestio,
715 1936 952 1974 Herodotum
977 1947 1107 1972 secum
1127 1932 1301 1969 habuisse
1321 1932 1507 1968 amasium
1536 1944 1660 1982 quen-

177 1994 267 2032 dam
287 1992 556 2043 Plesirrhoum,
588 1995 816 2031 Thessalum
836 2005 976 2042 genere
1006 1989 1250 2041 eundemque
1288 2000 1407 2038 opum
1439 1985 1659 2035 haeredem,

177 2064 198 2087 a
219 2064 294 2103 quo
316 2052 429 2087 etiam
448 2050 623 2088 historiae
644 2051 765 2088 editae
784 2050 936 2096 fuerint,
967 2048 1182 2098 reliquisse3
1210 2043 1278 2083 sed
1297 2045 1409 2082 firmo
1429 2050 1661 2094 argumento

176 2107 271 2145 haec
295 2121 422 2144 carere
441 2107 628 2147 videntur.
687 2106 772 2146 Vid.
790 2112 883 2143 nott.
903 2106 952 2143 Τ.
971 2106 989 2140 I
1005 2119 1041 2155 p.
1058 2103 1098 2144 4.

286 2175 535 2213 DeHerodoti
555 2175 783 2225 imaginibus
803 2180 886 2224 post
916 2185 971 2216 ea,
992 2184 1089 2222 quae
1110 2171 1317 2207 Creuzerus
1338 2166 1444 2215 dixit,
1465 2167 1572 2205 initio
1583 2165 1660 2204 hu-

177 2233 233 2270 ius
254 2235 375 2283 operis
396 2246 433 2282 p.
458 2236 470 2271 1
503 2233 553 2269 T.
570 2234 587 2268 I
605 2233 712 2282 plura
731 2230 866 2267 afferre
887 2243 965 2265 non
987 2227 1120 2264 habeo.
1181 2227 1286 2271 Quae
1312 2225 1416 2260 enim
1437 2223 1538 2276 apud
1560 2225 1661 2261 Gro-

177 2291 334 2325 novium
356 2296 503 2325 exstant
522 2290 562 2324 in
581 2290 740 2339 Antiqq.
762 2289 917 2324 Graeco.
938 2287 973 2321 II
993 2286 1068 2322 tab.
1089 2285 1217 2320 LXXI
1247 2282 1333 2318 coll.
1365 2282 1465 2319 Mus.
1496 2281 1658 2331 Capitol.

178 2347 285 2382 Itab.
305 2347 444 2382 LXVII
466 2352 502 2382 et
530 2344 848 2381 XVinckelmann.
866 2345 960 2379 Hist.
990 2343 1070 2378 Art.
1091 2341 1140 2378 IV
1162 2340 1289 2390 {(Opp.
1314 2338 1367 2374 T.
1393 2337 1455 2383 VI,
1489 2340 1507 2377 1
1541 2351 1579 2388 p.
1608 2339 1660 2377 30

180 2407 218 2437 et
238 2405 265 2442 2
284 2416 322 2452 p.
343 2401 427 2453 44),
446 2403 491 2438 iis
504 2403 662 2440 meliora
682 2400 833 2439 edocuit
848 2400 1061 2439 Viscontius
1081 2411 1102 2435 a
1123 2398 1311 2435 creuzero
1333 2394 1465 2431 allatus
1484 2394 1511 2431 l.
1529 2394 1555 2431 l.
1587 2393 1662 2439 Qui

180 2589 233 2622 De
255 2589 388 2632 malign.
424 2590 549 2623 Herod.
580 2590 624 2624 35
647 2590 724 2624 init.
791 2589 844 2623 De
876 2586 989 2621 exsilio
1026 2597 1100 2630 cap.
1138 2587 1180 2621 13
1204 2585 1262 2619 fin.
1310 2585 1414 2617 Plura
1456 2582 1659 2627 Wesseling.

180 2635 273 2668 Diss.
298 2635 423 2668 Herod.
447 2647 481 2681 p.
503 2638 533 2669 9.
559 2636 674 2680 Heyse
697 2636 719 2669 l.
744 2635 767 2668 l.
791 2647 824 2680 p.
850 2636 893 2669 70
917 2644 1010 2677 seqq.
1034 2631 1146 2666 Hand.
1171 2633 1194 2666 l.
1218 2632 1241 2664 l.
1266 2642 1300 2676 p.
1318 2629 1395 2663 384.

271 2702 309 2745 *)
348 2703 458 2735 Locus
478 2707 525 2736 sic
549 2716 584 2737 se
600 2705 717 2738 habet':
765 2700 867 2744 πρὸς
887 2699 955 2744 γεὶρ
975 2702 1056 2738 ταῖς
1074 2698 1241 2732 ὒῙελιτίσι
1263 2694 1398 2735 πύλαις
1417 2695 1661 2739 καλουμέναις

181 2745 276 2782 ἐστὶν
296 2745 334 2781 ἐν’
359 2748 470 2791 Κοίλῃ
495 2747 540 2781 τὰ
566 2748 772 2793 καλούμενα
793 2746 962 2792 Κιμώνια
986 2744 1173 2788 μνήματα,
1217 2742 1310 2777 ἔνθα
1336 2743 1522 2776 δείκνυται
1544 2739 1662 2784 ‘Heo-

181 2793 298 2828 δότο
312 2806 333 2827 υ
354 2792 414 2826 καὶ
442 2794 672 2828 Θουκυδίδου
689 2794 832 2838 τάφοςς
865 2794 921 2826 ubi
948 2791 1138 2826 viscontius
1160 2789 1398 2832 (blconograph.
1435 2790 1562 2833 Grecq.
1586 2788 1604 2821 I
1627 2798 1661 2832 p.

181 2840 265 2882 315)
293 2840 446 2873 mendum
470 2840 643 2885 suspicans
666 2852 781 2876 vocem
802 2836 1006 2883 ‘H906otov
1031 2848 1049 2870 e
1072 2839 1169 2870 textu
1191 2835 1266 2869 tolli
1286 2834 1369 2869 vult.
