1839 3292
542 219 873 256 URANIA
929 218 1052 256 VIII.

192 328 427 384 Ὀλυμπίῃ,
472 328 605 381 ἱροῖσι
647 324 802 370 αὐτόθι
840 324 1246 382 χρηστηριάζεσθαι·

1350 224 1433 264 185

1300 332 1433 373 τοῦτο

194 397 257 446 δὲ,
299 393 436 447 ξεῖνόν
479 411 575 437 τινα
609 394 681 437 καὶ
719 393 773 438 οὐ
806 397 1000 449 Θηβαῖον
1040 394 1227 450 χρήμασι
1270 396 1430 449 πείσας,

164 464 472 517 3κατεκοίμησε
497 460 800 516 ἐςἈμφιὰρεω.
834 464 1037 516 Θηβαίων
1050 463 1096 505 δὲ
1124 462 1267 505 οὐδενὶ
1300 462 1431 514 ἔξεστι

191 529 477 585 μαντεύεσθαι
498 527 665 579 αὐτόθι,
677 528 748 571 διὰ
763 527 872 571 τόδε.
895 527 1084 571 ἐκέλευσέ
1102 528 1270 583 σφεαςὸ
1283 529 1426 585 Ἀμφι-
1441 533 1486 571 45

192 597 341 649 οὲρεως,
355 596 698 651 διαχρηστηρίων
715 596 981 650 ποιεύμενος,
1000 595 1179 648 ὁκότερα
1197 598 1431 651 βούλονται

192 663 361 707 ἑλέσθαι
374 663 553 714 τούτων,
563 663 708 719 ἑωυτῷ
719 663 747 718 ἦ
759 662 829 705 ἅτε
840 661 968 716 μα’ντι
978 663 1189 718 χρὲεσθαι,
1208 663 1235 719 ἦ
1248 664 1319 708 ἅτε
1332 678 1432 720 συμ-

191 730 323 787 μάχῳ,
336 735 416 773 τοῦ
431 731 577 784 ἑτέρου
595 729 895 785 ἀπεχομένους·
915 732 957 772 οἵ
981 731 1026 773 δὲ
1046 731 1270 786 σύμμαχόν
1290 749 1363 786 μιν
1378 734 1430 775 εἴ-

190 802 317 842 λοντο
345 796 467 843 εἶναι.
516 798 586 843 διὰ
607 801 736 842 τοῦτο
755 797 832 853 μὲν
862 796 944 841 οὐκ
963 799 1094 851 ἔξεστι
1127 800 1329 855 Θηβαίων
1358 798 1430 843 ού-

133 994 234 1043 ροΐσι
269 987 638 1044 χρηστηριάζεσθαι·
691 1007 779 1030 cum

132 1049 490 1100 Schweighaeusero
523 1062 713 1099 exponens
740 1064 780 1086 o-

130 1106 256 1143 racula
286 1120 302 1142 e
335 1108 485 1143 victimis
504 1110 639 1155 petere,
676 1106 778 1157 quod

131 1169 174 1198 ut
192 1163 231 1198 in
259 1163 476 1199 universum
493 1162 538 1198 de
561 1163 690 1213 quovis
711 1175 780 1212 ge—

131 1231 221 1255 nere
241 1221 310 1268 τῆς
329 1221 518 1267 μαντικῆς
548 1220 665 1268 accipi
693 1225 781 1268 pot-

132 1281 198 1321 est,
225 1274 275 1310 ita
291 1275 403 1310 etiam
418 1275 605 1323 sigillatim
620 1275 666 1310 de
679 1275 781 1324 igni-

131 1331 259 1380 spicio,
298 1344 422 1382 neque
443 1330 489 1366 de
507 1331 697 1380 extispicio
720 1332 781 1366 in-

130 1387 300 1436 telligere
318 1387 416 1425 licet.
438 1387 653 1436 Cogitemus
668 1387 782 1435 igitur

134 1439 219 1492 ἷεροέ
235 1438 445 1491 καιόμεναι
490 1442 624 1493 quibus
644 1441 778 1478 iisdem

130 1497 322 1549 Hesych.l
341 1512 379 1549 p,
394 1501 497 1539 1206
516 1499 779 1548 interpretatur

130 1567 265 1592 vocem
285 1553 447 1605 ἔμπυρα.
473 1553 533 1590 Ad
548 1555 779 1591 locutionem

131 1610 250 1662 ἱροῖσι
269 1607 619 1661 χρηστηριάζεσθαι
644 1613 778 1648 similia

129 1666 317 1718 quaedam
344 1668 440 1703 bene
468 1668 587 1703 attulit
615 1669 774 1705 Wesse-

124 1723 217 1774 ling.
247 1719 599 1774 χρηστηριάζεσθαι
621 1723 700 1770 αἰξὶ
730 1724 774 1772 (e

125 1782 241 1829 capris
274 1782 437 1816 mactatis
466 1793 627 1830 responsa
645 1782 773 1830 petere)

127 1835 227 1886 apud
252 1835 407 1877 Diodor.
432 1837 532 1882 XVI,
562 1839 614 1877 26
647 1843 683 1873 et
708 1835 775 1875 ύσὶ

126 1888 389 1943 μαντεύεσθαι
411 1891 511 1942 apud
531 1894 692 1929 Pausan.
713 1894 774 1940 VI,

125 1950 152 1987 2
176 1950 210 1993 ξ.
247 1951 286 1988 2.
342 1949 476 1984 Refero
507 1948 554 1984 ad
582 1948 684 1985 idem
717 1948 777 1985 di-

127 2003 236 2041 cendi
257 2017 397 2054 genus,
443 2017 517 2055 quo
539 2004 673 2041 dicitur
692 2020 777 2043 τεκ-

126 2061 351 2113 μαίρεσθαι,
382 2062 663 2112 σταθμοῦσθαί
687 2076 776 2100 τινι.

382 2141 387 2161 l

183 2168 324 2223 galvo'v}
337 2188 424 2211 τινα
448 2172 514 2212 καὶ
536 2169 584 2213 ου’
599 2174 775 2223 Θηβαῖον

126 2224 298 2279 χρήμασι
316 2228 474 2281 πείσας]
505 2230 648 2280 Lydum
663 2230 774 2266 fuisse

128 2284 217 2321 dicit
236 2285 425 2326 Plutarch.
448 2286 596 2323 Aristid.
629 2288 678 2325 19
699 2288 715 2322 I
736 2300 773 2336 p.

127 2341 209 2380 330
231 2342 271 2378 C.
293 2343 375 2380 coll.
398 2344 432 2378 ΙΙ
447 2357 485 2392 p.
506 2342 586 2382 412
605 2343 653 2379 A.
683 2345 775 2379 Mox

130 2394 216 2432 dedi
252 2410 272 2432 e
303 2399 469 2435 Florent.
491 2413 580 2436 κατε
567 2399 675 2448 εκοίμ
691 2415 715 2448 η
734 2410 774 2437 σε

125 2464 194 2500 pro
227 2455 500 2505 κατεκοίμισε,
541 2453 642 2506 quod
688 2468 777 2491 cum

127 2505 331 2546 Schaefero
384 2512 535 2547 retinuit
582 2510 776 2548 Matthiae.

124 2565 256 2614 Neque
269 2578 369 2601 enim
378 2581 453 2616 ipse
467 2566 777 2617 pernoctavit,sed

126 2622 324 2669 peregrino
345 2623 495 2658 cuidam
513 2625 715 2673 persuasit,
739 2627 779 2660 ut

126 2678 158 2713 is
179 2675 306 2726 (ipsius
319 2679 421 2728 quasi
437 2680 534 2726 loco)
556 2682 593 2716 in
608 2680 780 2730 Amphia-

127 2734 188 2769 rai
207 2733 322 2769 aedem
346 2735 410 2770 iret
445 2735 607 2771 cubitum.
667 2736 777 2774 Conf.

127 2790 196 2838 IX,
219 2792 271 2831 93
287 2789 414 2842 ibique
432 2797 527 2829 nott.
563 2793 695 2842 Negris
715 2793 780 2828 iti-

835 993 923 1032 dem
945 994 1115 1031 exhibuit
1134 992 1404 1058 κατεκοίμησε.
1423 992 1486 1030 Ad

835 1050 1091 1088 locunonem
1076 1066 1113 1097 ες
1127 1044 1373 1099 Ἀμφιαρεω,
1394 1049 1485 1097 vid„

834 1121 883 1143 ne
902 1110 1021 1158 plura,
1047 1109 1123 1144 citt.
1155 1105 1202 1142 ad
1233 1106 1279 1152 V,
1298 1105 1347 1145 51
1381 1113 1417 1142 et
1439 1105 1486 1142 de

834 1165 914 1213 ipso
944 1164 1094 1200 oraculo
1121 1162 1221 1199 conf.
1254 1168 1348 1198 nott.
1384 1161 1486 1207 adl,

835 1219 902 1261 46.

886 1326 1179 1381 μαντεύεσθαι]
1201 1329 1226 1367 i.
1241 1342 1273 1365 e.
1307 1327 1485 1365 oraculum

836 1387 1018 1432 consulere,
1052 1392 1094 1421 ut
1127 1387 1157 1432 I,
1189 1384 1254 1424 46.
1291 1385 1389 1432 VIII,
1420 1386 1486 1424 36.

833 1445 903 1490 IX,
926 1445 992 1482 33.
1020 1441 1295 1489 Wesselingius
1326 1439 1488 1476 conferri

833 1500 914 1537 vult
946 1496 1130 1548 Leopard.
1162 1494 1351 1532 Emendd.
1387 1497 1487 1544 VIII,

836 1559 873 1596 1.
901 1576 955 1582 —
982 1553 1092 1599 Quod
1119 1554 1286 1604 sequitur
1309 1548 1376 1590 ὄιοέ
1394 1566 1488 1602 χρη-

834 1610 1004 1662 στηρίων
1029 1607 1264 1659 ποιεύμενος
1286 1606 1488 1658 Schweig-

832 1667 1004 1705 haeuser.
1025 1665 1168 1703 reddit:
1208 1665 1300 1702 edito
1321 1664 1488 1713 oraculas

831 1725 983 1775 propius
999 1722 1135 1773 adipsa
1147 1723 1283 1759 verba:
1321 1734 1382 1771 per
1404 1734 1489 1757 ora-

832 1781 947 1817 culum
969 1793 1043 1817 cum
1070 1781 1115 1816 iis
1135 1792 1256 1827 agens.
1305 1778 1370 1813 Tu
1386 1777 1490 1814 conf.

831 1838 894 1884 VI,
915 1835 954 1875 4.
1011 1839 1066 1873 De
1083 1834 1286 1871 indicativo
1306 1829 1490 1884 βούλεται

834 1892 933 1930 conf.
955 1894 984 1929 I.
1001 1895 1089 1932 163.
1110 1893 1155 1939 V,
1178 1894 1202 1931 6
1225 1898 1260 1927 et
1281 1889 1329 1926 ad
1347 1891 1487 1926 verba:

835 1949 983 1988 εἵλοντο
1015 1945 1116 1987 εἶναι
1143 1947 1243 1984 conf.
1264 1945 1400 1983 Matth.
1422 1947 1488 1983 Gr.

834 2007 897 2043 Gr.
920 2006 956 2053 ξ,
977 2004 1057 2044 420
1078 2017 1111 2045 0.

872 2111 1486 2167 ούδενὶ-ἒγκατακοιμηθῆναι]

832 2175 896 2211 Sic
910 2172 984 2209 duo
998 2171 1179 2222 codd.pro
1192 2171 1491 2219 κατακοιμηθῆ-

832 2246 910 2275 ναι,
926 2228 1028 2280 quod
1050 2229 1209 2265 verbum
1238 2227 1430 2263 invenitur
1458 2226 1489 2272 I,

832 2287 1005 2333 31,IV,7.
1027 2286 1199 2321 Alterum
1212 2282 1304 2319 illud
1320 2283 1491 2319 solemne

833 2342 879 2379 de
896 2344 950 2389 iis,
980 2343 1046 2393 qui
1075 2343 1115 2377 in
1144 2338 1366 2389 Amphiarai
1398 2336 1491 2373 aede

834 2400 1031 2435 oraculum
1070 2397 1290 2434 sciscitaturi
1330 2395 1489 2445 pellibus

833 2455 1105 2492 incumbebant
1139 2453 1259 2490 stratis
1289 2463 1490 2487 somnum-

835 2526 910 2563 que
956 2517 1123 2561 petentes
1172 2508 1319 2544 somnia
1364 2505 1491 2543 fatidi-

837 2581 880 2605 ca
924 2567 1204 2617 exspectabant.
1271 2562 1354 2599 Vid.
1389 2564 1491 2598 Pau-

835 2638 917 2661 san.
944 2625 991 2669 II,
1017 2625 1085 2665 13,
1108 2624 1144 2666 6,
1167 2619 1231 2655 ubi
1253 2618 1372 2655 editor
1391 2620 1490 2655 bene

836 2680 958 2716 attulit
980 2678 1102 2714 Nostri
1123 2677 1264 2723 locum,
1280 2674 1434 2714 Diodor.
1458 2676 1489 2722 I,

836 2735 888 2775 53
917 2735 1045 2785 ibique
1073 2732 1237 2769 Wessel.
1259 2732 1342 2770 coll.
1362 2732 1490 2769 Davis-

836 2790 884 2828 ad
916 2791 1086 2828 Cioeron.
1107 2790 1165 2826 De
1186 2786 1262 2827 div.
1278 2789 1306 2838 I,
1327 2787 1395 2829 43.
