1839 3292
467 207 927 244 CALLIOPE.

985 208 1003 242 Ι
1015 207 1066 244 X.
1311 211 1395 250 299

138 318 288 376 ,χάριν
316 315 461 359 θέσθε.
495 316 757 370 συνοίδαμεν
786 316 832 358 δὲ
861 314 966 370 ὑμῖν
983 314 1070 358 ὑπὸ
1098 315 1177 359 τὸν
1203 314 1393 368 παρεόν·
1408 325 1451 358 60

138 403 215 439 „w
242 383 366 428 τόνδε
403 383 593 439 πόλεμον
633 383 754 426 ἐοῦσι
796 383 959 427 πολλὸν
1005 383 1396 440 προθυμοτάτοισι,

19 459 81 504 61
139 453 272 506 ,,ὡ’στε
307 452 380 495 καὶ
409 455 542 494 ταῦτα
579 450 845 494 ἐσακούειν.“

134 520 191 572 ὥς
228 519 472 570 ἐπύθοντο,
519 518 716 572 ὦρμέατο
746 516 969 573 βοηθέειν,
1013 520 1088 561 καὶ
1118 518 1170 561 τὰ
1209 518 1394 573 μάλιστα

447 586 522 628 καί
563 596 644 639 σφι
680 585 764 641 ἤδη
803 587 1017 641 στείχουσι
1057 586 1319 631 ἐπιτίθενται
1351 590 1395 632 οἱ

133 655 454 710 ἀντιταχθέντες
478 650 690 707 Ἑλλήνων
721 656 809 695 τῶν
845 653 950 709 μετα
993 652 1191 709 βασιλέος
1217 657 1392 711 γενομέ-

132 741 234 776 νων,
265 723 371 766 ὤστε
396 720 543 776 μηκέτι
567 720 784 764 δύνασθαι
802 724 1042 776 βοηθῆσαι·
1071 721 1120 764 τὸ
1148 721 1231 776 γὰρ
1253 735 1388 776 προσ-
1402 725 1518 766 65(111111
1545 727 1693 759 ¹it³²⁹⁸0¹¹¹2

761 788 887 831 Οὕτω
916 789 967 844 δὴ
989 790 1289 844 μουνωθέντες
1308 794 1396 834 Λα-
1446 760 1726 822 Ιῖῑιῖῑῗῗῐῑῑῧῗῑηὲὲἕὲἷ

131 589 377 643 ἐπαμύνειν.

105 790 330 845 Ξκείμενόν
368 802 503 844 σφεας
537 787 700 831 ἐλύπεε.

906 454 1051 495 Ταῦτα
1090 453 1134 495 οἱ
1167 450 1395 506 Ἀθηναῖοι

133 856 402 911 κεδαιμόνιοι
432 857 506 900 καὶ
539 859 743 912 Τεγεῆται
771 856 932 913 (ἐόντες
962 857 1044 899 σὺν
1072 861 1235 907 ψιλοῖσι
1265 855 1395 911 ἀριθ-

132 924 217 980 μὸν
247 926 291 967 οἷ
317 924 395 978 μὲν
423 922 800 979 πεντακισμύριοι,
834 928 1036 980 Τεγεῆται
1065 924 1132 976 δὲ,
1162 928 1398 981 τρισχίλιοι·

133 989 258 1035 οὗτοι
286 991 369 1047 γὰρ
399 991 570 1047 οὐδαμοὶ
589 989 868 1047 ἀπεσχίζοντο
896 991 982 1035 οἷπὸ
1004 993 1390 1051 Λακεδαιμονίων)
1407 1002 1453 1036 7ο

132 1059 466 1115 ἐσφαγιάζοντο,
512 1058 572 1110 ὥς
611 1059 923 1116 συμβαλέοντες
952 1062 1193 1118 Μαρδονίῳ
1232 1063 1307 1105 καὶ
1341 1067 1395 1120 τῇ

104 1132 315 1184 Βστρατιῇ
345 1132 398 1184 τῇ
425 1126 657 1183 παρεούσῃ.
715 1128 788 1170 καὶ
827 1126 881 1170 οὐ
921 1128 1003 1183 γάρ
1044 1140 1122 1182 σφι
1151 1129 1312 1185 ἐγίνετο
1341 1130 1395 1174 τοὶ

134 1195 297 1250 σφάγια
334 1195 516 1250 χρηστοὶ,
561 1193 739 1237 ἐ’πιπτόν
784 1211 829 1238 τε
872 1194 1019 1239 αὐτῶν
1068 1196 1115 1239 ἐν
1153 1197 1296 1255 τούτῳ
1335 1202 1397 1255 τῷ

132 1263 274 1322 χρόνῳ
312 1263 487 1314 πολλοὶ,
532 1263 605 1306 καὶ
634 1267 780 1318 πολλῷ
817 1267 995 1314 πλεῦνες
1034 1264 1395 1319 ἐτρωματίζοντο·

106 1330 378 1385 4φράξαντες
413 1331 496 1386 γὰρ
531 1331 584 1374 τὰ
620 1330 758 1386 γέῤῥα
793 1332 836 1374 οἱ
867 1332 1052 1386 Πέρσαι,
1092 1329 1275 1376 οἷ’πίεσαν
1302 1336 1391 1375 τῶν
1446 1347 1523 1385 721

78 1528 179 1565 conf.
199 1527 315 1565 modo
344 1527 422 1575 IX,
458 1527 549 1565 107.
623 1524 736 1562 Haud

78 1586 185 1621 aliter
252 1579 367 1636 χάριν
433 1580 735 1634 κατατίθεσθαι,

79 1640 126 1678 de
165 1654 242 1692 quo
279 1640 513 1688 VVesseling.
563 1637 611 1675 ad
640 1640 736 1677 Dio-

79 1696 159 1735 dor.
192 1698 270 1735 Sic.
299 1698 373 1746 IV,
405 1698 441 1735 1.
471 1695 564 1744 XV,
591 1698 658 1736 91.

135 1787 393 1838 συνοίδαμεν]
433 1787 541 1822 Hanc
570 1786 737 1822 formam

79 1842 188 1881 affert
220 1843 355 1882 Matth.
385 1844 453 1883 Gr.
486 1843 551 1879 Gr.
587 1844 625 1888 §.
654 1845 733 1883 231

79 1913 168 1951 pag.
189 1899 270 1942 450
286 1931 295 1948 ‚
317 1900 383 1952 qui
401 1898 505 1935 idem
528 1900 565 1943 ξ.
597 1898 691 1944 548,
711 1901 738 1938 2

79 1969 168 2007 pag.
203 1959 306 1996 1076
334 1956 380 1993 de
413 1961 597 1992 structura
624 1954 738 1991 huius

79 2013 186 2049 verbi
199 2025 286 2049 cum
298 2013 491 2064 participio
508 2012 738 2049 consulatur.

81 2068 144 2106 Ad
190 2071 306 2107 verba
346 2066 427 2108 ’ὑπὸ
458 2065 528 2108 τὸν
564 2065 736 2119 πόλεμον

83 2123 126 2175 (i.
147 2139 178 2163 e.
199 2127 261 2163 sub
271 2128 385 2176 ipsum
405 2126 465 2162 hoc
480 2125 603 2162 bellum
622 2138 651 2162 s.
666 2125 735 2162 hu-

82 2183 137 2218 ius
170 2184 281 2232 ipsius
317 2183 399 2220 bella·
426 2183 585 2232 tempore)
628 2182 731 2222 conf.

84 2237 199 2275 modo
219 2241 296 2286 IX,
322 2239 394 2287 58,
414 2240 481 2275 ubi
501 2236 582 2278 ὑπὸ
596 2235 734 2278 νύκτα.

84 2295 198 2330 Plura
217 2294 380 2334 Fischer.
412 2294 460 2332 ad
479 2296 641 2335 Weller.
668 2298 735 2344 111,

86 2352 112 2389 2
131 2363 216 2400 pag.
237 2354 331 2393 278.
351 2374 402 2381 —
422 2354 468 2389 In
487 2352 564 2389 fine
584 2366 667 2403 cap.
688 2352 738 2390 ad

87 2403 289 2446 ἐσακούειν
308 2409 429 2459 suppl.
450 2407 559 2460 ἡμῖν.
606 2411 674 2446 Est
695 2423 738 2446 e·-

87 2461 169 2497 nim
204 2475 350 2501 sensus:
391 2469 430 2501 ut
465 2468 504 2503 in
537 2466 600 2503 hoc
630 2469 736 2505 etiam

86 2518 182 2554 nobis
199 2531 321 2556 morem
345 2525 483 2569 gerant.
535 2523 646 2560 Conf.
666 2524 736 2572 IX,

87 2575 126 2613 9.
156 2575 227 2623 IV,
252 2577 342 2615 133.
379 2578 450 2626 VI,
482 2581 548 2619 86.

302 2666 394 2716 Cap.
421 2667 523 2705 LXI.

146 2741 339 2793 ὦρμέατο]
380 2745 489 2782 Conf.
508 2747 642 2786 Matth.
672 2751 738 2786 Gr.

791 1526 873 1577 ipsa
911 1525 1016 1563 verbi
1042 1524 1315 1575 significatione
1351 1532 1447 1566 nott.

792 1582 841 1620 ad
861 1583 941 1630 Vll,
963 1581 1000 1622 4.
1020 1581 1129 1618 Idem
1139 1580 1272 1618 Matth.
1295 1583 1331 1627 §.
1354 1580 1448 1631 445,

766 1670 767 1673 ,
792 1639 817 1680 5
838 1641 1019 1690 pag.832
1040 1640 1161 1689 attigit
1181 1639 1297 1676 verba
1316 1634 1360 1678 τό
1375 1635 1449 1691 γοῖρ

789 1696 1098 1748 προσκείμενον,
1134 1695 1199 1732 ubi
1230 1695 1330 1731 male
1359 1696 1453 1732 olim

793 1766 841 1789 ex
862 1752 1021 1789 Aldina:
1051 1752 1325 1804 προκείμενον.
1371 1751 1451 1789 Sed

793 1809 842 1848 cf.
864 1811 933 1856 IX,
948 1808 1010 1849 40.
1024 1810 1091 1851 57.
1110 1809 1213 1845 Infra
1225 1810 1292 1856 IX,
1305 1811 1381 1849 63:
1403 1805 1450 1849 to*

792 1865 884 1918 περὶ
907 1865 1059 1905 ἐκεῖνον
1076 1863 1323 1918 τεταγμένον.

850 1950 979 2001 ἐόντες
996 1952 1069 1993 σῦν
1083 1957 1237 2001 ψιλοῖσι
1255 1950 1450 2006 ἀριθμόν]

792 2013 900 2049 Bene
924 2011 1296 2061 Schweighaeuser-us:
1325 2012 1452 2061 „Huic

791 2082 953 2105 numero
974 2070 1026 2105 ita
1054 2069 1146 2105 ratio
1168 2074 1335 2116 constat,
1364 2068 1450 2107 coll.

791 2140 824 2165 c.
846 2127 898 2165 29
919 2138 999 2176 seq.

819 2182 999 2232 Spartani
1034 2207 1046 2219 .
1102 2208 1115 2220 .
1173 2206 1186 2218 .
1244 2210 1254 2220 .
1312 2178 1423 2220 5000

817 2240 977 2275 Helotae
1007 2264 1019 2275 .
1077 2265 1088 2276 .
1147 2265 1158 2276 .
1217 2263 1229 2274 .
1287 2236 1424 2276 35000

816 2296 968 2347 Reliqui
986 2292 1280 2330 Lacedaemonii
1314 2295 1424 2334 5000

819 2354 929 2391 Levis
951 2358 1141 2388 armatura
1156 2349 1214 2387 his
1234 2350 1342 2386 attri-

905 2410 997 2446 buta
1038 2434 1050 2444 .
1248 2432 1259 2442 .
1318 2405 1427 2446 5000

1288 2486 1453 2526 5000O“

792 2547 836 2581 111
856 2557 960 2595 seqq.
974 2542 1021 2579 ad
1039 2554 1175 2580 vocem
1188 2539 1337 2594 σφάγια
1350 2541 1450 2578 conf.

793 2601 905 2638 allata
926 2599 974 2637 ad
994 2601 1068 2647 IX,
1091 2597 1158 2638 41.

852 2686 1072 2739 φράξαντες
1103 2684 1178 2740 γαρ
1199 2683 1248 2725 τοὶ
1266 2685 1404 2738 γε’ῤῥα]
1424 2687 1449 2725 i.

797 2760 831 2783 e.
856 2748 1112 2796 constipantes,
1143 2745 1245 2781 dense
1267 2745 1451 2792 iungentes

90 2800 155 2837 Gr·
178 2801 214 2846 ὖ·
234 2800 329 2843 505·
351 2802 402 2839 IV
422 2815 507 2853 pag·
528 2804 607 2845 959
637 2812 674 2842 et
694 2805 742 2842 de
796 2807 897 2841 scuta
933 2815 950 2839 e
988 2803 1115 2840 vimine
1150 2800 1307 2851 confecta
1345 2799 1450 2853 quod

1450 459 1508 492 Qui
1535 459 1603 486 (lum
1629 461 1660 487 in
1687 469 1723 487 eo

1450 496 1539 526 eunt,
1566 497 1598 520 ut
1615 493 1674 520 illis
1694 503 1725 519 0-

1451 534 1515 561 pem
1530 527 1641 558 ferant,
1659 535 1725 554 eum

1449 560 1567 586 auxiliis
1584 560 1724 587 barbaro-

1449 601 1515 619 rum
1524 593 1632 620 Graeci
1636 601 1724 619 ssssss

1449 626 1557 660 fligere
1568 629 1724 660 coguntur,

1448 659 1699 686 Lacedaemonio-

1448 701 1529 728 rum,
1558 693 1635 727 quod
1654 700 1726 719 non-
