1839 3292
492 213 943 250 CALLIOPE.
1001 214 1085 251 lx.

1335 218 1418 257 327

260 320 455 363 ’Ἐπειτεν
477 319 523 363 δὲ
553 321 818 375 Μαρδονίου
841 317 1018 375 δευτέρῃ
1048 318 1186 376 ἡμέρῃ
1207 319 1230 364 ὁ
1261 321 1416 374 νεκρὸς
1473 323 1747 395 ggffiffifgizssgffiff

161 387 397 444 ἠφάνιστο·
428 386 499 431 ὑπ’
529 387 628 431 ὅτευ
657 389 735 443 μὲν
763 387 1028 442 ἀνθρώπων,
1060 387 1109 431 τὸ
1130 386 1303 441 ἀτρεκὲς
1332 388 1415 433 οὐκ
1471 391 1545 419 ¹³¹1·

131 456 244 510 Ξέχω
275 456 420 499 εἰπεῖν.
459 455 646 506 πολλοὺς
677 454 721 498 δέ
750 472 869 505 τινας
898 453 982 510 ἤδη
1009 455 1082 498 καὶ
1111 457 1421 508 παντοδαποὺς
1433 465 1476 499 20

157 521 328 579 ἤκουσα
364 522 509 576 θάψαι,
544 522 825 580 Μαρδόνιον,
863 523 936 565 καὶ
967 525 1087 578 δῶρα
1124 523 1290 580 μεγάλοι
1319 523 1419 570 οἶδα

30 329 97 375 84

100 764 156 801 uti
194 762 358 801 diximus
387 761 639 813 copiosissime
677 767 756 797 tra—

100 821 214 858 ctavit
235 819 407 858 starkius
426 820 453 856 l.
470 819 493 856 1.
552 820 603 855 Et
636 829 756 869 quum

100 884 245 914 veteres
265 877 489 927 plerumque
503 875 756 912 universalem

99 932 273 970 dentium
282 933 565 969 concretionem
586 944 754 968 comme-

99 996 262 1037 morent,
288 991 514 1026 recentiores
534 995 683 1025 tantum
695 995 754 1024 ta-

99 1046 188 1090 lem,
219 1058 317 1097 quae
331 1059 411 1081 non
433 1058 575 1092 omnes,
597 1044 663 1081 sed
684 1045 754 1080 ali-

66 1098 69 1100 *
100 1109 192 1153 quot
215 1109 315 1138 certe
345 1101 475 1138 dentes
501 1099 755 1151 comprehen-

99 1158 176 1206 dat,
208 1159 402 1208 suspiceris
436 1159 564 1208 utique
591 1165 754 1201 veteres,

98 1215 164 1266 qui
185 1215 269 1250 talia
290 1222 477 1262 enarrant,
491 1214 665 1264 deceptos
677 1226 755 1250 esse

96 1278 235 1308 tartaro
284 1270 412 1307 dentes
452 1271 670 1307 involvente
717 1276 754 1306 et

94 1334 175 1365 tam
193 1326 312 1364 solida
329 1326 451 1363 massin
471 1328 685 1376 obtegente,
711 1332 754 1363 ut

95 1384 304 1431 intervalla,
318 1385 452 1434 quibus
463 1384 599 1432 singuli
621 1381 752 1419 discri-

93 1441 290 1477 minantur
306 1439 448 1487 dentes,
471 1440 582 1489 plane
594 1438 751 1474 deleau-

94 1503 156 1534 tur
176 1504 212 1533 et
230 1509 318 1534 vere
330 1497 441 1532 unius
462 1496 550 1532 ossis
579 1494 748 1531 dentium

94 1553 223 1590 locum
253 1553 470 1603 occupantis
497 1552 637 1602 species
665 1552 750 1588 exi-

93 1616 175 1648 stat.
235 1608 315 1646 Sed
347 1609 414 1647 vix
449 1607 674 1645 crediderim
713 1614 750 1645 et

94 1664 332 1702 Herodotum
353 1672 390 1702 et
409 1665 500 1701 alios
520 1678 648 1701 rerum
659 1665 748 1701 scri-

93 1729 218 1773 ptores
264 1723 559 1758 accuratissimos
597 1720 748 1772 fideque

96 1778 332 1828 dignissimos
352 1779 403 1815 ita
422 1778 534 1815 fuisse
550 1776 747 1829 deceptos3

95 1836 187 1887 quin
207 1847 398 1871 summam
412 1834 529 1871 fidem
546 1836 684 1871 mereri
706 1836 747 1870 iu

94 1892 159 1928 tali
196 1904 236 1927 re
270 1893 366 1927 mira
405 1890 625 1939 enarranda,
665 1892 747 1926 iure

94 1960 247 1999 quoque
274 1948 439 1998 posuisse
472 1946 568 1983 mihi
599 1945 748 1984 videtur

95 2003 222 2043 StarK.
243 2005 280 2049 ξ.
314 2006 378 2044 10.
402 2006 450 2042 11
472 2016 558 2054 pag.
583 2002 746 2043 13-15

93 2073 199 2111 seqq.
258 2061 330 2106 Qui
349 2059 454 2096 idem
473 2061 534 2097 vel
564 2060 605 2095 in
618 2072 747 2096 causas

93 2115 204 2154 huius
222 2117 313 2153 mali
330 2117 524 2168 inquirens
554 2117 590 2161 ξ.
607 2118 657 2155 12
671 2116 748 2153 ori-

93 2174 222 2223 ginem
242 2186 292 2209 ex
312 2172 477 2224 quadam
497 2172 668 2209 dentium
690 2171 749 2208 ef-

95 2229 318 2266 formatione
338 2242 417 2265 non
441 2230 553 2280 plane
580 2229 747 2279 perfecta

97 2297 167 2321 nec
195 2299 344 2336 prorsus
363 2286 533 2323 absoluta
550 2287 704 2336 repetit,
726 2298 747 2321 e.

100 2341 307 2390 primordiis
326 2343 420 2390 scil.‚
450 2343 583 2394 quibus
616 2341 747 2378 dentes

98 2395 320 2434 inchoantur
368 2398 534 2450 indeque
574 2397 747 2435 dentium

100 2455 376 2493 concretionem
409 2454 518 2492 docet
557 2468 646 2491 cum
672 2456 747 2491 im-

102 2509 263 2558 perfecta
277 2511 389 2547 totius
417 2512 581 2562 corporis
600 2511 746 2548 forma-

100 2565 203 2601 tione
237 2565 370 2602 intima
397 2580 474 2604 esse
503 2569 747 2605 coniunctam

98 2620 384 2658 necessitudine.
446 2625 524 2661 Nec
551 2625 748 2675 improba-

99 2678 181 2714 bilis
201 2677 271 2714 viri
294 2678 504 2727 peritissimi
518 2682 745 2728 coniectura,

99 2731 197 2770 hanc
218 2732 355 2770 rudem
364 2741 400 2770 et
416 2734 632 2773 inchoatam
651 2736 749 2774 den-

98 2790 195 2826 tium
232 2790 397 2827 formam
425 2790 474 2828 ad
514 2805 575 2830 eas
617 2800 749 2844 gentes

812 771 934 811 eaque
963 765 1135 811 tempora
1154 761 1356 812 pertinere,
1386 766 1475 817 qui-

811 816 880 853 bus
912 814 1128 854 humanum
1159 831 1279 868 genus
1309 832 1389 857 non
1424 822 1473 859 ad

812 886 896 909 eam
928 874 1226 925 absolutionem,
1265 875 1341 927 quai
1368 890 1472 916 nunc

810 931 1002 980 pervenit,
1064 931 1178 968 fuerit
1225 932 1469 981 productum.

808 988 859 1023 Et
869 987 963 1024 illud
979 989 1114 1024 merito
1125 987 1268 1025 attendi
1277 991 1358 1027 vult
1366 990 1471 1029 idem

811 1042 953 1090 Stark.,
983 1042 1052 1081 hos
1074 1043 1204 1082 dentes
1224 1046 1264 1081 in
1284 1059 1407 1084 unum
1427 1061 1469 1086 os

811 1101 1049 1137 continuatos
1068 1109 1154 1151 post
1168 1103 1356 1152 proelium
1375 1105 1468 1142 Pla-

810 1162 961 1193 taeense
998 1171 1076 1194 esse
1116 1165 1293 1208 repertos,
1331 1162 1370 1196 in
1393 1174 1468 1213 quo

810 1214 1011 1249 nationum
1029 1226 1049 1249 e
1068 1216 1326 1252 remotissimis
1347 1223 1469 1254 terra-

809 1282 895 1305 rum
916 1269 1133 1319 regionibus
1148 1274 1351 1308 accitarum
1369 1280 1406 1309 et
1419 1287 1467 1311 ex

810 1327 916 1361 omni
935 1333 1040 1376 parte
1061 1325 1215 1364 rudium
1236 1340 1278 1364 ac
1299 1329 1466 1367 ferarum

805 1382 919 1418 fuerit
929 1383 1371 1433 concursus(p.6).—Ad
1381 1400 1465 1423 ver-

806 1438 855 1475 ba
876 1435 1144 1488 πενταπήχεος
1172 1435 1318 1490 οἷνδρός
1352 1437 1468 1482 ὀστέα

806 1489 938 1544 ἐφάνη
966 1496 1112 1532 consul·
1130 1493 1260 1533 Stark.
1280 1497 1343 1534 l.1.
1358 1499 1393 1542 ξ.
1410 1501 1465 1539 22

806 1553 886 1601 p.6,
900 1552 965 1602 qui
975 1550 1083 1588 affert
1103 1553 1278 1602 exempla
1301 1565 1349 1588 ex
1365 1555 1465 1591 anti-

807 1608 889 1659 quis
900 1608 1141 1658 scriptoribus
1150 1615 1187 1645 et
1193 1610 1462 1648 recentioribus

805 1665 1040 1714 temporibus
1057 1666 1226 1716 repetita,
1251 1666 1387 1717 quibus
1399 1680 1463 1704 sa-

803 1733 853 1756 ne
883 1719 978 1757 illud
999 1721 1169 1769 efficitur,
1202 1723 1328 1759 virum
1348 1725 1463 1775 quin-

803 1790 878 1828 que
898 1778 1113 1815 cubitorum
1125 1779 1283 1816 existere
1298 1781 1462 1830 potuisse

801 1846 874 1871 nec
921 1833 996 1870 fide
1040 1848 1167 1872 carere
1201 1835 1459 1873 Herodoteam

801 1891 1070 1928 narrationem.
1121 1892 1186 1928 Tu
1214 1892 1316 1930 conf.
1343 1894 1457 1930 etiam

801 1953 896 1984 nott.
917 1945 965 1983 ad
984 1948 1013 1994 I,
1038 1949 1090 1987 68
1109 1961 1149 1998 p.
1171 1948 1266 1990 175.

961 2036 1054 2086 Cap.
1081 2037 1297 2076 LXXXIV.

858 2112 1006 2154 ἔπειτεν
1046 2112 1112 2165 δὲ]
1184 2115 1241 2152 Ita
1290 2116 1455 2154 correxit

801 2169 1047 2218 Schaeferus,
1080 2184 1196 2223 quem
1214 2179 1371 2209 recentt.
1391 2185 1454 2209 se-

802 2228 879 2265 cuti
907 2235 1007 2276 sunt,
1028 2234 1190 2278 excepto
1213 2227 1368 2275 Matth„
1391 2229 1457 2280 qui

800 2285 994 2334 vulgatam
1007 2283 1091 2323 ἐπεί
1104 2298 1142 2323 τε
1156 2281 1197 2322 δὲ
1216 2291 1354 2332 tuetur,
1367 2297 1457 2321 cum

802 2340 974 2390 apodosis
996 2341 1041 2377 ab
1062 2341 1117 2388 iis,
1139 2353 1235 2392 quae
1257 2340 1303 2377 de
1328 2339 1400 2377 hac
1416 2354 1456 2377 re

802 2396 967 2448 disputat
1004 2395 1230 2445 Herodotus,
1260 2393 1372 2433 fuerit
1391 2398 1455 2434 ab-

801 2461 949 2504 sorpta;
1001 2452 1149 2492 ἔπειτεν
1193 2466 1289 2490 unus
1329 2460 1455 2490 tuetur

801 2511 930 2547 Aelius
949 2510 1150 2560 Dionysius
1170 2509 1271 2560 apud
1282 2507 1456 2547 Eustath.

801 2566 849 2603 ad
868 2567 910 2604 Il.
926 2579 965 2616 p.
989 2565 1110 2614 1158,
1132 2567 1181 2606 38
1201 2579 1231 2602 s.
1252 2565 1368 2613 1215,
1386 2568 1452 2606 33.

801 2622 864 2660 Ad
883 2622 1020 2659 verba:
1053 2619 1126 2671 ἔχει
1156 2619 1198 2659 δέ
1221 2635 1309 2660 τινα
1334 2617 1457 2671 φάτιν

803 2679 903 2717 conf.
918 2676 1059 2715 Herod.
1080 2678 1126 2725 V,
1147 2678 1199 2717 66
1219 2678 1346 2730 ibique
1357 2684 1454 2717 nott.

803 2735 940 2785 Attigit
976 2732 1136 2770 eandem
1174 2746 1256 2772 rem
1289 2736 1454 2773 Pausan.

803 2793 874 2842 1x,
895 2794 921 2832 2
941 2790 979 2836 ς.
1003 2793 1043 2830 2.
