1839 3292
491 252 944 293 CALLIOPE.
1001 256 1083 295 IX.
1331 262 1414 301 211

137 361 341 416 4ρυχίδεα
369 357 626 415 ἀπέπεμψαν
655 359 818 406 οἷσινέα.
876 363 1116 419 γενομένου
1147 365 1191 408 δὲ
1220 366 1424 423 θορύβου
1481 376 1562 417 693

162 429 210 472 ἐν
237 431 290 483 τῇ
319 431 539 481 Σαλαμῖνι
567 429 664 482 περὶ
692 429 769 473 τόν
797 433 1007 485 Λυκίδεα,
1037 432 1340 477 πυνθάνονται
1369 433 1419 478 τὸ

162 495 396 551 γινόμενον
427 497 472 538 αἱ
500 501 703 550 γυναῖκες
730 501 818 540 τῶν
843 496 1107 554 Ἀθηναίων·
1146 501 1420 545 διακελευσα-

162 563 270 618 μένη
312 563 358 606 δὲ
395 562 506 618 γυνὴ
532 564 727 618 γυναικὶ,
765 564 837 606 καὶ
866 569 1202 621 παραλαβοῦσα,
1243 568 1310 611 ἐπὶ
1340 568 1419 625 τὴν

163 632 362 673 Λυκίδεω
394 632 535 685 οἰκίην
564 630 692 685 ἤϊσαν
723 629 989 683 αὐτοκελέες,
1031 633 1104 675 καὶ
1142 634 1252 677 κατὰ
1277 635 1355 690 μὲν
1382 636 1416 679 ἔ-
1429 642 1475 677 60

71 710 104 755 6
162 701 321 740 λευσαν
359 695 495 740 αὐτοῦ
524 697 604 753 τήν
633 703 831 752 γυναῖκα,
863 699 972 742 κατὰ
1003 699 1049 742 δὲ
1076 699 1129 742 τὰ
1153 702 1294 744 τέκνα.
1350 701 1416 754 Ἐς
1472 693 1731 763 ῌᾙΑζξᾷῐιὶᾜῗῃ

161 764 206 807 δὲ
235 764 312 819 τὴν
340 769 570 818 Σαλαμῖνα
600 768 806 821 διέβησαν
837 768 880 809 οἱ
904 764 1142 821 Ἀθηναῖοι
1173 763 1270 812 ὦδε.
1329 769 1411 821 ἕως
1467 763 1743 831 ἓὲζῐῗέζέξιέῐξῖ-

159 833 238 887 μὲν
274 833 588 886 προσεδέκοντο
630 833 676 876 ἐκ
720 838 795 890 τῆς
839 834 1184 891 Πελοποννήσου
1225 837 1413 890 στρατόν
1467 829 1527 854 ‘³¹¹¹
1544 828 1684 864 ”msem’

155 899 274 954 ἥξειν
302 900 603 955 τιμωρήσοντά
633 913 722 956 σφι,
753 903 797 944 οἵ
826 903 871 945 δὲ
902 902 1053 957 ἔμενον
1078 904 1123 945 ἐν
1143 907 1196 960 τῇ
1223 903 1413 963 Ἀττικῇ·

153 965 245 1009 ἐπεὶ
275 967 384 1010 δὲοὶ
409 967 488 1022 μὲν
515 968 761 1024 μακρότερα
789 985 833 1012 τε
860 969 932 1013 καὶ
958 972 1207 1026 σχολαίτερα
1227 971 1411 1026 ἐποίεον,
1424 981 1469 1016 65

154 1032 178 1077 ὁ
202 1034 247 1078 δὲ
277 1034 410 1078 ἐπιών
439 1037 511 1079 καὶ
543 1036 594 1092 δή
627 1036 674 1080 ἐν
700 1040 753 1093 τῇ
780 1039 968 1095 Βοιωτίῃ
989 1039 1152 1094 ἐλέγετο
1180 1036 1304 1092 εἶναι,
1337 1040 1414 1084 οὕ-

154 1116 214 1144 τω
256 1101 308 1158 δή
342 1102 707 1160 ὑπεξεκομίσαντό
748 1121 792 1148 τε
821 1104 976 1159 πάντα,
1005 1107 1078 1151 καὶ
1108 1105 1234 1151 αὐτοὶ
1276 1108 1413 1166 διέβη-

98 1300 274 1352 diversos,
285 1312 326 1342 ut
338 1313 442 1357 puto,
456 1306 667 1358 designans,
690 1309 755 1360 qui

97 1373 175 1397 non
217 1362 408 1400 simillimo
450 1367 580 1401 mortis
613 1378 754 1415 genere

96 1418 296 1467 perierint,
335 1421 374 1455 in
410 1420 571 1458 Panath.
608 1423 626 1457 I
664 1434 751 1471 pag.

97 1471 179 1513 243
200 1481 237 1510 et
257 1476 306 1511 T.
327 1477 379 1511 III
399 1490 484 1526 pag.
515 1477 594 1517 356
622 1478 751 1529 ibique

97 1528 227 1568 Schol.
251 1531 399 1581 [1³:250
419 1534 667 1584 Frommel.]“
689 1534 750 1571 Ad

98 1583 242 1622 diversa
263 1588 390 1638 utique
401 1595 573 1640 tempora
591 1598 750 1642 utraque

95 1642 257 1692 pertinet
285 1647 471 1694 narrati03
502 1647 572 1682 nisi
593 1648 750 1684 alteram

96 1710 146 1734 ex
164 1699 277 1736 altera
295 1700 445 1739 fluxisse
466 1704 666 1742 existimes.

150 1806 290 1861 ἤϊσαν]
320 1814 377 1850 Ita
397 1827 486 1850 cum
500 1823 656 1854 recentt.
680 1816 750 1854 de-

96 1863 157 1913 di,
189 1868 254 1904 ubi
276 1869 365 1906 olim
385 1867 510 1921 ἤεσαν
533 1874 610 1909 sive
631 1867 749 1924 ἦσαν.

95 1922 206 1960 ConF.
224 1925 296 1973 ΙΙΙ,
317 1928 383 1966 77.
432 1927 493 1964 Ad
514 1943 648 1966 vocem
680 1926 749 1969 αὕ-

92 1978 265 2026 τοκελέες
293 1980 334 2030 (i.
365 1996 399 2023 e.
430 1989 569 2034 sponte,
602 2000 669 2023 non
704 1988 749 2024 ab

93 2034 166 2071 alio
195 2037 327 2086 iussae)
357 2041 472 2077 citant
506 2041 626 2093 Soph.
648 2044 750 2080 Tra-

93 2088 196 2129 chin.
218 2093 298 2133 395
320 2095 448 2145 (393),
470 2099 535 2135 ubi
556 2095 750 2151 αὐτόκλη-

91 2162 170 2194 τος.
225 2150 356 2199 Ipsum
380 2159 489 2190 atrox
514 2155 660 2192 facinus
689 2163 749 2194 at-

91 2204 176 2254 tigit
193 2205 346 2244 Aristid.
367 2210 402 2244 11
422 2224 458 2260 p.
472 2213 567 2252 217.
588 2213 748 2250 Tmesin

91 2260 131 2295 in
151 2274 230 2313 seq.
260 2261 381 2302 κατοὶ
408 2264 496 2316 μὲν
518 2267 677 2308 ἔλευσαν
692 2290 748 2298 —-

92 2329 117 2354 κ
130 2331 183 2354 ατ
197 2315 221 2356 οὶ
242 2316 292 2357 δὲ
312 2328 418 2359 notat
437 2324 571 2362 Matth.
593 2327 658 2364 Gr.
682 2327 746 2362 Gr.

95 2372 133 2416 ξ.
154 2372 255 2421 594,
275 2379 301 2416 2
318 2390 407 2427 pag.
427 2382 543 2421 1190.
573 2383 637 2418 Tu
657 2382 744 2419 vide

92 2440 204 2478 supra
224 2432 320 2469 citat.
344 2434 391 2470 ad
410 2436 497 2472 VIII
511 2466 521 2482 ,
542 2440 607 2479 89.
661 2441 746 2490 Ipsa

92 2484 277 2522 Herodoti
295 2490 410 2527 verba
444 2492 551 2531 affert
570 2495 744 2533 Eustath.

93 2538 141 2576 ad
174 2541 330 2582 Homer.
365 2560 455 2598 pag.
484 2552 585 2600 601,
625 2550 693 2592 24.
713 2566 744 2590 s.

91 2594 174 2636 457
188 2626 198 2646 ‚
221 2596 286 2639 49.

325 2690 415 2742 cap.
444 2693 509 2732 VI.

146 2765 430 2817 προσεδέκοντο
460 2771 503 2810 ἐκ
520 2774 591 2823 τῆς
617 2777 744 2815 Πελο-

90 2819 298 2873 ποννήσου
318 2823 502 2880 στρατὸν]
526 2830 742 2870 Articulum

810 1307 876 1350 τόν
903 1318 991 1348 ante
1022 1310 1064 1351 ἐκ
1091 1313 1207 1363 vulgo
1244 1313 1393 1351 illatum
1428 1321 1466 1353 et

810 1379 832 1403 a
852 1367 1077 1416 Schaefero,
1110 1382 1225 1421 quem
1244 1370 1379 1407 Matth.
1402 1385 1465 1408 se-

809 1425 957 1474 quitur,
1019 1431 1209 1462 retentum
1225 1455 1235 1473 ‚
1286 1426 1466 1478 equidem

808 1493 896 1516 cum
917 1488 1073 1517 recentt.
1096 1481 1184 1518 edd.
1210 1483 1352 1531 abieci,
1379 1497 1466 1520 me-

805 1537 945 1574 liorum
973 1538 1157 1574 librorum
1184 1539 1297 1575 iussu.
1327 1562 1379 1566 —
1418 1541 1465 1577 In

806 1606 912 1646 seqq.
942 1593 990 1630 ad
1017 1596 1132 1632 verba
1167 1595 1208 1634 οἱ
1240 1593 1282 1634 δὲ
1321 1594 1461 1646 ἔμενον

807 1651 854 1686 ob
892 1652 1098 1701 particulae
1130 1649 1172 1690 δὲ
1210 1665 1321 1688 usum
1362 1654 1464 1693 conf.

804 1706 939 1746 Matth.
980 1709 1046 1744 Gr.
1086 1710 1152 1745 Gr.
1191 1709 1228 1754 ξ.
1259 1710 1338 1748 616
1376 1723 1463 1761 pag.

809 1762 928 1804 1247.
986 1765 1051 1801 Tu
1091 1763 1177 1802 vide
1215 1765 1263 1801 sis
1305 1777 1461 1818 quoque

804 1826 900 1857 nott.
924 1819 971 1857 ad
990 1822 1029 1866 Ι,
1051 1823 1101 1861 66
1124 1828 1160 1857 et
1185 1820 1272 1859 add.
1294 1823 1372 1870 IX,
1394 1825 1462 1864 76.

804 1896 859 1906 —
870 1877 1058 1914 Intactum
1072 1879 1205 1930 reliqui
1216 1877 1257 1916 ἐν
1268 1881 1317 1932 τῇ
1332 1881 1462 1918 Βοιω-

805 1932 890 1986 τίῃ,
947 1935 1115 1984 pluribus
1167 1933 1277 1972 codd.
1322 1937 1463 1985 proba-

805 1995 900 2025 tum.
948 1991 1136 2027 Sancrofti
1154 1991 1250 2027 liber
1270 2004 1359 2028 cum
1382 1993 1462 2030 aliis

805 2044 845 2091 ἔς
872 2042 945 2095 τὴν
969 2048 1188 2098 Βοιωτίην,
1226 2047 1329 2099 quod
1348 2062 1461 2099 prae-

804 2102 877 2139 fert
898 2102 1070 2142 Grashof.
1101 2105 1141 2140 in
1162 2102 1368 2142 Schulzeit.
1390 2103 1457 2154 (ΙΙ)

808 2160 913 2200 1832
933 2173 1020 2211 pag.
1042 2159 1136 2202 984.
1183 2160 1293 2199 conf.
1313 2160 1459 2201 Herod.

803 2215 839 2263 Ι,
860 2218 928 2256 21.

861 2322 964 2366 οὕτω
987 2324 1037 2378 δή
1061 2325 1398 2380 ’ὑπεξεκομίσαντό
1420 2344 1461 2369 τε

802 2378 951 2433 πάντα]
987 2387 1045 2421 De
1082 2398 1153 2422 usu
1193 2387 1461 2437 particularum

803 2435 906 2478 οὕτω
947 2438 997 2492 δή
1026 2442 1176 2479 monuit
1215 2441 1349 2481 Matth.
1389 2444 1457 2480 Gr.

802 2497 867 2533 Gr.
900 2498 935 2542 ξ.
966 2499 1047 2539 610
1086 2511 1174 2549 pag.
1215 2499 1334 2540 1235.
1392 2501 1458 2536 Tu

801 2551 887 2589 vide
908 2583 917 2601 ,
939 2554 970 2590 si
988 2555 1083 2590 tanti
1103 2561 1169 2599 est,
1189 2555 1331 2593 Herod.
1354 2556 1453 2604 VIII,

801 2607 867 2648 40.
890 2611 980 2649 118.
1003 2612 1094 2650 132.
1123 2611 1192 2656 IX,
1218 2613 1280 2650 18.
1303 2613 1368 2652 23.
1391 2611 1458 2652 34.

800 2665 868 2705 35.
889 2663 956 2704 49.
978 2668 1045 2705 63.
1064 2668 1132 2706 70.
1152 2668 1216 2707 86.
1247 2669 1339 2707 103.
1363 2671 1455 2709 108.

802 2722 894 2761 118.
918 2742 967 2748 -
1004 2722 1172 2759 Verbum
1199 2719 1457 2775 ὕπεκκομίζε-

799 2780 897 2815 σθαι
939 2775 1057 2826 (clam
1095 2782 1299 2832 exportare)
1348 2783 1455 2832 attigi

798 2831 847 2869 ad
867 2833 974 2882 VIII,
993 2832 1033 2874 4.

1075 2889 1126 2930 14
1144 2887 1172 2914 ᾗ
