1839 3292
367 192 452 233 19⁰
762 191 1217 230 HERODOTI

342 303 609 358 Ξτυραννίδα
629 300 774 357 τρόπῳ
794 301 960 355 τοιῷδε.
1012 296 1079 350 Ἐξ
1096 297 1277 354 ’Ἄργεος
1296 300 1463 356 ἔφυγον
1480 299 1524 352 ἐς
1541 298 1619 344 Ἰλ-
1676 307 1758 350 685

370 369 550 425 λυριούς
561 372 647 412 τῶν
663 370 861 423 Τημενοῦ
877 365 1106 421 ἀπογόνων
1120 371 1233 420 τρεῖς
1246 366 1461 422 ἀδελφεοὶ,
1480 366 1620 411 Γαυά-

367 453 446 493 νης
474 453 517 480 τε
535 437 607 480 καὶ
631 434 836 490 Ἀέροπος
866 434 938 476 καὶ
961 434 1220 488 Περδίκκης·
1253 433 1299 475 ἐκ
1330 434 1376 477 δὲ
1401 432 1625 489 Ἰλλυριῶν

367 503 684 560 ὑπερβαλόντες
714 503 756 555 ἐς
785 502 865 558 τήν
896 499 987 544 ἅνω
1017 501 1310 556 Μακεδονίην,
1341 499 1550 545 ἀπίκοντο
1580 502 1624 554 ές

341 579 363 613 3
374 575 566 629 Λεβαίην
595 571 736 615 πόλιν.

800 572 990 614 ἐνθαῦτα
1040 570 1085 612 δὲ
1123 568 1334 624 ἐθήτευον
1370 569 1438 611 ἐπὶ
1479 573 1625 626 μισθῷ

369 639 488 694 παρὰ
510 644 569 697 τῷ
593 638 784 695 βασιλέϊ·
815 638 838 682 ὁ
860 639 956 694 μὲν,
986 639 1146 688 ἵππους
1165 636 1325 693 νέμων·
1358 634 1382 679 ὁ
1406 635 1465 689 δὲ,
1496 639 1679 692 βοῦς·95

368 706 393 750 ὁ
437 708 483 750 δὲ
522 707 738 758 νεώτατος
779 706 923 750 αὐτῶν
968 707 1233 759 Περδίκκης,
1284 702 1336 746 vc}
1373 704 1504 747 λεπτοὶ
1534 707 1625 747 τῶν

369 774 616 830 προβάτων.
674 769 788 830 ἦσαν
832 773 877 817 δὲ
915 773 963 816 τό
1002 772 1132 815 πάλαι
1174 772 1247 814 καὶ
1285 773 1331 813 αἱ
1368 773 1625 826 τυραννίδες

367 845 457 885 τῶν
491 840 742 897 ἀνθρώπων
771 840 974 891 ἀσθενέες
991 839 1199 896 χρήμασι,
1232 836 1285 881 οὐ
1313 842 1483 894 μοῦνον
1503 836 1526 881 ὁ
1550 839 1624 894 δῆ-

314 986 487 1016 censetur
512 980 696 1029 secundus,
728 992 819 1017 avus
839 980 965 1016 tertius

313 1042 396 1082 etc.,
419 1034 520 1087 quod
540 1036 637 1072 bene
665 1037 836 1072 observat
869 1036 965 1070 Lar-

312 1089 415 1130 cher.
441 1091 489 1127 ad
514 1091 655 1128 Herod.
675 1094 703 1139 1,
721 1094 786 1139 91,
806 1091 872 1127 ubi
888 1089 964 1127 vid.

310 1154 392 1184 not.
449 1147 543 1183 Inde
573 1147 666 1184 haec
688 1148 811 1184 existit
830 1159 966 1197 regum

309 1202 558 1240 Macedoniae
578 1205 785 1241 successio:
820 1203 969 1241 Perdic-

313 1273 373 1297 cas
389 1289 399 1307 ,
420 1261 602 1309 Argaeus,
635 1260 838 1310 Pln'tifflzus,
864 1261 969 1297 Aero-

307 1329 389 1366 pus,
410 1317 563 1364 Alcetas,
594 1317 777 1368 Amyntas,
809 1316 968 1354 Alexan-

311 1372 452 1411 der.—
480 1375 537 1409 De
562 1373 726 1421 Temeno,
758 1374 968 1410 Aristoma-

311 1427 375 1466 chi
397 1428 497 1476 filio,
529 1431 596 1480 qui
617 1443 705 1466 cum
726 1428 871 1466 duobus
892 1430 966 1466 fra-

309 1486 428 1521 tribus
459 1485 692 1536 Cresphonte
716 1493 751 1522 et
772 1485 968 1523 Aristode-

312 1553 379 1577 mo
411 1542 719 1592 Peloponnesum
749 1543 889 1579 victam
933 1549 969 1579 et

311 1605 536 1647 occupatam
567 1598 691 1636 divisit
718 1600 872 1650 ipseque
893 1599 969 1635 Ar-

311 1653 481 1704 golidem
512 1657 655 1706 accepit
676 1663 842 1703 sortem,
891 1655 968 1693 vid.

312 1711 476 1748 Pausan.
505 1713 558 1756 ΙΙ,
583 1713 632 1752 18
672 1713 709 1758 ξ.
742 1715 781 1753 6.
807 1713 968 1764 Apollo-

314 1765 394 1804 dor.
415 1769 462 1815 11,
483 1769 507 1807 8
528 1769 563 1813 ξ.
585 1766 623 1806 4.

366 1820 669 1874 ὑπερβαλόντες]
682 1825 704 1863 i.
716 1837 748 1860 e.
759 1826 972 1872 transgressi

312 1891 356 1916 esc
386 1879 526 1931 Illyriis
549 1882 587 1917 in
611 1883 816 1930 superiorem
845 1879 970 1918 Blacc-

315 1935 475 1985 doniam,
506 1938 688 1987 superatis
719 1938 797 1974 scil.
826 1939 969 1974 monti-

311 1992 404 2040 bus,
437 1994 502 2044 qui
537 2001 738 2043 utramque
777 1993 967 2031 distermi-

309 2055 404 2085 nant
441 2056 594 2087 terram.
654 2051 712 2090 Cf.
749 2050 829 2098 VII,
873 2053 967 2091 168.

310 2105 413 2141 Plut.
447 2105 584 2158 Pyrrh.
621 2106 684 2146 15.
717 2108 811 2144 Mar.
832 2109 881 2147 18
911 2107 965 2144 iu·

309 2162 459 2202 Lucull,
498 2165 552 2203 27
579 2163 661 2199 init.
701 2163 836 2214 Comp.
867 2163 965 2201 Cim.

311 2224 348 2254 et
363 2219 510 2255 Lucull.
533 2221 556 2257 3
578 2220 660 2256 init.
683 2220 800 2257 Crass.
822 2222 860 2260 9.
881 2220 966 2256 An—

308 2280 389 2310 ton.
416 2276 465 2314 18
497 2275 561 2314 fin.
620 2276 762 2312 Urbem
790 2275 966 2314 Lebaeam

308 2343 436 2377 nemo,
459 2338 644 2382 quantum
664 2333 754 2376 scio,
772 2345 966 2369 memora-

312 2388 378 2424 vit.
437 2389 541 2424 Unus
562 2387 783 2439 Hesychius,
806 2401 827 2425 a
846 2391 965 2426 Wes-

310 2444 467 2494 selingio
480 2445 611 2481 allatus
622 2446 656 2480 ΙΙ
671 2459 707 2496 p.
721 2445 815 2485 437.
837 2444 962 2496 Λέβα,

310 2497 510 2546 πόλιςῦπὸ
528 2503 705 2552 Θρακῶν.
725 2522 773 2529 -
796 2503 840 2538 In
855 2515 961 2554 seqq.

310 2551 357 2593 τοὶ
389 2554 506 2596 λεπτοὶ
529 2560 609 2596 τῶν
631 2554 844 2609 προβάτων
874 2565 961 2596 sunt

311 2623 388 2648 oves
409 2620 444 2649 et
465 2626 604 2663 caprae,
624 2621 665 2651 ut
686 2628 799 2665 supra
818 2616 846 2662 I,
871 2618 963 2664 133,

311 2668 379 2703 ubi
398 2668 472 2706 vid.
494 2678 588 2707 nott.
611 2678 646 2707 et
668 2671 769 2722 apud
799 2673 963 2710 Pausan.

309 2725 379 2771 IX,
409 2727 433 2765 3
456 2726 493 2770 ξ.
523 2724 560 2773 4,
589 2728 656 2763 ubi
676 2725 724 2767 τοὶ
753 2724 964 2782 λεπτότερα

308 2782 388 2820 τῶν
411 2779 633 2834 προβάτων.

1074 969 1180 1027 ἦσαν
1199 974 1241 1015 δὲ
1258 972 1302 1015 ‘co'
1320 971 1441 1015 πάλαι
1464 972 1531 1014 καὶ
1553 973 1597 1013 αἵ
1613 989 1679 1013 τυ-

1021 1033 1204 1083 ραννίδες
1226 1047 1260 1071 κ.
1284 1047 1315 1071 τ.
1338 1031 1400 1082 L]
1440 1031 1679 1083 τυραννίδας

1020 1087 1059 1125 h.
1072 1089 1097 1125 l.
1119 1089 1275 1125 omnino
1291 1087 1457 1125 indicare
1471 1100 1593 1136 regna,
1605 1087 1680 1139 δῆ-

1022 1159 1098 1195 μον
1132 1145 1293 1181 liberum
1331 1145 1463 1194 populi
1490 1150 1629 1181 statum
1648 1156 1679 1181 s.

1022 1201 1182 1237 liberam
1201 1201 1490 1251 rempublicam,
1530 1201 1679 1236 monitu

1022 1258 1087 1294 vix
1117 1270 1222 1308 opus‚
1279 1256 1342 1293 Ad
1380 1258 1501 1307 ipsam
1523 1263 1680 1293 senten-

1023 1315 1115 1350 tiam
1128 1315 1225 1350 bene
1237 1314 1289 1350 sic
1304 1313 1368 1349 We
1380 1327 1396 1349 s
1409 1327 1425 1349 s
1440 1313 1677 1361 elingius:

1024 1371 1233 1418 „Connexa
1253 1369 1300 1407 de
1329 1370 1676 1421 antiquissimorum

1022 1440 1157 1477 regum
1203 1439 1245 1463 ac
1284 1433 1534 1477 tyrannorum
1570 1426 1677 1462 tenui

1024 1483 1240 1520 conditione
1281 1483 1489 1519 observatio
1522 1483 1679 1519 veritate

1023 1541 1167 1578 nititur.
1225 1538 1329 1576 Intra
1347 1552 1446 1576 suam
1469 1540 1592 1588 cuique
1606 1552 1680 1589 pa-

1024 1598 1127 1633 triam
1152 1608 1261 1645 regna
1295 1596 1514 1645 finiebantur
1552 1595 1679 1632 scribit

1023 1654 1198 1691 Iustinus.
1256 1654 1378 1703 Reges
1398 1664 1611 1703 regumque
1630 1651 1678 1687 fi-

1023 1711 1063 1746 lii
1084 1716 1253 1746 armenta
1272 1722 1423 1760 pascere
1443 1707 1547 1745 haud
1574 1706 1680 1745 dedi-

1023 1767 1251 1817 gnabantur.
1317 1766 1487 1802 Hectoris
1524 1763 1681 1802 Andro-

1023 1822 1177 1860 maches
1199 1823 1351 1875 querela
1370 1835 1483 1872 super
1492 1822 1679 1872 fratribus,

1025 1879 1119 1916 dum
1164 1880 1341 1916 armentis
1376 1879 1585 1930 ovibusque
1608 1891 1680 1929 pa-

1024 1937 1212 1973 scentibus
1234 1934 1481 1983 attenderent,
1511 1934 1680 1972 trucida-

1024 1994 1084 2041 tis,
1119 2006 1168 2029 ex
1201 1992 1306 2029 Iliad.
1328 1993 1390 2038 Vl,
1411 1991 1493 2032 422
1524 1992 1564 2028 in
1594 1992 1678 2028 luce

1021 2056 1209 2096 versatum
1236 2049 1429 2086 notissima
1445 2061 1598 2099 quoque
1614 2061 1676 2084 re-

1021 2119 1115 2156 gum
1143 2106 1376 2142 Palaestinae
1404 2105 1676 2141 vetustissimo-

1022 2176 1108 2199 rum
1130 2163 1168 2198 in
1183 2163 1294 2199 sacris
1322 2160 1524 2197 Pandectis
1545 2161 1674 2197 tenui-

1021 2220 1116 2256 tas.“
1173 2220 1247 2255 Nos
1268 2217 1340 2254 hoc
1357 2230 1509 2269 quoque
1532 2216 1674 2253 attendi

1020 2277 1208 2322 volumus,
1228 2273 1329 2325 quod
1350 2286 1418 2323 pro
1446 2274 1583 2323 insigni
1611 2274 1676 2310 illa

1021 2333 1131 2382 prisci
1152 2332 1233 2367 aevi
1252 2331 1489 2380 simplicitate
1508 2331 1587 2380 ipsa
1613 2343 1676 2366 re-

1020 2390 1075 2438 gis
1097 2400 1317 2438 uxorpanes
1335 2400 1498 2437 coquere
1514 2385 1673 2435 dicitur3

1019 2445 1058 2481 id
1089 2446 1190 2480 enim
1211 2444 1415 2479 mulierum
1443 2444 1533 2479 olim
1561 2443 1674 2480 fuisse

1019 2503 1229 2551 negotium,
1255 2499 1303 2536 nd
1320 2501 1399 2546 Vll,
1423 2502 1498 2540 187
1522 2501 1674 2536 monui-

1017 2571 1115 2595 mus.
1173 2558 1269 2593 Hinc
1286 2569 1436 2608 quoque
1464 2556 1592 2593 Croesi
1610 2557 1673 2592 illa

1021 2610 1243 2665 ἀρτοκόπος
1270 2615 1299 2659 1,
1321 2615 1386 2659 51,
1408 2612 1473 2648 ubi
1501 2613 1548 2649 cf.
1579 2619 1672 2652 nott,

1020 2673 1077 2707 De
1092 2671 1177 2721 ipsis
1189 2668 1370 2706 Herodoti
1379 2670 1501 2706 verbis
1512 2669 1542 2706 si
1555 2681 1673 2720 quae-

1020 2740 1166 2774 ramus,
1197 2725 1290 2763 haec
1324 2727 1487 2777 reliquis,
1509 2737 1672 2777 quorum

1022 2796 1174 2822 causam
1189 2784 1418 2832 contineant,
1429 2794 1671 2834 praeponen-
