1839 3292
1040 198 1118 234 IX.

513 198 976 236 CALLIOPE.
1360 200 1442 240 345

181 326 284 354 των·
317 310 363 351 ἐν
392 308 550 363 ἀπορίῃ
579 323 622 350 τε
653 309 818 362 εἴχοντο
846 307 871 350 ὅ
899 324 939 349 τι
968 305 1172 355 ποιέωσι,
1202 308 1284 349 εἴτε
1315 305 1444 350 άπαλ-
1501 327 1579 378 {gurg
1612 320 1699 347 lones
1741 321 1772 347 in

180 378 422 421 λάσσωνται
443 374 592 427 ὀπίσω,
625 377 706 417 εἴτε
731 374 1000 418 καταπλέωσι
1021 372 1082 418 ἐπ’
1109 371 1439 429 Ἑλλησπόντου.
1498 360 1757 445 ῗῗέῑιῗιὲοἱιζῦᾙιξῖἶῖ

148 445 300 493 Ξτέλος
330 441 372 485 δ’
416 443 532 494 ἔδοξε
569 444 739 485 τούτων
767 443 846 497 μὲν
875 443 1083 498 μηδέτερα
1125 440 1308 493 ποιέειν,
1351 441 1435 484 ἐπι-
1493 426 1773 480 ὀῖῗυῖο]1ἰσξῐῖἓῖῗ““

175 511 321 554 πλέειν
349 511 394 553 δὲ
435 511 504 554 ἐπὶ
540 510 619 566 τήν
657 511 852 564 ἤπειρον.
908 499 1345 563 παρασκευασάμενοι
1382 503 1502 551 03:235

178 579 220 628 ἐς
249 581 497 634 ναυμαχίην
526 580 598 621 καὶ
617 576 875 632 ἀποβάθρας
895 578 967 620 καὶ
996 577 1048 620 τά
1069 577 1177 620 ἄλλα
1195 577 1312 623 ὅσων
1342 577 1442 630 ἔδεε,

147 646 334 689 3ἔπλεον
374 646 441 689 ἐπὶ
480 649 555 701 τῆς
588 643 817 699 Μυκάλης.
872 642 984 687 Ἐπεὶ
1021 643 1067 686 δὲ
1105 642 1240 698 άγχοῦ
1279 661 1324 687 τε
1358 645 1441 700 ἐγί-

176 729 309 755 νοντο
345 717 426 756 τοῦ
464 712 783 766 στρατοπέδου,
822 712 894 754 καὶ
940 711 1084 761 οὐδεὶς
1120 711 1323 766 ἐφαίνετό
1362 723 1442 766 σφι

143 778 517 835 ·ἐπαναγο’μενος,
560 778 666 822 ἀλλὰ
704 777 832 833 ὥρων
874 779 974 830 νέας
1011 778 1329 835 ἀνελκυσμένας
1358 780 1441 823 ἔσω

173 851 255 890 τοῦ
285 849 462 902 τείχεος,
497 846 661 890 πολλὸν
692 847 737 891 δὲ
755 847 885 900 πεζὸν
915 847 1289 902 παρακεκριμένον
1317 848 1437 901 παρὰ
1450 850 1496 888 40

175 913 254 957 τόν
285 915 505 970 αἰγιαλόν·
548 915 741 958 ἐνθαῦτα
770 918 944 968 πρῶτον
974 916 1051 971 μὲν
1089 916 1135 958 ἐν
1174 919 1228 972 τῇ
1257 917 1333 971 νηῒ
1359 930 1439 959 πα-

176 983 397 1036 ραπλέων,
440 984 642 1038 έγχρίψας
671 987 731 1041 τῷ
762 985 941 1040 αἰγιαλῷ
979 982 1031 1026 τά
1062 982 1244 1038 μάλιστα
1271 986 1438 1027 Λευτυ-

173 1051 313 1105 χίδης,
353 1050 439 1094 ὑπὸ
469 1051 658 1106 κήρυκος
697 1049 964 1107 προηγόρευε
991 1055 1105 1093 τοῖσι
1133 1049 1249 1094 Ἴωσι
1276 1052 1437 1106 λέγων·

146 1116 369 1171 4,ἶἈνδρες
382 1118 541 1169 Ἴωνες,
563 1118 659 1161 ὅσοι
684 1119 831 1174 ὑμέων
856 1118 1119 1174 τυγχάνουσι
1133 1117 1436 1170 ἐπακούοντες,

175 1184 359 1239 ,μάθετε
407 1187 458 1229 τὰ
498 1187 632 1241 λέγω·
684 1186 858 1236 πάντως
899 1187 982 1241 γάρ
1023 1185 1153 1229 οὐδὲν
1196 1187 1437 1242 συνήσουσι

174 1254 370 1307 ,,Πε’ρσαι
399 1258 486 1297 τῶν
513 1254 595 1309 ἐγώ
617 1253 720 1309 ὑμῖν
735 1254 996 1308 ἐπιτέλλομαι.
1029 1252 1159 1296 ἐπεάν
1185 1255 1432 1308 συμμίσγω-
1446 1257 1491 1295 45

174 1337 299 1374 ,,μεν,
338 1324 583 1378 μεμνῆσθαί
616 1339 714 1365 τινα
751 1320 829 1376 χρή
869 1321 1115 1375 ἐλευθερίης
1153 1321 1231 1375 μὲν
1261 1320 1436 1363 πάντων

146 1392 394 1443 5,,πρῶτον,
425 1390 530 1446 μετὰ
557 1390 614 1442 δὲ,
645 1394 724 1433 τοῦ
744 1389 1020 1446 συνθήματος
1037 1389 1196 1445 ”Ηβης.
1234 1389 1307 1432 καὶ
1335 1388 1435 1433 τάδε

116 1605 162 1642 de
190 1620 265 1658 quo
300 1609 347 1646 G.
368 1610 579 1646 Hermann.
612 1610 773 1661 Opuscc.
829 1610 855 1646 l.
876 1607 1068 1646 Mediceus
1109 1615 1145 1645 et
1175 1607 1368 1645 Sancrofti
1393 1607 1488 1644 liber

113 1663 165 1701 IV
184 1677 272 1714 pag.
295 1668 348 1705 90
369 1680 449 1717 seq.

169 1717 428 1773 ἀποβάθρας]
461 1722 591 1759 Scalas
625 1720 673 1758 ad
703 1721 773 1759 de-

113 1789 285 1813 scensum
298 1782 463 1816 nauticas
472 1779 648 1828 intelligit
657 1780 772 1816 Wes-

114 1833 246 1883 seling.
269 1837 386 1871 citans
406 1834 588 1886 Thucyd.
608 1836 679 1883 IV,
706 1838 768 1884 12,

113 1889 178 1925 ubi
198 1889 275 1927 vid.
295 1891 442 1929 Duker.
464 1899 500 1928 et
510 1890 770 1930 Hemsterhus.

113 1944 162 1981 ad
175 1947 334 1985 Lucian.
352 1949 465 1985 Diali.
481 1950 611 1984 Mortt.
635 1950 673 1984 X
685 1977 694 1995 ‚
724 1951 773 1988 10

112 2003 162 2039 T.
182 2004 218 2038 II
249 2017 287 2054 p.
307 2004 388 2045 459
410 2005 495 2045 coll.
517 2005 615 2041 Poll.
634 2006 672 2051 Ι,
705 2007 772 2044 93.

113 2059 176 2095 Sic
194 2067 322 2096 autem
338 2068 533 2109 vocantur,
550 2062 771 2098 observante

113 2114 421 2166 Schweighaeus.
438 2131 517 2154 non
531 2118 655 2154 solum
674 2131 771 2168 pon-

112 2173 216 2209 ticuli
235 2175 307 2221 illi,
343 2175 407 2226 qui
428 2188 449 2210 a
469 2176 592 2211 nautis
612 2175 652 2210 iu
679 2175 767 2211 litus

112 2229 172 2265 vel
192 2231 314 2280 ripam
343 2232 544 2267 eiiciantur
573 2238 651 2267 tam
673 2244 767 2267 con-

113 2285 348 2323 scendendae
380 2289 469 2325 navi
495 2301 611 2339 quam
635 2302 767 2325 escen-

116 2339 260 2378 dendae
281 2346 524 2381 inservientes
553 2345 628 2381 suis
657 2358 677 2380 e
696 2357 768 2380 na-

115 2397 220 2434 vibus
240 2400 279 2434 iu
301 2413 414 2437 naves
432 2399 599 2438 hostiles.

170 2450 479 2508 ἀνελκυσμένας]
522 2457 632 2494 Conf.
671 2464 768 2495 nott.

115 2508 162 2546 ad
180 2511 265 2557 Vn,
297 2512 347 2552 59
377 2521 412 2549 et
448 2514 495 2551 ad
523 2529 766 2565 παρακεκρι-

115 2565 234 2615 μένον
254 2568 359 2616 V111,
389 2573 453 2609 70.
507 2572 765 2621 Praepositio-

114 2636 203 2658 nem
223 2622 264 2662 ἐν
285 2631 371 2660 ante
400 2628 449 2678 τῇ
474 2628 548 2677 νηΐ
563 2626 679 2663 deleri
699 2641 764 2664 vo-

109 2680 231 2717 luerat
249 2680 490 2719 Valckenaer.
519 2685 611 2720 'Mox
635 2698 655 2719 e
671 2686 764 2720 Flo—

113 2743 207 2774 rent.
247 2737 402 2787 aliisque
433 2737 519 2774 dedi
562 2739 762 2791 ἐγχρίψας,

114 2793 176 2829 ubi
201 2794 316 2844 vulgo
337 2793 551 2845 ἐγχρίμψας
565 2825 574 2843 ,
603 2796 704 2848 quod
722 2796 762 2836 h.

829 1680 919 1703 cum
939 1668 1017 1703 aliis
1036 1672 1151 1713 tenet,
1170 1664 1350 1717 quodque
1372 1666 1487 1701 etiam

827 1724 901 1771 IV,
930 1725 1008 1763 113
1033 1722 1152 1760 iidem
1191 1721 1304 1759 codd.
1341 1728 1487 1759 tenent.

827 1781 893 1817 Tu
913 1778 990 1816 vid.
1015 1786 1110 1816 nott.
1135 1777 1183 1815 ad
1202 1780 1239 1814 II
1255 1808 1265 1826 ‚
1297 1781 1362 1818 60.
1384 1801 1436 1805 -—

882 1833 964 1876 ’ὖπό
981 1832 1171 1887 κήρυκος]
1188 1836 1214 1871 i.
1230 1848 1262 1872 e.
1283 1848 1362 1872 voce
1374 1847 1484 1884 prae-

829 1895 950 1940 conis,
985 1899 1027 1928 ut
1064 1893 1331 1941 iuterpretatur
1365 1893 1486 1928 Wes-

827 1950 975 1999 seling.,
989 1950 1105 1984 citans
1114 1947 1369 1998 Theophrast.
1382 1947 1485 1998 apud

828 2006 938 2042 Stob.
975 2006 1099 2043 serm.
1127 2006 1234 2040 XLII
1268 2004 1357 2052 [44]
1392 2018 1483 2054 pag.

826 2065 908 2102 280
928 2076 958 2100 S.
977 2064 1055 2102 201
1077 2062 1128 2099 Τ.
1153 2063 1189 2096 Π
1209 2061 1325 2097 Gaisf.
1352 2068 1388 2096 et
1402 2063 1485 2097 Xe-

823 2117 942 2168 noph.
981 2118 1120 2156 Laced.
1153 2120 1248 2168 Rep.
1277 2119 1350 2165 XI,
1388 2120 1412 2157 6
1448 2124 1484 2154 et

824 2174 1000 2226 Aeschyl.
1045 2173 1217 2225 Choeph.
1266 2175 1346 2214 838
1395 2174 1483 2220 (ubi

823 2228 1047 2284 ’ὑπάγγελος
1073 2233 1155 2267 vice
1189 2225 1265 2269 ὑπ’
1299 2226 1481 2281 οἷγγὲλον)

824 2289 1070 2337 „Praeconis‚
1097 2287 1201 2324 idem
1221 2288 1344 2337 pergit
1370 2286 1435 2323 We
1446 2301 1482 2322 s-

823 2359 839 2381 s
851 2346 945 2382 elin
957 2358 992 2394 g.
1013 2375 1022 2393 ‚
1100 2339 1480 2396 μεγαλοφωνοτάτου

823 2400 866 2440 ἐν
907 2405 964 2455 τῷ
1005 2400 1254 2452 στρατοπέδῳ
1298 2413 1391 2436 voce
1432 2398 1481 2436 ad

823 2460 933 2495 Ionas
959 2472 1069 2494 usum
1094 2456 1382 2508 Leutychiden‚
1415 2469 1481 2492 au-

823 2522 904 2551 ctor
920 2515 1106 2551 DIOdorus
1128 2522 1181 2550 est
1201 2515 1269 2559 XI,
1293 2516 1356 2559 31,
1379 2526 1479 2549 uon-

819 2573 924 2608 nulla
949 2573 1027 2607 eius
1050 2585 1096 2606 ex
1118 2583 1182 2607 ore
1213 2582 1429 2606 memorans
1456 2582 1478 2605 a

819 2642 909 2666 vero
929 2628 1148 2666 alieniora.“
1183 2628 1306 2676 Ipsam
1319 2627 1478 2662 locutio-

819 2698 908 2720 nem
928 2686 1042 2720 etiam
1063 2682 1242 2719 adhibent
1254 2681 1301 2719 ad
1319 2684 1477 2720 Homer.

820 2741 928 2778 Iliad.
951 2742 1044 2786 XII,
1076 2742 1171 2780 277.

876 2800 949 2837 τοῦ
971 2791 1385 2847 συνθήματοςἽῖβης]
1400 2797 1424 2833 ἰ.
1443 2810 1476 2832 e.
