1839 3292
414 258 470 298 S}
820 251 1282 290 llERODOTI

416 364 583 423 βιάδης.
640 362 809 407 δοκέειν
850 362 896 404 δέ
926 376 1025 415 μοι,
1068 357 1332 415 ἀρρωδήσας
1361 357 1547 415 μάλιστα
1576 357 1684 409 τούς

413 431 674 488 Ἀθηναίους
704 428 1032 477 ἀνεδιδάσκετο,
1063 428 1121 483 μή
1153 439 1288 482 σφεας
1324 424 1593 479 ἀπολίπωσι,
1633 425 1689 482 ἢν
1745 417 1826 460 647

390 500 537 555 Ξπρός
575 497 655 541 τόν
689 495 874 552 Ἰσθμὸν
920 493 1062 551 ἀνάγῃ
1096 496 1170 546 τὰς
1200 498 1319 549 νῆας.
1378 493 1716 537 άπολιπόντωνὸ

417 567 501 623 γάρ
522 565 777 620 Ἀθηναίων,
810 562 954 608 οὐκέτι
976 563 1172 618 ἐγίνοντο
1194 561 1424 618 ἀξιόμαχοι
1455 563 1499 605 οἱ
1527 563 1687 606 λοιποί.

417 634 581 688 ταύτην
621 634 666 676 δὲ
710 633 898 688 αἱρέεται
935 630 1015 687 τὴν
1050 633 1257 688 γνώμην,
1297 628 1437 675 αὐτοῦ
1477 629 1690 685 μένοντας

419 700 765 756 διαναυμαχέειν.

538 768 664 812 Οὕτω
696 770 774 823 μὲν
805 771 847 812 οί
878 768 976 822 περὶ
1008 771 1260 821 Σαλαμῖνα,
1293 767 1412 810 ἔπεσι
1453 764 1681 822 ἅκροβολι-
1700 773 1743 807 10

421 836 614 893 σάμενοι,
645 836 735 880 ἐπεί
755 853 799 879 τε
823 836 1083 893 Εὐρυβιάδῃ
1104 836 1233 887 ἔδοξε,
1256 834 1396 879 αὐτοῦ
1418 832 1687 889 παρεσκευά-

392 909 548 959 Ξζοντο
597 903 655 955 ὠς
701 905 1065 961 ναυμαχήσοντες.
1120 902 1258 961 ἡμέρη
1307 919 1351 946 τε
1392 902 1580 959 ἐγίνετο,
1609 903 1683 947 καὶ

292 764 358 808 64

86 829 157 858 Mox
174 829 309 856 insecuto

86 867 190 891 terrae
208 867 300 897 motu,
312 870 363 889 vo-

86 901 120 925 ta
136 896 192 923 diis
211 904 362 930 nuncupa-

87 934 129 964 ta,
155 929 362 963 Aeacidmeque

87 964 229 992 auxilium
266 963 364 998 rogati

90 998 132 1031 [c.
150 998 224 1033 ¹³3⁹]-

363 1083 459 1130 VII,
484 1082 576 1122 143.
610 1078 721 1126 Quod
742 1080 911 1131 sequitur
932 1074 1026 1118 άνε-

364 1135 585 1185 διδάσκετο,
615 1139 711 1174 bene
732 1135 915 1174 Vah-ken.
940 1135 1025 1172 red-

365 1196 442 1232 dit:
492 1194 740 1239 deducebatur,
793 1192 1025 1229 dedocendum

364 1266 399 1289 se
419 1251 606 1301 praebuit,·
640 1262 732 1286 nam
763 1245 1024 1288 ἀναδιδάσκε-

365 1312 464 1348 σθαι
495 1308 615 1344 valet:
656 1309 778 1357 priora
805 1306 962 1343 dedoceri
994 1319 1022 1345 s,

364 1364 597 1402 dedocendam
616 1376 650 1401 se
667 1364 848 1414 praebere,
885 1366 924 1399 ut
947 1364 1024 1411 quis

362 1422 440 1459 alia
460 1422 574 1458 discat
588 1423 668 1457 istis
681 1421 870 1466 contraria,
887 1432 1025 1471 quem—

362 1477 575 1514 admodum
609 1472 892 1515 ἀναδιδάσκειν
923 1474 1025 1526 apud

363 1533 586 1585 Thucydid.
605 1534 702 1580 VIII,
724 1535 790 1573 86.
828 1531 884 1569 Α(]
907 1546 1025 1584 quam

365 1589 528 1627 eandem
550 1591 833 1641 praepositionis
848 1591 923 1626 vim
939 1603 1027 1638 per-

363 1649 487 1684 tinent
527 1648 643 1684 verba
677 1647 888 1696 composita
925 1643 1025 1685 α’να-

365 1706 549 1755 ρᾶσθαι,
603 1698 846 1753 ἄνεύχεσῖὶαι
872 1733 882 1750 ,
941 1703 1024 1739 alia.

365 1760 429 1797 Ad
450 1759 567 1797 medii
587 1760 692 1797 verbi
713 1761 791 1797 vim
827 1773 869 1796 ac
901 1761 1026 1796 notio-

365 1830 458 1854 nem
480 1817 579 1854 conf.
600 1823 697 1854 nott.
715 1817 762 1853 ad
791 1818 844 1863 11,
872 1815 961 1858 154.

424 1869 478 1924 μή
513 1886 638 1921 σφεας
668 1869 911 1923 άπολίπωσι]
954 1874 1028 1909 Ea-

367 1929 457 1967 dem
507 1930 627 1967 ferme
673 1929 867 1966 Plutarch.
918 1929 1029 1966 The-

366 1988 468 2024 mist.
512 1989 558 2026 11
612 1986 678 2023 fin.
729 2000 816 2037 pag.
864 1989 939 2026 117
985 1988 1026 2023 1⁴¹.

367 2046 493 2082 ταῦτα
528 2045 601 2083 τοῦ
635 2041 942 2093 Θεμιστοκλέους
978 2043 1028 2082 εἰ-

367 2096 538 2146 πόντος,
567 2096 705 2138 εὕνοια
730 2099 797 2138 καὶ
834 2098 922 2145 δέος
946 2098 1028 2150 ἔσχε

368 2153 439 2196 τόν
457 2151 721 2207 Εὐρυβιάδην
739 2159 816 2194 τῶν
836 2151 1028 2206 Ἀθηναῖ-

370 2228 446 2260 ων,
477 2210 530 2263 μή
554 2215 658 2262 σφᾶς
685 2209 945 2258 α’πολιπόντες
968 2213 1029 2251 οἵ-

366 2284 526 2321 χωνται.
546 2291 602 2296 —
639 2272 681 2305 In
699 2284 803 2321 seqq.
837 2269 882 2305 (le
912 2271 1028 2306 verbo

369 2321 537 2378 οἷνάγειν
557 2325 633 2362 dixi
659 2326 706 2363 ad
728 2328 833 2370 vlu,
859 2330 911 2366 60
934 2328 969 2371 ξ.
996 2330 1027 2365 l.

370 2381 434 2419 Ad
477 2378 757 2422 ἀπολιπόντων
816 2383 893 2429 (ubi
940 2384 1029 2420 licet

371 2446 500 2476 mente
536 2438 676 2476 addere
709 2438 862 2490 σφέας)
925 2440 1027 2477 conl'.

371 2497 461 2544 vu,
495 2498 591 2536 221.

568 2586 660 2637 cap.
690 2587 826 2624 LXIV.

453 2662 561 2703 ἔπεσι
632 2661 1022 2718 οἷκροβολισάμενοι]

373 2713 700 2770 ἀκροβολίζεσθαι
720 2725 870 2775 proprie
900 2723 946 2760 de
958 2738 1027 2760 ve-

371 2775 482 2811 litum
513 2780 716 2815 certamine
750 2779 898 2829 dicitur,
923 2780 1026 2833 quod

371 2832 491 2883 ipsam
532 2847 702 2885 pugnam
740 2838 881 2875 anteire
918 2838 1025 2887 solet,

1081 1085 1165 1114 tum
1184 1089 1273 1114 vero
1298 1075 1346 1113 ad
1376 1084 1529 1115 mutuos
1559 1075 1741 1114 transfer-

1080 1141 1142 1171 tur
1160 1147 1354 1171 sermones
1375 1135 1551 1187 rixasque
1571 1146 1742 1185 pugnam

1080 1190 1360 1228 antecedentes.
1391 1192 1502 1228 Conf.
1521 1189 1742 1229 Blomfield.

1081 1249 1246 1285 Glossar.
1267 1247 1315 1284 ad
1335 1247 1514 1300 Aeschyl.
1543 1249 1584 1285 S.
1608 1262 1642 1285 c.
1662 1246 1741 1285 Th.

1084 1308 1161 1346 146
1185 1312 1220 1341 et
1234 1304 1493 1342 Hemsterhus.
1516 1304 1563 1341 ad
1581 1305 1741 1344 Lucian.

1081 1363 1097 1397 1
1118 1374 1205 1412 pag.
1228 1360 1309 1402 417
1330 1363 1430 1413 Bip„
1460 1363 1527 1414 qui
1554 1360 1628 1399 hoc
1654 1375 1743 1399 ver-

1081 1418 1175 1454 bum
1197 1417 1244 1454 de
1273 1419 1316 1454 iis
1338 1432 1493 1471 quoque
1519 1417 1596 1456 dici
1622 1425 1742 1466 notat,

1083 1476 1148 1526 qui
1169 1488 1189 1510 e
1210 1476 1293 1511 loco
1315 1476 1445 1512 altiore
1466 1483 1579 1528 atque
1600 1489 1743 1527 oppor-

1082 1539 1176 1568 tuno
1207 1530 1393 1582 lapidibus
1424 1534 1593 1584 aliquem
1615 1547 1635 1569 e
1655 1534 1743 1570 lon-

1083 1590 1227 1640 ginquo
1248 1596 1395 1639 petunt.
1456 1589 1566 1635 Quod
1592 1588 1641 1626 ad
1663 1591 1743 1626 He-

1081 1644 1260 1682 rodotum
1281 1648 1432 1693 attinet,
1463 1645 1599 1683 effidem
1618 1645 1742 1697 figur-4¹⁴2

1083 1703 1129 1738 ab
1151 1702 1287 1738 eodem
1311 1702 1384 1739 dici
1404 1698 1534 1756 λόγων
1557 1700 1743 1754 ὠθισμόν

1084 1761 1257 1795 observat
1279 1761 1510 1811 VVesseling.
1537 1759 1646 1809 VIII,
1675 1762 1745 1802 78.

1083 1817 1161 1862 IX,
1188 1819 1254 1856 26.

1140 1870 1268 1924 ἡμέρη
1295 1887 1344 1911 τε
1384 1872 1530 1925 ἐγίνετο
1562 1872 1628 1913 καὶ
1661 1869 1744 1924 ἅμα

1084 1944 1118 1967 κ.
1143 1945 1174 1968 τ.
1191 1931 1244 1978 λ.]
1267 1931 1323 1966 De
1344 1932 1535 1980 particulis
1559 1945 1598 1970 τε
1613 1952 1661 1958 -
1675 1929 1745 1969 καὶ

1084 1985 1160 2022 vid.
1184 1994 1278 2023 nott.
1309 1986 1356 2023 ad
1374 1989 1425 2024 IV
1441 2018 1451 2035 ,
1483 1987 1547 2028 53.
1582 1986 1644 2025 Ad
1663 2000 1743 2040 seq.

1085 2042 1391 2083 ἐπικαλέσασθαι
1423 2041 1518 2091 τούς
1547 2044 1746 2092 Αἰακίδας

1085 2097 1317 2149 συμμάχους
1347 2102 1447 2138 conf.
1486 2109 1582 2139 nott.
1621 2100 1669 2138 ad
1689 2102 1743 2149 V,

1086 2160 1138 2196 80
1158 2164 1195 2193 et
1215 2158 1318 2204 VIII,
1350 2160 1416 2198 83.
1457 2159 1558 2196 Plut.
1579 2157 1744 2195 Themi-

1084 2214 1189 2251 εἰσι-Ι.
1226 2213 1288 2253 15.
1318 2213 1528 2252 Larcherus
1559 2213 1595 2252 h.
1620 2215 1644 2253 l.
1673 2229 1745 2252 ex-

1085 2271 1263 2306 citaverat
1285 2272 1443 2308 Pausan.
1462 2273 1516 2320 11,
1540 2274 1607 2312 (29.
1626 2273 1744 2323 Apol-

1084 2326 1205 2363 lodor.
1226 2328 1290 2374 111,
1329 2331 1373 2367 11
1400 2329 1434 2373 §.
1457 2331 1496 2369 6.
1540 2330 1598 2366 Ac
1627 2342 1744 2366 nemo

1084 2385 1222 2429 nescit,
1253 2385 1511 2421 Telamonem
1539 2387 1656 2423 Aeaci
1680 2385 1744 2423 fu-

1084 2440 1154 2476 isse
1181 2442 1323 2488 lilium,
1364 2442 1568 2480 Salaminis
1599 2444 1745 2480 insulae

1085 2510 1215 2547 regem
1304 2505 1527 2551 patremque
1605 2501 1744 2548 Aiacis,

1085 2556 1150 2604 qui
1189 2556 1226 2590 in
1287 2555 1386 2592 bello
1426 2557 1597 2594 Troiano
1638 2558 1743 2605 obiit,

1084 2611 1237 2648 Teucro
1259 2611 1372 2648 fratre
1401 2625 1422 2648 a
1454 2613 1577 2651 reditu
1615 2614 1654 2651 iu
1677 2626 1747 2665 pa-

1082 2669 1192 2704 triam
1214 2670 1380 2706 excluso.
1401 2689 1457 2697 —
1477 2672 1521 2707 In
1549 2671 1627 2707 fine
1660 2684 1746 2721 cap.

1083 2722 1146 2762 ἐπὶ
1185 2722 1227 2764 δὲ
1265 2723 1416 2766 Αἰακὸν
1445 2727 1514 2766 καὶ
1541 2724 1634 2773 τούς
1677 2724 1746 2766 52).-

1081 2783 1175 2828 λους
1200 2781 1397 2830 Αἰακίδας
1423 2783 1627 2821 valen-ad
1646 2784 1745 2822 Aea-

1082 2851 1158 2876 cum
1178 2843 1210 2876 et
1244 2840 1393 2891 reliquos
1421 2841 1596 2880 Aeacidas
1626 2854 1746 2879 arces-
