1839 3292
223 209 308 252 412
770 208 1151 247 COMMENTATIO

224 321 397 360 cessitate
436 334 593 359 omnem
612 322 772 359 liberam
787 319 951 357 hominis
971 322 1208 359 voluntatem
1229 321 1503 375 arbitriumque
1527 322 1609 359 tolli
1631 335 1714 360 cre-

223 379 328 427 dam,
349 376 390 428 a)
421 379 537 416 modo
558 380 671 416 iustos
691 379 789 414 intra
814 378 994 414 terminos
1016 390 1146 413 rerum
1165 385 1300 414 natura
1331 386 1444 431 atque
1464 386 1617 416 aeterna
1644 392 1717 416 ne..

222 437 392 474 cessitate
406 436 558 473 mortali
576 436 716 486 positos
737 434 800 471 ille
819 447 860 471 se
885 435 1100 482 contineat3
1124 447 1218 486 quos
1237 435 1268 471 si
1289 435 1437 473 excedit
1456 435 1633 487 superbia
1651 437 1716 473 in-

222 492 355 541 flatus,
401 492 520 529 divini
547 492 715 528 numinis
744 497 928 543 potestate
960 492 1175 542 repellitur,
1212 504 1284 527 nec
1303 492 1420 528 libere
1440 505 1554 543 agere
1569 499 1714 544 potest3

222 563 315 586 nam
338 547 524 601 quidquid
554 549 652 598 agit,
698 546 739 584 id
773 549 920 584 irritum
959 549 1027 584 erit
1064 561 1190 599 neque
1221 547 1433 599 quidquam
1459 550 1599 586 valebit
1620 563 1717 587 con-

221 613 279 644 tra
298 613 450 642 aeterna
471 603 622 642 divinae
640 606 868 642 necessitatis
891 604 1055 642 decreta.
1112 606 1215 641 Haec
1236 611 1364 641 autem
1383 605 1450 642 sati
1468 606 1524 643 vis
1553 618 1596 643 ac
1610 607 1717 644 notio

223 675 340 715 quam
361 662 564 698 coniuncta
583 663 629 699 sit
649 675 738 699 cum
759 669 959 713 poetarum
978 663 1244 713 antiquorum,
1275 660 1477 713 Aeschyli,
1499 661 1716 713 Sophoclis,

222 720 385 756 aliorum
405 720 562 756 notione
583 718 630 756 de
650 720 726 756 fato
749 720 905 770 eiusque
924 720 1158 767 necessitate,
1180 717 1284 755 haud
1303 731 1396 769 opus
1416 719 1585 769 pluribus
1607 732 1718 756 com-

220 783 444 813 monstrare.
501 774 587 815 Vid.
617 775 734 813 modo
765 776 941 817 Creuzer.
969 777 1010 812 in
1030 777 1169 813 Histor.
1189 777 1311 812 Kunst
1331 775 1370 816 d.
1392 774 1547 814 Griech.
1579 790 1617 827 p.
1637 776 1718 817 152

221 839 303 870 not.
359 834 479 870 Unius
499 831 679 883 Aeschyli
699 831 761 869 hic
781 834 1020 870 mentionem
1040 833 1178 870 faciam
1200 834 1265 884 qui
1284 834 1323 868 in
1354 834 1559 870 Persarum
1589 833 1717 869 fabula

220 889 325 927 idem
339 889 440 938 fere,
472 889 576 942 quod
605 888 822 926 Herodotus
842 891 912 927 sibi
934 890 1133 927 consilium
1155 890 1390 940 propositum
1411 888 1586 927 habuisse
1606 888 1718 928 vide-

222 953 306 995 tur,
341 960 463 998 quum
492 947 689 996 insigniori
718 945 888 998 quodam
918 947 1096 996 exemplo
1126 953 1423 984 commonstrare
1452 947 1568 984 vellet
1597 946 1716 984 divini

220 1004 388 1040 numinis
414 1005 519 1040 illam
547 1004 646 1051 vim,
678 1003 755 1055 quai
785 1003 1002 1054 superbiam
1028 1005 1247 1040 mortalium
1269 1017 1350 1040 sese
1385 1003 1625 1040 efferentium
1655 1016 1717 1039 re·-

220 1062 359 1111 primat
386 1073 596 1112 eorumque
617 1074 720 1111 opes,
747 1061 808 1097 vel
836 1061 868 1097 si
887 1061 1082 1097 maximae
1110 1059 1335 1106 videantur,
1367 1060 1583 1110 confringat
1602 1066 1717 1112 atque

220 1116 443 1158 contundat,
500 1118 606 1153 Bene
635 1118 827 1168 perspexit
845 1118 976 1153 Iacobs
1000 1115 1241 1162 (Vermischt.
1269 1114 1424 1154 schrift.
1445 1117 1477 1153 V
1497 1130 1535 1167 p·
1557 1114 1656 1168 586)
1679 1123 1717 1154 et

220 1176 286 1225 qui
307 1175 354 1210 ab
383 1187 427 1211 eo
455 1173 632 1211 laudatur
658 1174 881 1212 Suvernius.
904 1170 977 1220 ἒᾗῇ)
1034 1173 1136 1210 Add.
1169 1174 1374 1210 Bliimner:
1412 1174 1539 1210 Ueber
1567 1172 1602 1211 d.
1626 1171 1717 1210 ldee

219 1230 286 1267 des
307 1230 524 1268 Schicksals
544 1232 584 1267 in
601 1230 676 1267 den
700 1229 894 1281 Tragoed.
924 1229 962 1268 d.
988 1229 1167 1282 Aeso-hyl.
1190 1245 1227 1282 p.
1250 1232 1303 1270 83
1332 1243 1410 1282 seq.
1466 1232 1601 1282 Neque
1625 1243 1717 1267 vero

218 1286 292 1324 hoc
311 1288 458 1338 satum,
490 1288 603 1340 quale
618 1288 688 1325 sibi
710 1289 954 1325 constituerat
974 1286 1211 1335 Herodotus,
1254 1300 1405 1337 prorsus
1425 1287 1606 1325 convenit
1625 1299 1716 1324 cum

213 1344 368 1395 fortuna
382 1375 391 1391 ,
423 1358 520 1396 quae
542 1346 658 1395 vulgo
680 1344 827 1392 dicitur,
850 1346 1093 1397 quantumvis
1112 1342 1273 1381 subinde
1289 1345 1484 1396 utriusque
1504 1344 1608 1380 notio
1621 1356 1718 1380 con-

220 1401 331 1438 fundi
349 1409 385 1438 et
398 1403 506 1453 quasi
526 1403 736 1439 coalescere
766 1401 952 1440 videatur.
1010 1403 1185 1453 Namque
1213 1403 1252 1437 iu
1274 1400 1427 1451 fortuna
1456 1396 1592 1451 (τύχη)
1620 1401 1717 1437 inest

217 1459 410 1495 temeritas
431 1466 544 1510 atque
564 1460 833 1507 inconstantia3
864 1459 904 1495 in
918 1458 1004 1509 fato
1022 1459 1222 1496 necessitas
1233 1465 1484 1509 aeternusque
1503 1458 1566 1494 ille
1587 1470 1717 1494 rerum

218 1517 298 1552 sive
315 1528 516 1552 causarum
531 1529 677 1564 nexus,
717 1529 792 1568 quo
825 1515 872 1552 ad
897 1515 1048 1552 divinae
1067 1516 1205 1552 mentis
1227 1516 1273 1551 ab
1293 1515 1400 1552 initio
1431 1514 1525 1551 haec
1555 1513 1604 1551 ad
1631 1527 1717 1551 cer-

217 1579 302 1608 tum
333 1571 509 1609 ordinem
543 1574 804 1610 constituentis
829 1574 909 1610 vim
940 1573 1068 1609 omnia
1097 1573 1137 1608 in
1168 1585 1297 1608 rerum
1317 1578 1452 1608 natura
1475 1578 1716 1610 revocantur.

218 1630 358 1665 Fatum
388 1630 504 1679 igitur
533 1636 576 1666 ut
604 1631 867 1666 necessitatem
887 1631 939 1665 ita
968 1636 1140 1665 mentem
1162 1641 1315 1680 quoque
1336 1627 1505 1665 divinam
1528 1626 1717 1679 quodam-

217 1685 336 1722 modo
362 1686 399 1721 in
420 1699 459 1722 se
485 1687 673 1734 continet3
702 1686 878 1722 fortunae
896 1686 1000 1722 notio
1030 1698 1126 1736 vaga
1147 1692 1260 1736 atque
1286 1686 1503 1721 inconstans
1527 1697 1606 1720 non
1631 1697 1716 1721 cer-

216 1743 263 1779 tis
291 1742 429 1779 finibus
460 1744 688 1790 continetur,
718 1756 790 1780 nec
811 1744 890 1793 ipsa
932 1749 1078 1778 certum
1118 1749 1221 1778 tenet
1250 1740 1412 1778 modum
1448 1740 1716 1792 ordinemque.

215 1800 377 1849 Insignis
406 1797 505 1836 hanc
534 1801 573 1836 in
598 1813 681 1835 rem
704 1800 809 1836 locus
831 1805 951 1835 exstat
971 1800 1038 1845 IX,
1065 1801 1139 1839 9l:
1172 1798 1248 1837 εἴτε
1276 1794 1473 1851 κλῃδόνος
1491 1797 1641 1836 εἵνεκεν
1661 1819 1717 1826 -

217 1855 294 1894 εἴτε
313 1855 398 1895 καὶ
427 1853 550 1894 necto}
585 1856 907 1906 συντυχίην,
937 1857 1069 1894 θεοῦ
1098 1857 1400 1902 ποιεῦντος.
1459 1855 1588 1898 Quum
1611 1855 1716 1890 enim

216 1925 266 1948 ne
296 1913 448 1949 fortuna
477 1911 634 1964 quidem
656 1912 807 1949 divinae
828 1912 965 1948 mentis
995 1924 1147 1962 prorsus
1176 1925 1310 1962 expers
1339 1909 1397 1958 sit',
1428 1909 1538 1959 hinc,
1567 1912 1715 1960 opinor,

217 1968 356 2008 dicitur
376 1969 470 2020 θείη
485 1965 584 2022 τύχη
604 1971 670 2014 IV.
692 1972 730 2020 8,
756 1971 822 2007 ubi
841 1970 889 2008 cf.
909 1975 1006 2007 nott.
1023 1969 1074 2007 T.
1094 1969 1129 2005 II
1150 1982 1187 2020 p.
1208 1970 1305 2010 288.
1325 1969 1370 2014 V,
1392 1969 1446 2008 92
1467 1969 1504 2014 ξ.
1526 1969 1565 2009 3.
1582 1968 1613 2017 1,
1636 1969 1715 2009 126

307 2173 346 2217 *)
371 2173 469 2206 Conf.
494 2172 628 2217 Iaeger.
651 2171 770 2218 Dispp.
794 2172 897 2205 Herr.
921 2182 955 2216 p.
979 2170 1049 2212 40,
1082 2169 1141 2205 ubi
1165 2169 1223 2214 qui
1250 2168 1394 2202 affertur
1417 2168 1510 2203 locus
1534 2167 1612 2209 vn,
1639 2167 1716 2210 157,

216 2231 290 2254 eum
323 2220 388 2253 huc
420 2219 527 2253 miuus
554 2219 674 2252 referri
699 2230 798 2263 posse
830 2218 979 2252 credam.
1029 2215 1130 2256 Quod
1161 2227 1241 2248 vero
1266 2215 1354 2248 idem
1378 2215 1509 2257 Iaeger.
1531 2214 1574 2247 ab
1603 2213 1717 2247 Hero-

215 2267 294 2300 doto
326 2266 399 2298 tolli
433 2266 555 2299 statuit
576 2265 744 2298 internum
768 2276 878 2297 rerum
902 2274 1085 2297 connexum
1111 2261 1182 2294 sive
1205 2260 1492 2305 pragnmtismum,
1517 2271 1615 2304 quem
1653 2271 1715 2292 vo-

215 2316 314 2354 cant,
350 2323 422 2344 cum
448 2311 558 2344 onmia
581 2311 790 2344 extrinsecus
813 2309 970 2354 imposita
993 2307 1197 2341 necessitate
1228 2307 1480 2348 contineantur,
1514 2317 1612 2339 secus
1635 2304 1716 2337 mihi

214 2359 359 2392 videtur.
407 2357 502 2390 Inest
525 2357 643 2401 utique
660 2356 919 2400 pragmatismus
942 2355 977 2387 in
1002 2354 1197 2387 Herodoteo
1223 2364 1347 2397 opere,
1384 2353 1442 2386 sed
1470 2352 1624 2385 diversus
1659 2351 1716 2384 ille

215 2416 236 2438 a
261 2404 459 2449 posterioris
482 2402 605 2436 aetatis
627 2402 865 2435 historicorum
890 2401 1041 2441 ratione,
1068 2399 1124 2444 qui
1149 2409 1250 2443 quum
1274 2399 1316 2431 ab
1343 2398 1495 2431 humanis
1519 2398 1628 2431 omnia.
1651 2397 1716 2430 du-

215 2456 296 2484 cant
322 2450 469 2483 consiliis
491 2449 601 2494 iisque
626 2447 737 2481 omnia
761 2448 942 2480 metiantur
967 2458 1006 2480 ac
1031 2445 1236 2485 diiudicent,
1267 2446 1310 2477 ab
1336 2444 1511 2478 Herodoto
1537 2443 1717 2477 discedunt

215 2496 375 2529 divinitus
410 2494 507 2540 quasi
538 2494 650 2528 omnia
684 2494 914 2527 constituente
950 2498 984 2526 et
1017 2504 1037 2525 a
1069 2491 1175 2524 divini
1211 2491 1354 2523 numinis
1388 2490 1424 2523 vi
1460 2501 1501 2523 ea
1525 2501 1562 2523 re
1589 2493 1716 2530 etente,

215 2554 303 2587 quac
326 2542 375 2575 illi
399 2541 545 2575 naturali
569 2553 588 2573 e
613 2552 724 2573 rerum
750 2551 870 2581 cursu,
906 2549 1004 2583 quem
1029 2538 1140 2582 ipsum
1163 2537 1310 2570 divinum
1335 2536 1463 2570 Noster
1487 2536 1555 2569 hab
1594 2541 1629 2577 t,
1659 2546 1716 2568 rc-

215 2593 335 2632 petere
365 2594 469 2633 atque
506 2586 677 2633 explicare
708 2586 856 2620 student.
924 2584 1024 2618 Conf.
1060 2584 1223 2619 Creuzer.
1255 2583 1319 2616 Die
1338 2583 1430 2616 Hist.
1455 2582 1568 2616 Kunst
1590 2586 1656 2615 etc.
1677 2591 1713 2625 p.

217 2634 282 2668 158
306 2645 378 2678 seq.

308 2701 365 2744 *Ἴ
392 2701 641 2745 Comparantur
663 2700 710 2735 ibi
721 2699 878 2744 Aeschyli
901 2710 1030 2738 versus,
1041 2697 1096 2743 qui
1107 2697 1257 2743 primarii
1281 2700 1360 2732 sunt
1375 2697 1438 2730 hac
1461 2696 1494 2729 in
1519 2706 1569 2737 re,
1585 2695 1627 2728 91
1638 2704 1713 2737 sqq.

216 2749 294 2782 470.
318 2749 387 2782 720
412 2750 541 2792 εφῗ-ὲζ),
555 2760 605 2791 sq.
630 2748 705 2782 791.
732 2747 797 2780 805
824 2758 897 2779 cum
923 2744 1088 2778 Herodoti
1115 2745 1195 2778 locis
1219 2745 1296 2786 VII,
1323 2746 1366 2778 10
1390 2745 1421 2784 ἓ.
1447 2742 1479 2776 5.
1506 2742 1538 2776 6.
1558 2739 1641 2784 ¹,VIL
1657 2739 1713 2772 46.

215 2795 260 2828 47
286 2798 320 2827 et
343 2793 554 2838 potissimum
578 2794 675 2834 VIII,
690 2794 766 2834 109,
791 2793 847 2826 ubi
865 2803 952 2836 quae
976 2790 1223 2824 Themistocles
1245 2789 1428 2836 eloquitur,
1451 2798 1526 2822 cum
1548 2785 1602 2828 iis,
1625 2795 1714 2830 quae

217 2841 404 2886 Aeschylus
428 2839 576 2875 sensisse
599 2840 768 2880 videatur,
792 2839 946 2884 apprime
969 2837 1182 2872 conveniunt.
