1839 3292
489 239 949 280 CALLIOPE.
1006 240 1085 275 IX.

78 364 112 409 8

1335 241 1420 282 215

163 430 328 466 κουσαν
357 420 400 462 oz
430 419 586 473 ἔφοροι
614 420 769 468 ταῦτα,
800 413 1087 471 ἀνεβάλλοντο
1119 415 1162 465 ἐς
1191 412 1269 469 τὴν
1297 413 1418 457 ὑστε-

160 488 290 543 ραίην
326 484 679 540 υποκρίνασθαι·
719 500 770 538 τῃ
801 482 847 526 δὲ
881 481 1112 539 ὑστεραίῃ,
1152 482 1194 532 ἐς
1222 480 1302 537 τὴν
1332 481 1420 525 ἑτέ-

164 570 263 610 onv-

325 557 455 596 τοῦτο
483 553 557 596 καὶ
585 551 654 595 ἐπὶ
684 551 788 595 δέκα
827 550 990 606 ἡμέρας
1020 551 1203 598 ἐποίεον,
1238 549 1281 600 ἐξ
1310 547 1417 605 ἡμέ-

134 629 247 678 Ξρης
278 621 321 671 ἐς
349 619 516 676 ἡμέρην
545 616 903 675 ἀναβαλλόμενοι.
945 618 990 660 ἐν
1008 617 1052 660 δέ
1082 616 1224 676 τούτῳ
1243 623 1304 676 τῷ
1322 618 1418 675 χρό-

166 706 229 747 νῳ
268 688 344 732 τόν
379 684 553 742 Ἰσθμὸν
582 685 785 742 ἐτείχεον,
825 684 1021 741 σπουδὴν
1058 684 1224 739 ἔχοντες
1253 687 1418 743 πολλήν

134 756 321 807 ὃπάντες
333 753 688 809 Πελοποννήσιοι·
708 755 784 798 καί
800 765 879 809 σφι
893 749 949 810 ἦν
967 751 1076 807 πρὸς
1095 752 1212 794 τέλεϊ.
1231 752 1325 796 οὐδ’
1341 754 1420 809 ἔχω
1434 759 1474 794 15

162 822 279 867 εἶπαι
306 823 355 866 τὸ
387 823 550 875 αἴτιον,
589 821 701 865 διότι
734 821 1003 878 ἀπικομένου
1032 819 1110 875 μὲν
1135 818 1417 876 Ἀλεξάνδρου

160 895 239 933 τοῦ
259 888 520 939 Μακεδόνος
551 889 592 940 ἐς
607 888 791 946 Ἀθήνας
822 888 1020 945 σπουδὴν
1050 887 1240 944 μεγάλην
1271 885 1418 945 ἐποιή-

161 969 290 1000 σαντο
320 955 378 1012 μή
408 958 587 1012 μηδίσαι
612 956 892 1015 Ἀθηναίους,
929 956 1024 1002 τότε
1055 957 1100 999 δὲ
1131 953 1250 1013 ὤρην
1275 956 1416 1013 ἐποιή-

158 1035 290 1067 σαντο
333 1023 542 1079 οὐδεμίαν
586 1024 693 1069 ἄλλο
723 1042 770 1082 γε
799 1025 828 1082 ἢ
864 1024 930 1069 ὅτι
971 1024 995 1070 ὁ
1026 1023 1194 1079 Ἰσθμός
1224 1034 1304 1079 σφι
1333 1023 1414 1067 ἐτε-
1427 1029 1473 1064 20

156 1093 357 1146 τείχιστο,
389 1091 463 1133 καὶ
491 1089 666 1135 ἐδόκεον
692 1092 937 1149 Ἀθηναίων
973 1092 1033 1136 ἔτι
1063 1092 1238 1135 δέεσθαι
1269 1088 1416 1133 οὐδέν·

157 1159 229 1202 ὅτε
259 1159 304 1202 δὲ
344 1156 368 1201 ὁ
394 1157 675 1215 Ἀλέξανδρος
706 1159 882 1204 ἀπίκετο
913 1160 954 1211 ἐς
982 1159 1063 1216 τήν
1091 1156 1308 1213 Ἀττικὴν,
1363 1155 1418 1200 οὔ

155 1242 218 1269 κω
270 1225 579 1282 ἀπετετείχιστο
592 1258 607 1276 ,

73 1367 106 1412 9

673 1227 908 1284 ἐργάζοντο
960 1228 1028 1280 δὲ,

163 1292 485 1348 ταῤῥωδηκότες
506 1294 608 1345 τοὺς
629 1296 815 1350 Πέρσας.

277 1360 408 1411 Τέλος
438 1361 511 1410 δὲ,
553 1365 629 1418 τῆς
661 1380 707 1406 τε
735 1364 994 1418 υποκρίσιος
1031 1360 1104 1404 καὶ
1133 1358 1286 1411 ἐξόδου
1324 1362 1412 1403 τῶν
1473 1366 1582 1395 Αᾱηιοιι
1585 1366 1619 1392 ’it
1638 1372 1656 1392 a
1675 1364 1744 1391 cm-

1090 1225 1284 1284 μεγόιλως
1343 1240 1418 1268 κα-

167 354 465 412 ,μαχέσασθαι
492 350 543 394 τὸ
577 347 789 403 Θριάσιον
818 348 983 391 πεδίον.
989 351 1014 371 “
1067 346 1145 397 Ὡς
1175 345 1221 389 δὲ
1257 363 1343 399 αρα
1371 345 1415 402 ἤ
1431 346 1639 419 10³⁹g¹

1475 402 1639 445 QunlIIer

1591 356 1690 409 rsatuiin

1643 415 1730 443 odoot

1476 446 1544 474 dee
1529 455 1595 474 θαι
1582 424 1701 476 vidreatu
1684 457 1728 476 u.r

1534 1400 1638 1436 eripho

160 1426 470 1483 Σπαρτιητέων
497 1428 611 1484 ἐγένε
595 1445 663 1472 cto
692 1429 854 1484 τρόπος
886 1427 1069 1472 τοιόσδε.
1102 1444 1154 1484 τῃ
1175 1428 1411 1483 προτεραίῃ
1468 1439 1548 1479 695

157 1499 234 1551 τῆς
262 1494 448 1553 ὑστάτης
465 1495 749 1547 καταστάσιος
767 1496 1007 1554 μελλούσης
1027 1496 1215 1547 ἔσεσθαι,
1246 1497 1412 1545 Χίλεος,

100 1635 168 1676 25.
215 1634 396 1688 Thucyd.
449 1636 507 1684 Π,
549 1638 617 1676 20.
676 1633 756 1672 Sed

98 1705 167 1743 pro
220 1693 312 1729 olim
353 1692 457 1741 vulg.
507 1690 756 1743 μαχέσασθαι

97 1750 234 1786 merito
255 1763 357 1785 nunc
377 1748 511 1785 iisdem
529 1762 549 1784 e
572 1750 675 1786 libris
693 1762 756 1784 re-

99 1813 254 1856 ceptum
279 1803 594 1857 ἕμμαχέσασθαι,
624 1812 666 1842 ut
684 1805 754 1854 IX,

98 1864 126 1901 2
148 1858 592 1913 ἔνστρατοπεδεύεσθαι;
611 1861 658 1898 de
678 1874 754 1913 quo

101 1917 177 1955 vid.
201 1925 296 1955 nott.
328 1918 376 1955 ad
397 1918 488 1966 VII,
519 1917 585 1958 59.
618 1916 755 1956 Matth.

101 1975 167 2011 Gr.
187 1976 248 2011 Gr.
268 1976 304 2019 ξ.
322 1975 416 2014 533.
440 1981 517 2013 not.
532 1977 558 2012 2
578 1988 616 2025 p.
637 1973 755 2015 1043.

101 2031 249 2068 Similia
259 2029 307 2067 ad
317 2029 356 2068 h.
372 2031 397 2067 l.
410 2031 588 2067 excitavit
596 2032 756 2068 VVesse-

99 2088 194 2137 ling.
214 2088 380 2138 Appiani
398 2089 443 2125 B.
464 2088 545 2126 Civ.
566 2088 637 2135 lV,
661 2089 754 2127 106.

99 2143 252 2182 Philon.
275 2144 348 2181 Vit.
368 2145 464 2181 Mos.
483 2145 519 2179 II
539 2157 574 2194 p.
601 2143 681 2184 659
712 2145 753 2180 Β.

98 2202 156 2238 De
186 2202 342 2237 Numer.
373 2201 531 2250 Septen.
569 2214 606 2250 p.
649 2202 755 2240 1187

99 2257 148 2294 A.
171 2278 217 2285 -—
251 2258 309 2292 De
330 2256 495 2294 Tltria-z'o
517 2269 652 2308 campo
676 2255 755 2297 vid.

100 2320 197 2351 nott.
217 2312 265 2350 ad
293 2314 399 2361 VIII,
431 2313 498 2354 65.

319 2403 413 2453 Cap.
434 2402 536 2441 VIII.

156 2475 352 2530 ἥκουσαν]
378 2479 615 2525 Schaeferus‚
637 2493 754 2532 quem

102 2534 229 2574 Bekk.
307 2539 494 2588 sequitur,
562 2535 753 2576 ἄκουσαν.

101 2591 293 2643 Equidem
305 2606 392 2629 cum
411 2595 544 2646 reliqq.
558 2593 643 2634 edd.
663 2595 751 2631 scri-

101 2655 186 2699 ptos
227 2647 343 2686 libros
381 2651 487 2701 sequi
528 2651 659 2687 malui.
697 2669 750 2678 -·

102 2703 214 2750 Quod
259 2705 426 2756 sequitur
462 2701 756 2756 ἀναβάλλεσθαι

101 2768 157 2798 est
179 2760 342 2810 defferre,
362 2767 404 2798 ut
423 2762 456 2798 V
469 2791 479 2810 ,
499 2762 566 2802 49.
586 2764 659 2810 VI,
685 2764 751 2803 86.

102 2838 155 2846 -
184 2819 278 2855 Mox
310 2830 380 2870 pro
403 2820 520 2859 τοῦτο
551 2816 617 2869 δὲ,
646 2817 750 2872 quod

1470 1524 1604 1591 Ριὲῐοὶιῖξιι

1465 1590 1636 1619 infesstetur.

811 1634 954 1673 habent
987 1632 1185 1675 Schaefer.
1215 1640 1251 1671 et
1273 1632 1469 1681 Matthiae,

813 1692 902 1730 dedi
935 1705 1023 1729 cum
1052 1697 1210 1731 recentt.
1241 1689 1329 1727 edd.
1347 1702 1471 1726 unum

812 1752 950 1797 τοῦτο,
1007 1748 1153 1785 abiecta
1187 1748 1370 1798 particula
1412 1744 1470 1785 δέ.

811 1805 874 1843 Ad
893 1806 1128 1843 locutionem
1156 1803 1219 1844 ἐπὶ
1251 1803 1360 1852 δέκα
1370 1800 1470 1853 ἦμέ-

813 1877 885 1912 ρας
921 1866 1001 1912 (per
1052 1862 1165 1899 decem
1215 1860 1316 1911 dzes)
1365 1859 1469 1896 conf.

810 1917 945 1956 matth.
972 1919 1040 1957 Gr.
1060 1920 1126 1956 Gr.
1146 1930 1234 1968 pag.
1253 1918 1373 1957 1169.
1405 1913 1469 1952 Ad

811 1975 925 2013 ve1ba
947 1972 1056 2025 ω’ρην
1087 1973 1326 2024 ἐποιήσαντο
1350 1967 1467 2011 ου’δε-

811 2031 906 2083 μίαν
927 2031 1004 2068 vid.
1027 2038 1124 2068 nott.
1144 2029 1192 2067 ad
1211 2032 1286 2078 ΙΙΙ,
1321 2028 1398 2068 155
1430 2034 1467 2065 et

811 2087 859 2125 de
876 2089 992 2126 verbo
1011 2082 1269 2138 ἀποτειχίζειν
1300 2091 1396 2125 nott.
1418 2083 1466 2120 ad

810 2146 883 2193 V‚1
915 2147 982 2184 36.
1001 2164 1056 2170 —
1082 2142 1145 2180 Ad
1176 2155 1289 2179 usum
1317 2141 1468 2178 formu-

812 2203 871 2239 lae
913 2198 1006 2239 ἄλλο
1034 2214 1077 2252 γε
1103 2196 1130 2250 ἢ
1158 2198 1325 2245 faciunt,
1371 2209 1469 2248 quae

813 2257 862 2295 ad
890 2255 1140 2307 Xenopliont.
1176 2254 1388 2292 Memorab.
1419 2252 1467 2300 ΙΙ,

815 2317 851 2362 1,
872 2316 923 2354 17
953 2312 1177 2351 Schneider.
1197 2319 1234 2349 et
1253 2310 1302 2348 ad
1318 2311 1469 2347 Platon.

811 2369 1010 2407 Phaedon.
1051 2381 1140 2421 pag.
1176 2371 1230 2409 32
1268 2365 1469 2405 Heindorf.

808 2427 1026 2480 ffisputavit.

1047 2515 1137 2565 Cap.
1168 2513 1238 2549 IX.

867 2588 1139 2639 καταστάσιος]
1176 2588 1264 2628 Vid.
1288 2595 1384 2628 nott.
1417 2586 1466 2625 ad

813 2650 918 2696 VIII,
960 2647 1128 2689 141.—
1174 2648 1220 2683 In
1257 2659 1362 2698 seqq.
1395 2657 1464 2695 pro

814 2705 957 2752 Χίλεος
991 2704 1093 2755 apud
1123 2701 1316 2740 Plutarch.
1355 2700 1466 2739 The-

808 2762 907 2798 mist.
929 2763 953 2801 6
979 2760 1046 2798 fin.
1068 2761 1258 2797 invenitur
1282 2758 1465 2806 Χείλεως,

806 2818 933 2856 Arcas.
989 2819 1068 2855 Nec
1097 2817 1204 2855 aliter
1235 2815 1338 2868 apud
1368 2827 1465 2852 euu-

1672 1398 1745 1426 ai-le

1425 1491 1548 1550 2511a¹tis
1545 1489 1652 1558 sArthen
1657 1490 1704 1516 ine

1640 1496 1747 1558 utissipa

1628 1565 1695 1584 GSUS
