1839 3292
208 162 292 202 662
810 157 1162 195 ADDENDA

430 282 451 304 a
477 274 575 315 patre
598 267 761 302 historiae
783 267 838 300 vel
861 266 975 311 pot-ius
1003 265 1048 299 ab
1080 264 1144 306 iis,
1169 275 1255 309 quos
1290 270 1448 299 auctores
1486 264 1544 298 ille
1576 269 1715 300 secutus

436 316 502 357 sit,
527 315 668 349 fluvium
689 312 822 347 Tanain
847 313 962 354 (Don)
988 322 1063 344 cum
1087 310 1185 353 Tyra
1210 312 1402 354 (Dnjestr),
1430 311 1488 355 qui
1511 311 1618 346 Dario
1642 313 1716 357 pri-

433 373 506 395 mus
525 361 629 395 fuerit
645 358 874 396 traiiciendus,
899 358 1071 390 confusum
1095 367 1170 389 esse
1187 356 1326 389 dixeris.
1367 357 1506 390 Minime
1530 357 1617 392 enim
1641 370 1717 392 esse

431 414 712 445 consentaneum,
746 405 929 437 Persarum
953 403 1068 447 copias
1091 405 1226 443 tantas,
1263 401 1413 435 omnibus
1436 404 1481 436 ad
1504 404 1631 437 victum
1655 416 1717 440 ne-

433 453 590 487 cessariis
613 452 728 493 rebus,
754 450 788 482 in
815 449 930 494 primis
955 460 1044 493 aqua
1066 448 1208 493 potabili
1231 447 1412 481 destitutas
1434 454 1504 482 tam
1528 449 1629 494 longa
1653 450 1715 484 de-

432 504 525 532 serta
559 503 627 531 tam
651 496 749 530 brevi
771 501 924 540 tempore
947 505 1126 539 permeare
1159 499 1195 527 et
1225 493 1270 528 ad
1293 493 1429 528 Tanain
1463 505 1570 540 usque
1594 507 1718 541 perve-

434 544 509 577 nire
558 542 696 577 otuisse.

216 600 295 635 pag.
330 590 398 624 499
435 589 494 623 lin.
530 556 584 623 12.
643 586 821 622 Eichwald
854 586 878 620 1.
908 586 931 620 l.
973 597 1053 631 pag.
1087 586 1109 619 9
1142 595 1214 630 seq.
1258 595 1360 618 voces
1389 580 1458 627 τήν
1492 584 1717 631 καλεομένην

433 635 601 678 Μαιῆτιν
631 646 653 669 a
675 634 822 667 librariis
845 643 1023 677 perperam
1057 631 1194 666 additas
1227 641 1302 664 esse
1327 636 1445 664 censet
1476 632 1589 666 verbis
1618 638 1717 667 ante-

431 680 648 714 cedentibus:
674 678 709 719 ἐς
733 677 800 723 τήν
826 679 976 722 λίμνην,
1010 689 1098 722 quae
1121 677 1163 711 de
1187 679 1263 710 lacn
1287 676 1430 721 quodam
1457 687 1564 722 prope
1598 679 1716 713 urbem

434 727 542 761 Pinks
565 727 599 760 in
622 726 827 766 Lithuania‚
851 725 943 758 cuius
966 723 1116 768 vestigia
1141 723 1251 757 adhuc
1278 722 1544 767 conspiciantur,
1573 724 1719 769 intelligi

433 774 519 807 vult.
583 773 714 806 Oarum
739 771 901 811 fluvium,
928 770 1023 804 cuius
1047 781 1124 803 mox
1148 769 1239 814 apud
1262 768 1472 802 Herodotum
1496 771 1642 812 mentio,
1664 772 1720 804 vi-

432 819 506 852 deri
540 819 589 851 ait
613 830 689 852 esse
711 817 849 850 fluvium
876 816 1017 860 Horyn:
1045 816 1178 860 Syrgin
1201 826 1288 848 nunc
1311 815 1425 848 vocari
1449 815 1543 859 Styr,
1579 817 1720 851 Tanain

434 865 501 898 dici
526 866 604 898 Lan
640 870 676 897 et
698 864 829 907 Itycum
864 861 1004 895 fluvium
1037 872 1113 894 esse
1136 861 1276 894 Siutsch
1300 860 1355 894 vel
1378 861 1463 895 Pina
1493 867 1559 896 etc.
1617 863 1718 904 Quae

434 911 512 954 ipsa
534 922 634 955 quam
658 910 789 942 incerta
814 908 894 948 sint,
921 918 1018 940 nemo
1042 918 1107 940 non
1131 907 1238 941 videt.

216 965 294 999 pag.
327 955 396 988 500
429 957 523 1001 (cap.
559 955 656 999 124.)
686 955 743 988 lin.
779 957 810 988 1.
866 953 977 987 Voces
1009 950 1046 992 ἐς
1077 951 1147 996 τὴν
1182 950 1318 995 ἐρῆμον
1350 951 1439 985 idem
1463 951 1657 988 Eichwald.
1690 957 1718 989 1.

432 1003 456 1037 l.
480 1012 559 1046 pag.
579 1004 632 1036 12.
662 1001 769 1034 refert
792 999 835 1033 ad
858 999 1032 1043 planitiem
1057 998 1240 1039 desertam,
1266 998 1318 1030 cui
1344 1009 1485 1031 nomen:
1511 1001 1570 1033 die
1584 1001 1719 1034 Aurat-

431 1049 557 1093 gesche
589 1047 790 1081 Hochebene
823 1045 956 1090 sibique
987 1044 1099 1078 videri
1135 1044 1230 1077 addit
1264 1043 1404 1078 Darium
1437 1045 1632 1086 pervenisse
1675 1047 1719 1081 ad

431 1095 559 1135 locum,
581 1095 638 1138 qui
663 1104 750 1126 nunc
774 1095 914 1126 vocatur
937 1091 1085 1124 Saslaw.
1131 1090 1224 1124 Idem
1248 1090 1271 1124 l.
1298 1090 1319 1124 l.
1343 1102 1377 1134 p.
1407 1091 1460 1126 13.
1484 1096 1577 1124 recte
1601 1092 1722 1126 obser-

432 1145 513 1180 vat,
538 1139 679 1173 castella
702 1138 784 1182 illa,
809 1148 897 1182 quae
921 1148 941 1170 a
966 1137 1072 1170 Dario
1097 1136 1161 1170 hac
1185 1137 1219 1169 in
1241 1142 1335 1170 terra
1357 1142 1535 1170 exstructa
1558 1148 1633 1171 esse
1655 1149 1722 1183 pa-

431 1188 485 1218 ter
517 1185 679 1219 historiae
701 1189 859 1227 enarrat,
880 1183 992 1217 simili
1024 1188 1119 1217 certe
1143 1183 1282 1216 consilio
1315 1187 1432 1216 erecta
1462 1183 1570 1216 fuisse
1594 1183 1720 1226 videri,

430 1242 497 1276 quo
523 1231 637 1276 Cyrus
672 1237 707 1263 et
731 1229 832 1263 multo
857 1235 935 1273 post
957 1228 1148 1263 Alexander
1185 1229 1273 1262 idem
1306 1228 1342 1262 in
1367 1228 1449 1261 Asia
1482 1229 1525 1262 ad
1551 1230 1662 1263 Oxum
1685 1242 1716 1264 s.

428 1277 601 1311 Iaxartem
625 1276 748 1311 fecisse
770 1280 973 1318 narrentur,
1008 1280 1047 1309 ut
1070 1275 1143 1310 scil.
1169 1275 1372 1319 Scytharum
1407 1274 1615 1321 aliarumque
1637 1288 1723 1322 gen—

429 1323 515 1356 tium
547 1324 590 1357 ab
621 1322 869 1356 incursionibus
891 1327 1018 1355 terram
1042 1320 1208 1366 reliquam
1232 1321 1415 1354 redderent
1437 1325 1557 1356 tutam.
1620 1323 1724 1362 Quod

428 1380 511 1402 vero
543 1369 665 1402 asserit
696 1367 913 1406 Herodotus,
948 1367 1018 1400 ista
1050 1367 1191 1401 castella
1224 1378 1286 1400 sua
1319 1366 1426 1412 ipsius
1465 1372 1580 1401 aetate
1610 1369 1722 1402 adhuc

428 1415 524 1448 salva
555 1414 746 1456 exstitisse,
777 1414 812 1448 id
836 1425 856 1447 a
881 1413 1029 1447 Graecis
1062 1424 1104 1446 ex
1129 1414 1240 1447 Ponto
1265 1416 1476 1447 mercaturae
1501 1425 1604 1448 causa
1641 1415 1723 1448 illuc

429 1461 593 1506 profectis
617 1461 667 1494 ita
691 1459 850 1505 accipere
874 1459 1024 1502 potuisse
1047 1459 1280 1503 Herodotum,
1306 1460 1392 1494 bene
1416 1459 1585 1495 credimus
1610 1460 1723 1496 eidem

432 1506 622 1541 Eichwald.
646 1508 670 1540 l.
698 1506 720 1540 l.
746 1517 825 1550 pag.
853 1506 905 1539 13.

211 1561 290 1595 pag.
318 1551 386 1586 503
409 1552 443 1586 b.
470 1553 526 1587 lin.
553 1554 586 1587 6.
612 1556 692 1586 ante
718 1552 863 1587 Grimm.
887 1551 986 1584 inser.
1013 1551 1153 1585 dabit.

211 1607 290 1640 pag.
315 1598 382 1631 508
405 1599 439 1632 b.
463 1598 520 1633 lin.
547 1599 590 1633 13
606 1600 648 1631 ab
672 1598 731 1632 inf.
757 1609 818 1642 pro
847 1598 890 1637 V,
914 1598 964 1630 86
989 1608 1106 1642 repon.
1133 1598 1174 1640 V,
1199 1598 1264 1631 80.

209 1653 290 1687 pag.
315 1643 381 1677 515
405 1645 440 1678 b.
463 1645 520 1677 lin.
545 1645 566 1679 5
591 1645 634 1677 ab
652 1644 714 1677 inf.
738 1655 799 1687 pro
822 1644 894 1684 IV,
921 1643 962 1676 13
987 1653 1105 1687 repon.
1134 1643 1206 1684 ΓΙ,
1234 1644 1287 1677 13.

211 1700 291 1733 pag.
318 1689 386 1724 516
413 1702 444 1724 a.
470 1690 530 1723 lin.
554 1690 615 1724 ult.
645 1701 706 1735 pro
737 1690 862 1729 VIII,
897 1689 962 1722 160
986 1699 1102 1733 repon.
1132 1689 1232 1733 1⁷11,
1261 1691 1337 1724 160.

211 1747 293 1780 pag.
319 1736 386 1769 532
408 1737 445 1770 b.
469 1735 530 1769 lin.
555 1737 577 1770 7
601 1736 644 1769 ab
668 1735 732 1769 inf.
755 1745 819 1780 pro
844 1734 910 1775 111,
936 1733 958 1767 3
982 1733 1048 1777 leg.
1076 1734 1140 1776 ΙΙΙ,
1168 1736 1202 1769 2.

211 1794 293 1826 pag.
318 1780 386 1814 540
407 1783 441 1817 b.
464 1782 523 1816 lin.
547 1783 569 1815 2
592 1792 654 1825 pro
679 1781 742 1820 ΙΙΙ,
768 1781 819 1816 63
842 1781 910 1822 leg.
936 1779 1001 1818 111,
1026 1781 1093 1815 64.

212 1840 296 1873 pag.
318 1827 387 1861 546
411 1829 444 1861 b.
471 1827 528 1861 lin.
556 1828 599 1861 12
623 1837 685 1871 pro
710 1826 774 1867 IX,
799 1827 853 1860 88
878 1826 944 1868 leg.
969 1825 1032 1859 IX.
1059 1825 1125 1858 89.

212 1886 290 1918 pag.
315 1873 382 1906 553
406 1885 437 1907 a.
464 1873 523 1906 lin.
551 1872 593 1906 15
616 1883 679 1916 pro
705 1872 764 1911 IV,
791 1871 868 1906 157
892 1870 959 1914 leg.
984 1870 1047 1912 IV,
1074 1869 1166 1904 155.

213 1931 291 1965 pag.
317 1919 384 1954 596
410 1922 442 1955 1.
477 1919 528 1952 Ad
552 1919 659 1952 verba
682 1930 745 1961 μιν
769 1913 1007 1960 μεμφθεῖσάν
1031 1928 1068 1949 τι
1097 1916 1149 1962 τῷ
1177 1916 1292 1959 πατρὶ
1317 1917 1361 1952 cf.
1386 1918 1427 1951 C.
1453 1918 1496 1952 Ο.
1523 1917 1661 1953 Miiller.
1688 1919 1723 1953 in

432 1964 602 1998 Gerhard.
630 1965 852 2007 Archaeolog.
879 1962 979 1996 stud.
1005 1962 1022 1995 I
1047 1974 1079 2007 p.
1105 1962 1189 2004 286,
1215 1963 1273 2007 qui
1298 1963 1384 1997 haec
1407 1963 1456 1999 ita
1478 1964 1662 2010 intelligit,
1685 1972 1725 2000 ut

432 2011 663 2055 virginitatem
686 2010 778 2043 illius
802 2008 932 2042 violare
956 2014 1099 2042 conatus
1123 2008 1228 2042 fuerit
1250 2013 1362 2054 pater.

214 2069 294 2103 pag.
319 2058 384 2091 611
411 2056 445 2091 b.
473 2057 529 2090 lin.
559 2058 611 2091 12.
639 2067 701 2102 pro
732 2055 792 2098 IV,
823 2055 876 2089 18
902 2065 1023 2100 repon.
1048 2054 1110 2096 lv,
1137 2056 1185 2089 17

818 2205 856 2246 V
888 2206 968 2245 ol.
1034 2203 1128 2246 III.

213 2318 291 2351 pag.
319 2308 362 2342 27
388 2305 503 2359 ¹³¹¹·ss
531 2305 581 2358 3‘.
613 2303 682 2338 Pro
708 2301 928 2348 ὑπερβάντα
952 2303 1155 2347 Bernhardy
1180 2304 1244 2337 Gr.
1271 2303 1371 2348 Synt.
1401 2314 1481 2349 pag.
1506 2303 1574 2338 359
1597 2303 1725 2338 mavult

211 2409 291 2442 pag.
317 2398 382 2432 108
408 2350 704 2440 (aldmvzssgztiin.)
750 2396 865 2430 Verba
890 2392 928 2429 ἐν
953 2395 1004 2440 τῷ
1028 2394 1242 2439 Πελασγικῷ
1265 2394 1377 2438 τείχεϊ
1395 2394 1442 2429 nil
1467 2394 1534 2429 nisi
1558 2396 1596 2429 in
1614 2396 1726 2430 Acro·

437 2443 511 2488 poli
540 2441 694 2475 indicare
730 2440 905 2474 contendit
930 2441 1046 2474 Leake
1081 2441 1115 2474 in
1142 2441 1365 2486 Topograph.
1389 2442 1513 2475 Athen.
1548 2453 1627 2486 pag.
1655 2442 1723 2476 314

428 2500 540 2528 vers.,
573 2487 630 2532 qui
661 2487 748 2541 idem
784 2499 818 2532 p.
842 2487 919 2539 254.
943 2487 1021 2521 256.
1052 2487 1096 2521 ad
1122 2487 1162 2527 V,
1188 2488 1232 2522 77
1257 2488 1344 2521 conf.
1369 2499 1402 2532 p.
1430 2488 1498 2522 142
1521 2493 1593 2521 not.
1641 2499 1724 2533 pro-

210 2591 289 2626 pag.
314 2579 380 2615 240
403 2532 1010 2624 Epa-is·zzzchgnasgtepctfffflffl
1040 2576 1134 2621 μὲν.
1193 2578 1250 2613 cf.
1286 2579 1502 2624 Bernhardy.
1527 2579 1551 2614 l.
1585 2579 1610 2614 l.
1642 2590 1723 2626 pag.

211 2681 290 2716 pag.
315 2672 381 2706 252
408 2627 523 2707 εἴέῗὶξι..
549 2671 602 2705 15.
650 2669 718 2704 Pro
742 2667 791 2704 ἐκ
818 2666 962 2713 δάκρυά
984 2680 1023 2703 τε
1047 2670 1150 2703 scrib.
1175 2666 1222 2710 ἐς
1246 2667 1392 2712 δάκρυά
1413 2682 1465 2705 τε.

211 2727 291 2762 pag.
316 2718 381 2752 259
404 2718 461 2752 lin.
488 2719 542 2753 15.
590 2717 657 2751 Pro
685 2714 724 2750 ἐκ
744 2718 818 2750 τοῦ
838 2713 1028 2759 Ἀταρνέος
1051 2717 1184 2762 vulgat.
1208 2713 1245 2757 ἐς
1270 2717 1338 2751 τοῦ
1361 2714 1428 2752 'At-
1457 2717 1624 2763 praeferri
1650 2716 1724 2752 vult

434 2763 639 2808 Bernhardy
664 2762 686 2797 l.
713 2763 737 2797 1.
768 2774 848 2809 pag.
875 2763 952 2798 184.
