1839 3292
75 770 215 798 Athenae
238 776 355 796 vacuae

319 705 350 749 3

78 813 98 832 a
115 803 216 832 Persis
240 803 352 831 iterum

77 842 195 874 captae.

408 181 493 222 208

804 175 1264 216 HERODOTI

379 290 571 343 3,,ἅπασι
584 285 865 343 ἀνθρώποισι.
918 287 975 329 ΕΖ
1004 286 1050 329 δὲ
1069 283 1261 340 ποιήσεις
1281 283 1334 328 τὰ
1359 283 1480 340 ἡμεῖς
1507 297 1666 339 παραι-

407 359 610 414 ,,νέομεν,
657 357 825 411 ἔφασαν
872 353 1090 408 λέγοντες,
1143 351 1248 402 ἕξεις
1285 350 1456 403 απόνως
1494 351 1665 395 ἅπαντα

408 426 487 478 „ch
527 425 682 468 κείνων
729 420 1018 476 βουλεύματα.

1078 418 1213 475 πέμπε
1252 418 1446 472 χρήματα
1487 419 1529 470 ἐς
1565 419 1721 471 τούς25

381 489 786 546 4,,δυναστεύοντας
817 488 979 543 ἄνδρας
1008 488 1055 531 ἐν
1083 491 1182 543 τῇσι
1211 485 1370 528 πόλισι.
1399 486 1578 541 πέμπων
1608 489 1667 538 δὲ,

408 561 518 617 »τήν
552 556 736 602 Ἑλλάδα
777 556 1037 612 διαστήσεις·

1084 555 1287 598 ἐνθεῦτεν
1318 551 1363 595 δὲ
1391 552 1496 602 τούς
1529 553 1586 609 μὴ
1613 553 1666 597 τοὶ

407 628 491 682 »σὰ
520 625 789 682 φρονέοντας
819 625 993 681 ῥηϊδίως
1016 622 1120 678 μετὰ
1141 626 1227 665 τῶν
1246 618 1517 663 στασιωτέων
1535 636 1669 664 κατα-

409 695 682 749 ,,στρέψεαι.“
747 694 800 736 Οἱ
847 693 926 747 μὲν
974 695 1113 734 ταῦτα
1152 686 1495 743 συνεβούλευον·
1553 687 1577 733 ὁ
1621 689 1668 732 δὲ

411 761 524 815 „min
556 760 771 814 ἐπείθετο,
801 757 912 802 ἄλλά
934 761 978 803 οἱ
1007 758 1149 808 δεινός
1177 773 1241 807 τις
1269 754 1495 799 ἐνέστακτο
1524 757 1724 811 ἴμερος3ο

410 829 487 880 τὰς
513 827 700 883 Ἀθήνας
730 827 909 880 δεύτερα
937 825 1090 869 ἑλέειν·
1132 824 1222 880 ἅμα
1251 822 1328 878 μὲν
1357 820 1433 865 ὑπ’
1468 821 1669 878 ἀγνωμο-

409 896 556 954 σύνης,
596 895 685 952 ἅμα
715 896 762 941 δὲ
803 900 1006 951 πυρσοῖσι
1050 893 1122 938 διὰ
1150 891 1293 949 νήσων
1322 889 1464 934 ἐδόκεε
1502 892 1671 947 βασιλέϊ

353 1095 431 1134 vid.
465 1116 513 1122 —
572 1091 635 1129 Ad
655 1090 889 1127 locutionem
904 1086 951 1128 τοὶ
964 1085 1013 1127 σοὶ

355 1148 543 1202 φρονέειν
582 1148 685 1186 conf.
722 1154 819 1186 nott.
853 1145 903 1184 ad
931 1147 1013 1194 vn,

358 1209 456 1248 102.

594 1294 688 1345 cap.
705 1294 774 1331 III.

415 1372 440 1414 ὁ
458 1370 501 1413 δὲ
532 1367 606 1412 ov’x
628 1368 831 1420 ἐπείθετο]
871 1370 1015 1406 Auctor

355 1438 411 1468 est
444 1429 631 1467 Diodorus
657 1429 726 1476 xl,
756 1429 822 1467 28.
858 1425 1016 1462 Mardo-

355 1489 467 1524 nium
505 1488 543 1522 in
575 1485 734 1521 Boeotia
776 1495 1017 1520 commoran-

356 1550 437 1580 tem
466 1542 669 1594 pecuniam
705 1541 848 1577 misisse
872 1540 1016 1589 priuci-

357 1601 468 1651 pibus
498 1598 754 1648 Peloponnesi
792 1596 1015 1644 civitatibus,

357 1669 450 1708 quas
472 1668 493 1691 a
514 1656 747 1705 reliquorum
781 1654 1016 1689 Graecorum

356 1713 533 1749 societate
560 1709 792 1747 distraheret.
853 1710 935 1754 Quo
957 1715 1017 1745 et-

356 1770 433 1805 iam
464 1767 558 1804 illud
581 1766 731 1804 videtur
770 1766 958 1816 pertinere
993 1778 1015 1801 a

356 1823 616 1862 Demosthene
647 1821 774 1871 (Phil.
806 1823 861 1857 111
889 1835 928 1872 p.
961 1823 1015 1861 70

357 1895 388 1919 s.
418 1895 457 1932 p.
483 1883 572 1928 121,
603 1882 656 1919 27
685 1878 750 1929 R.)
771 1876 953 1914 traditum
979 1883 1017 1913 et

356 1935 553 1974 Plutarch.
580 1934 770 1972 Themist.
792 1948 852 1985 cp.
875 1936 898 1974 6
928 1946 1017 1984 pag.

362 1992 441 2033 114
481 1994 525 2028 F.
570 1990 793 2028 Arthmium
838 1990 1016 2038 zeutem,

359 2051 426 2101 qui
455 2049 660 2099 pecuniam
691 2061 712 2084 a
740 2060 830 2097 rege
851 2047 1016 2083 attulerit

359 2105 407 2142 ad
429 2106 593 2142 Graecos
614 2102 926 2154 corrumpendos,
954 2104 1017 2138 in-

356 2163 502 2198 famem
532 2161 764 2198 declaratum
792 2173 871 2196 esse
892 2159 938 2195 ab
959 2160 1017 2195 A-

357 2217 618 2256 theniensibus
644 2216 797 2254 hostem
821 2216 1016 2253 Graeciae.

417 2303 518 2346 οἷλλοῖ
529 2306 570 2346 οἵ
583 2302 713 2353 δεινός
733 2320 793 2353 τις
813 2304 1017 2345 ἐνέστακτο

359 2362 514 2415 ἵμερος]
545 2364 571 2401 i.
593 2376 625 2402 e.
648 2363 708 2400 sed
724 2363 900 2399 vehemens
920 2362 1020 2398 illum

360 2421 488 2471 cupido
508 2422 710 2458 incesserat.
758 2418 879 2455 Affert
900 2419 1021 2454 Wes-

359 2479 493 2528 seliug.
512 2477 672 2527 OppiaU.
688 2476 833 2527 Cyneg.
846 2476 909 2522 Ill,
925 2472 1017 2514 314:

361 2532 428 2572 καὶ
450 2554 504 2560 -
528 2534 677 2584 βαλίων
711 2529 753 2571 δὲ
794 2528 925 2577 πόθος
962 2545 1022 2577 τις

362 2587 586 2628 ἐνέστακται
607 2587 724 2639 φρεσὶ
740 2590 883 2639 θηρῶν
906 2588 1022 2623 item-

361 2658 435 2695 que
461 2645 642 2696 Sophocl.
664 2641 1020 2691 Trach.480.(478

361 2701 485 2749 Erf.):
517 2699 662 2752 ταύτης
681 2700 705 2740 ὁ
730 2697 860 2747 δεινός
886 2695 1021 2750 ἵμερός

358 2753 457 2798 ποθ’
475 2753 654 2810 Ἠρακλῆ
667 2758 822 2810 διῆλθε,
835 2757 900 2795 ubi
910 2756 1021 2808 plura

1070 1090 1164 1126 olim
1196 1090 1418 1140 interpretes
1450 1086 1497 1124 de
1526 1100 1598 1125 usu
1621 1087 1727 1124 verbi

1071 1144 1310 1195 διέρχεσθαι.
1367 1146 1525 1195 Aptiora
1544 1157 1647 1180 nunc
1668 1151 1728 1180 at-

1068 1203 1196 1239 tulisse
1223 1201 1334 1238 video
1363 1201 1558 1251 Apitzium
1580 1201 1621 1236 iu
1645 1199 1729 1236 Ad-

1069 1271 1184 1296 verss.
1204 1272 1244 1309 p.
1265 1261 1347 1298 202
1377 1257 1424 1293 ad
1445 1270 1498 1293 vs.
1518 1256 1613 1296 464.
1670 1257 1728 1293 Ac

1068 1327 1159 1351 sane
1189 1315 1342 1365 propius
1362 1312 1437 1350 huc
1452 1313 1541 1349 facit
1559 1314 1724 1352 Pausan.

1069 1372 1133 1419 lv,
1163 1374 1216 1411 32
1240 1372 1277 1416 ξ.
1302 1368 1352 1408 4:
1391 1366 1435 1410 τὸ
1469 1373 1582 1420 μῖσος
1614 1366 1658 1409 τό
1687 1368 1726 1416 ἐς

1071 1426 1419 1477 Λακεδαιμονίους
1481 1420 1728 1476 ἐνεστάχθαι,

1073 1485 1138 1520 ubi
1150 1481 1481 1534 praeterHerodoti
1493 1483 1621 1518 locum
1632 1481 1728 1518 affe-

1071 1547 1159 1577 runt
1178 1539 1426 1576 Homericum
1447 1551 1496 1574 ex
1527 1538 1658 1589 Odyss.
1678 1540 1726 1587 II,

1072 1599 1166 1636 271.
1181 1594 1374 1633 Plutarch.
1390 1595 1531 1645 Agesil.
1551 1598 1602 1635 12
1623 1593 1643 1634 ὁ
1656 1597 1729 1634 τοῦ

1071 1650 1214 1699 παιδός
1231 1649 1729 1704 ἕρωςένεσταγμένος.

1073 1709 1275 1754 Quomodo
1306 1709 1388 1760 quis
1417 1720 1502 1744 suos
1535 1709 1575 1743 in
1601 1708 1728 1745 virtut.

1071 1767 1140 1814 )11)
1169 1780 1208 1817 p.
1230 1764 1283 1805 84
1300 1766 1374 1801 E.:
1419 1763 1643 1813 φιλονεικία
1685 1761 1729 1802 δὲ

1072 1819 1150 1876 ὅτῳ
1200 1819 1267 1861 καὶ
1312 1815 1473 1872 φθόνος
1513 1818 1729 1860 ἐνέστα-

1071 1893 1096 1917 κ
1107 1894 1126 1917 τ
1143 1894 1167 1917 α
1183 1893 1209 1918 ι.

1127 1951 1195 1995 ὑπ’
1224 1951 1531 2008 α’γνωμοσύνης]
1546 1956 1571 1992 i.
1583 1968 1616 1994 e.
1637 1968 1730 2005 „ar-

1072 2015 1264 2061 rogantia,
1316 2015 1558 2060 contumacia,
1598 2011 1730 2049 stolida

1072 2071 1201 2106 virium
1226 2081 1372 2106 suarum
1390 2070 1533 2119 fiducia
1560 2067 1728 2118 fretus.“

1071 2127 1127 2161 Ita
1149 2124 1369 2175 Schweigh.
1390 2127 1429 2160 iu
1458 2127 1553 2161 Lex.
1586 2123 1730 2161 Herod.

1074 2183 1170 2218 Gail.
1194 2182 1274 2230 (lLe
1294 2180 1425 2231 philol.
1442 2181 1474 2216 V
1498 2194 1537 2231 p.
1557 2180 1638 2220 245
1650 2193 1729 2232 seq.

1074 2238 1171 2285 250)
1195 2238 1337 2274 Gallice
1372 2236 1480 2272 reddi
1514 2237 1595 2273 vult
1637 2238 1731 2273 irre'-

1069 2295 1219 2343 flexz'on.
1277 2294 1342 2330 Tu
1372 2292 1448 2331 vid.
1473 2292 1616 2329 Herod.
1648 2293 1730 2341 Vll,

1076 2351 1100 2388 9
1119 2351 1155 2395 ξ.
1179 2353 1204 2389 2
1224 2351 1351 2401 ibique
1374 2356 1468 2387 nott.
1489 2350 1558 2396 lx,
1574 2348 1612 2389 4.
1641 2350 1731 2385 Mu-

1075 2411 1193 2442 tatam
1225 2407 1402 2443 orationis
1436 2413 1663 2442 structuram
1690 2406 1730 2441 in

1076 2463 1198 2498 verbis
1229 2459 1310 2505 ἅμα
1337 2461 1408 2513 μὲν
1431 2483 1484 2489 -
1509 2459 1591 2512 ἅμα
1614 2459 1656 2500 δὲ
1678 2483 1729 2488 —-

1076 2514 1208 2558 ἐδόκει
1224 2521 1344 2569 attigit
1365 2517 1500 2556 Matth.
1520 2520 1586 2556 Gr.
1608 2519 1672 2557 Gr.
1692 2518 1730 2564 ξ.

1077 2577 1157 2615 633
1178 2589 1216 2625 p.
1242 2578 1360 2616 1301.

1132 2642 1349 2694 πυρσοῖσι]
1381 2643 1408 2681 i.
1441 2656 1475 2679 e.
1505 2641 1648 2678 facibus
1668 2641 1732 2677 in-

1077 2700 1195 2735 censis
1218 2707 1253 2736 et
1273 2713 1341 2750 per
1363 2698 1606 2750 Archipelagi
1625 2698 1732 2733 insu-

1075 2756 1130 2793 las
1159 2755 1235 2793 unzi
1262 2756 1341 2793 fere
1374 2757 1470 2794 serie
1504 2755 1732 2792 continuatis
