1839 3292
16 294 165 322 Masietae
168 297 247 331 ,post
258 296 294 324 fi-

16 328 77 355 liae
101 329 176 362 eius,

16 361 111 401 ipsius
130 363 295 403 regististo,

15 394 47 422 in
74 385 295 426 matrimonium

17 428 118 459 datae.

187 985 286 1033 109

204 329 296 357 Dario

349 186 434 228 358

723 189 1190 227 HERODOTI

353 294 403 340 εὖ
440 296 524 352 γὰρ
563 296 762 339 ἐπίστατο
805 298 900 352 βίης
932 296 985 339 οὐ
1014 297 1297 353 τευξομένη·)
1337 298 1532 343 ἐνθαῦτα
1564 299 1616 356 δὴ
1632 306 1674 342 15

355 363 516 419 Ξέρξης
556 363 789 420 ἐργόμενος
831 367 919 406 τῶν
948 363 1106 415 ἄλλων,
1155 365 1336 420 πρήσσει
1365 367 1442 411 τὸν
1475 366 1619 422 γάμον

351 436 512 476 τοῦτον
540 438 600 488 τῷ
629 432 751 474 παιδὶ
775 435 834 487 τῷ
865 430 1033 475 ἑωυτοῦ
1062 435 1256 491 Δαρείῳ,
1292 435 1512 490 θυγατέρα
1542 440 1618 493 τῆς

349 500 558 557 γυναικός
568 498 724 555 ταύτης
735 500 807 543 καὶ
829 502 1076 544 Μασίστεω·
1114 502 1282 545 δοκέων
1295 499 1433 557 αὐτὴν
1448 507 1618 558 μᾶλλον

322 568 626 623 ὃλάμψεσθαι,
675 565 731 623 ἦν
761 572 897 612 ταῦτα
927 567 1100 625 ποιήσῃ.
1139 567 1336 625 ἁρμόσας
1366 569 1434 622 δὲ,
1465 573 1538 615 καὶ
1569 573 1621 616 τὰ

350 634 612 691 νομιζόμενα
647 635 853 692 ποιήσας,
894 636 1115 692 ἀπήλαυνε
1144 637 1187 689 ἐς
1224 641 1394 681 Σοῦσα.
1432 637 1543 684 Ἐπεὶ
1577 642 1677 685 δὲΞο

351 702 442 746 ἐκεῖ
467 719 510 746 τε
540 703 716 748 ἀπίκετο
747 706 822 747 καὶ
849 704 1031 760 ἠγάγετο
1062 706 1105 756 ἐς
1130 706 1299 750 ἑωυτοῦ
1339 709 1514 766 Δαρείῳ
1541 708 1622 764 τήν

351 777 560 827 γυναῖκα,
593 770 709 815 οὕτω
741 773 793 828 δή
815 777 889 828 τῆς
918 774 1150 817 Μασίστεω
1177 776 1256 832 μὲν
1285 776 1498 831 γυναικός
1523 774 1623 819 ἐπέ-

351 853 517 890 παυτο,
546 839 569 881 ὁ
598 841 643 884 δὲ
674 840 1010 897 διαμειψάμενος
1039 840 1124 897 ἤρα
1154 860 1198 887 τε
1228 845 1301 887 καὶ
1323 843 1525 899 ἐτύγχανε
1545 848 1623 900 τῆς

352 908 547 960 Δαρείου
576 908 655 963 μὲν
681 909 908 965 γυναικὸς,
940 912 1172 954 Μασίστεω
1205 911 1249 954 ὁὲ
1270 910 1516 966 θυγατρὸς·
1548 909 1622 954 οὔ·

353 990 468 1029 νομα
513 975 559 1018 δὲ
589 980 643 1033 τῇ
670 978 848 1033 γυναικὶ
877 978 1012 1035 ταύτῃ
1042 975 1097 1034 ἧν
1126 977 1375 1035 Ἀρταΰντη.
1439 979 1621 1033 Χρόνου
1633 986 1678 1022 25

353 1044 400 1087 δὲ
433 1043 681 1099 προϊόντος,
712 1044 942 1090 ἀνάπυστα
965 1048 1131 1103 γίνεται
1150 1044 1299 1106 τρόπῳ
1329 1049 1497 1105 τοιῷδε.
1530 1047 1621 1100 ἐξυ-

295 1251 422 1290 iudice
443 1253 558 1290 etiam
579 1253 631 1291 sic
651 1254 891 1305 interpretari
909 1254 959 1291 li-

296 1311 422 1347 cebit:
461 1311 652 1359 abstinens,
675 1311 873 1349 valedicens
901 1323 960 1349 ce-

296 1369 382 1405 teris
413 1368 483 1404 viis
512 1369 593 1405 scil.
630 1382 701 1405 nec
734 1369 771 1406 vi
801 1370 857 1405 uti
888 1382 960 1405 nec

294 1437 408 1475 porro
434 1424 571 1461 frustra
599 1425 798 1462 sollicitare
824 1426 960 1462 mulie-

295 1493 380 1518 rem
399 1482 545 1519 volens.

353 1532 523 1588 πρήσσει
563 1534 635 1577 τὸν
670 1533 830 1590 γάμον]
870 1539 896 1578 i.
924 1551 959 1575 e·

297 1593 462 1642 studiose,
500 1595 686 1644 diligenter
715 1598 788 1643 egit
814 1596 960 1645 nuptias

290 1651 382 1701 filii,
400 1652 462 1687 cui
480 1652 579 1688 illius
602 1652 771 1688 mulieris
787 1652 863 1687 filia
884 1664 960 1687 nu-

299 1708 419 1744 beret.
477 1709 653 1760 Namque
673 1706 874 1759 θυγατέρα
894 1721 961 1759 per

299 1765 578 1814 appositionem
619 1764 861 1802 antecedenti
891 1762 961 1804 τὸν

298 1816 429 1873 γάμον
450 1821 560 1858 adiici
580 1829 726 1872 putem.
764 1820 963 1858 Vid.P1u-

297 1876 420 1918 tarch.
442 1880 614 1916 Amator.
636 1893 674 1930 p.
694 1879 774 1919 749
798 1880 831 1914 D
852 1885 888 1915 et
916 1877 964 1915 de

299 1934 407 1971 verbi
446 1931 642 1986 πρήσσειν
687 1935 962 1985 significatione

297 1990 426 2041 Viger.
458 1993 515 2028 De
548 1992 766 2029 idiotismm.
800 2006 838 2043 p.
868 1995 963 2032 290.

299 2047 381 2084 Ast.
396 2046 444 2084 ad
459 2050 611 2090 Platon.
632 2048 796 2085 Phaedr.
815 2062 853 2099 p.
868 2051 963 2089 330.

299 2125 356 2132 —
379 2103 477 2143 Susa
496 2108 643 2156 regiam
668 2108 871 2143 Persarum
901 2106 964 2141 in-

297 2162 418 2212 telligi
449 2162 593 2212 sedem,
612 2176 724 2214 supra
745 2164 823 2199 iam
835 2163 964 2199 moni-

297 2224 397 2256 ium.

356 2273 440 2314 ἐκεῖ
456 2290 496 2314 τε
519 2271 701 2324 ἀπίκετο]
733 2274 817 2315 ε’κεῖ
833 2290 873 2314 τε
894 2288 962 2326 pro

297 2332 404 2381 vulg.
426 2330 560 2380 ἐκεῖσε,
572 2334 793 2370 Florentino
809 2333 963 2368 iubente

301 2390 479 2426 revocavi
521 2402 610 2425 cum
648 2396 808 2425 recentt.
876 2387 962 2427 vid.

303 2451 399 2483 nott.
430 2445 478 2482 ad
509 2445 713 2493 V11,147.
770 2444 832 2482 Ad
858 2459 963 2497 seqq.

303 2502 419 2539 veiha
448 2498 571 2555 ἤγαγε
558 2518 618 2542 το
647 2501 686 2548 ἐς
715 2501 864 2541 ἑωυτοῦ
881 2506 965 2540 Δα-

305 2558 399 2611 ρείῳ
427 2574 500 2609 τήν
530 2562 702 2611 γυναῖκα
737 2558 838 2595 conf.
871 2566 964 2595 nott.

305 2613 393 2661 adl,
415 2616 480 2656 59.
496 2617 559 2664 IV,
571 2619 639 2657 78.
669 2617 769 2652 Hinc
788 2617 860 2661 IX,
873 2618 965 2656 1112

306 2672 358 2723 τῷ
378 2669 711 2725 παιδι-ἤγαγεν
727 2676 908 2724 γυναῖκα.

365 2725 385 2766 ὅ
421 2726 464 2766 δὲ
503 2725 837 2780 διαμειψάμενος]
870 2730 894 2765 i·
931 2743 963 2766 e.

308 2795 422 2821 cantore
449 2798 510 2822 suo
540 2790 762 2835 commutato,
793 2787 866 2823 alio
888 2799 964 2838 quo

1015 1253 1201 1292 translato.
1238 1274 1294 1281 —
1343 1251 1456 1300 Quod
1484 1254 1678 1306 sequitur:

1017 1307 1203 1363 ἐτύγχανε
1249 1312 1321 1360 τῆς
1367 1309 1558 1363 γυναικός
1603 1318 1677 1349 est:

1017 1368 1195 1406 mulierem
1223 1366 1273 1403 ad
1304 1380 1404 1404 suam
1431 1368 1599 1418 perduxit
1618 1381 1679 1405 vo-

1019 1426 1187 1463 luntatem
1219 1437 1328 1473 eaque
1358 1428 1493 1474 potitus
1515 1428 1576 1461 est.
1634 1427 1680 1461 In

1019 1483 1133 1520 simili
1153 1495 1193 1518 re
1218 1479 1446 1518 Plutarchus
1475 1483 1571 1519 Mar.
1605 1480 1678 1521 14:

1016 1538 1084 1578 καὶ
1113 1533 1304 1585 πολλάκις
1342 1540 1494 1591 πειρῶν
1532 1533 1609 1579 ov'x
1639 1537 1680 1579 ε’-

1016 1593 1246 1647 τύγχανε.

1238 1650 1330 1702 Cap.
1359 1651 1461 1688 CIX.

1075 1702 1283 1747 οἷνοῖπυστα
1312 1707 1487 1759 γίνεται]
1537 1706 1595 1744 Cf.
1615 1707 1681 1756 Vl,

1019 1766 1085 1805 66.
1143 1766 1201 1800 De
1222 1765 1376 1802 Amestri
1393 1764 1531 1801 Xerxis
1546 1777 1681 1812 uxore,

1020 1822 1068 1858 ob
1101 1820 1362 1858 crudelitatem
1391 1821 1491 1858 male
1520 1820 1611 1857 notit
1632 1821 1680 1862 cf.

1020 1879 1098 1917 citt.
1133 1877 1181 1914 ad
1210 1879 1290 1925 Vll,
1323 1880 1386 1918 61.
1419 1876 1512 1918 114.
1577 1876 1681 1915 Add-

1020 1936 1185 1971 Heeren.
1205 1933 1337 1971 Ideen.
1357 1936 1387 1982 Ι,
1404 1937 1420 1974 1
1439 1948 1477 1985 Ρ.
1493 1932 1681 1975 421.466

1019 2005 1124 2044 seqq.
1183 1992 1262 2028 Nec
1281 2005 1371 2029 sane
1394 1990 1465 2027 hoc
1487 1992 1533 2027 ab
1558 1992 1684 2028 orien-

1019 2050 1065 2085 tis
1107 2049 1277 2085 moribus
1322 2049 1547 2085 institutisve
1589 2049 1685 2084 alie-

1019 2119 1128 2153 num,
1171 2104 1276 2157 quod
1315 2106 1447 2155 regina
1476 2105 1537 2141 vel
1567 2106 1684 2141 etiam

1019 2163 1118 2212 regis
1152 2169 1275 2198 mater
1317 2174 1514 2198 summum
1552 2161 1683 2197 locum

1021 2220 1362 2269 auctoritatemque
1390 2219 1429 2253 in
1460 2218 1563 2266 regia
1596 2218 1683 2254 aula

1021 2276 1208 2319 obtineat,
1234 2276 1390 2325 eiusque
1416 2275 1572 2311 consilio
1596 2287 1683 2311 om-

1020 2346 1086 2368 nes
1107 2333 1186 2368 fere
1216 2345 1272 2368 res
1297 2332 1472 2381 publicae
1492 2344 1684 2382 peragan-

1020 2396 1105 2426 tur:
1157 2401 1254 2440 quae
1285 2389 1461 2425 mutieres
1495 2395 1683 2439 quantum

1022 2447 1159 2482 abusae
1186 2446 1325 2482 fuerint
1359 2444 1429 2481 hac
1460 2446 1681 2482 auctoritate

1023 2502 1070 2539 ad
1092 2504 1253 2553 privatas
1276 2502 1499 2552 cupiditates
1520 2503 1682 2552 explen-

1023 2558 1101 2606 das,
1119 2566 1183 2595 ant
1200 2573 1313 2595 omne
1331 2558 1559 2595 crudelitatis
1569 2572 1682 2595 exer-

1023 2615 1189 2652 cendum
1219 2629 1351 2666 genus,
1373 2617 1459 2653 satis
1481 2615 1590 2652 docet
1620 2614 1681 2651 hi-

1021 2674 1157 2709 storia:
1190 2681 1252 2720 nt,
1276 2687 1372 2725 quae
1395 2672 1430 2709 h.
1453 2673 1478 2709 1.
1501 2685 1682 2709 enarren-

1022 2737 1102 2778 tur,
1141 2728 1189 2765 ad
1218 2743 1353 2766 verum
1376 2730 1550 2780 proxime
1577 2741 1682 2765 acce-

1022 2785 1111 2823 dere
1132 2788 1292 2823 minime
1323 2786 1549 2824 dubitemus.
1608 2785 1681 2821 At-
