1839 3292
492 229 950 269 CALLIOPE.
1005 230 1087 267 IX.
1330 233 1414 274 227

167 355 348 400 σαμενος
375 338 592 395 μεγάλως,
626 337 770 382 ἐκάλεε
799 338 870 382 ἐπὶ
898 338 1030 390 ξείνια
1060 335 1196 381 αὐτόν
1223 353 1268 381 τε
1286 341 1416 394 Μαρ-

163 411 312 456 δόνιον
350 407 423 452 καὶ
466 405 733 463 πεντήκοντα
778 405 987 460 Περσέων
1024 405 1132 456 τούς
1171 405 1416 461 λογιμωτά-

163 493 283 527 τους·
322 475 554 531 κληθὲντες
595 475 640 518 δὲ
680 473 804 518 οὗτοι
843 475 1014 518 ἕποντο.
1070 467 1127 529 ἦν
1168 473 1213 516 δὲ
1250 472 1299 518 τό
1331 476 1470 517 δεῖ-30

42 541 106 587 16
160 560 275 588 πνον
317 543 577 599 ποιεύμενον
621 541 667 585 ἐν
706 542 882 598 Θήβῃσι.
959 538 1072 582 Τάδε
1110 539 1193 596 ἤδη
1239 542 1292 584 τὰ
1321 542 1412 585 ἐπί.
1469 557 1573 618 ξῗηιέ)
1597 558 1638 618 ³3¹
1664 559 1742 588 inter

159 615 292 654 λοιπα
329 610 497 667 ἤκουον
542 608 846 664 Θερσάνδρου,
892 606 1055 662 ἀνδρὸς
1093 607 1172 662 μὲν
1215 608 1413 665 Ὀρχομε-
1466 600 1698 686 Βιὲιῖὁῗιῗεηΐῑῗιὲι

131 680 288 730 Ξνίου,
318 680 501 733 λογίμου
532 677 576 720 δὲ
604 677 646 726 ἐς
671 678 724 719 τὰ
753 679 904 731 πρῶτα
933 675 980 718 ἐν
1005 673 1265 733 Ὀρχομενῷ.
1325 678 1410 734 ἔφη
1466 667 1667 753 ἒςῗιῗῆἑῗῖιῖῗιι
1692 668 1741 721 iia-

159 745 205 789 δὲ
235 744 258 788 ὁ
294 746 567 799 Θέρσανδρος
595 748 812 799 κληθῆναι
840 743 913 786 καὶ
944 741 1076 793 αὐτός
1101 741 1189 786 ὑπό
1218 740 1411 800 Ἀτταγί-
1486 729 1556 755 ¹¹⁰⁹*

159 829 243 856 νου
272 813 338 856 ἐπὶ
367 812 416 856 τό
448 815 626 856 δεῖπνον
655 815 806 855 τοῦτο·
836 814 1056 867 κληθῆναι
1086 809 1132 853 δὲ
1161 810 1232 853 καὶ
1255 815 1468 869 Θηβαί-35

159 895 222 922 ων
251 879 414 934 ἄνδρας
453 879 743 935 πεντήκοντα·
782 880 856 923 καί
887 891 1034 934 σφεων
1075 876 1128 920 οὐ
1155 880 1286 934 χωρὶς
1315 880 1415 925 ἑκα-

159 947 313 1002 τέρους
342 951 498 999 κλῖναι,
531 946 636 990 ἀλλά
668 948 842 1003 Πέρσην
870 962 915 990 τε
936 946 1008 990 καὶ
1031 948 1227 1001 Θηβαῖον
1253 947 1300 990 ἐν
1328 950 1415 992 κλί-

128 1019 218 1071 3νῃ
249 1014 419 1071 ἑκάστῃ.
481 1012 539 1066 ὦς
560 1015 606 1058 δὲ
630 1014 714 1059 ἀπὸ
737 1017 916 1058 δείπνου
946 1008 1078 1070 ἦσαν,
1109 1013 1415 1065 διαπινόντων,

155 1081 234 1124 τὸν
264 1081 438 1140 Πέρσην
469 1083 548 1127 τὸν
569 1083 826 1140 ὁμόκλινον,
853 1081 1036 1126 Ἑλλάδα
1051 1085 1251 1138 γλῶσσαν
1281 1084 1413 1137 ἱέντα,

99 1235 249 1271 Mffller.
290 1231 521 1271 Orchomen.
567 1248 657 1286 pag.
689 1237 754 1282 27,
813 1235 944 1272 κλῖναι
979 1233 1005 1271 i.
1042 1246 1076 1270 e.
1107 1233 1289 1272 collocasse
1329 1237 1468 1273 seorsim

101 1303 218 1342 quem
237 1289 365 1327 laudat
387 1290 471 1339 Cr.,
490 1291 555 1342 qui
573 1291 619 1328 de
632 1290 754 1343 Phry·
812 1294 976 1338 utrosque
1015 1291 1054 1326 in
1093 1289 1200 1330 lectis.
1259 1290 1322 1328 Ad
1356 1305 1468 1329 usum

99 1360 202 1383 none
223 1348 309 1384 citat
328 1345 525 1384 Thiersch.
545 1347 692 1398 Epoch.
715 1347 750 1385 d.
809 1347 912 1383 vocis
925 1344 1132 1396 ἑκατέρους
1142 1349 1343 1398 pertinent,
1370 1362 1467 1401 quae

102 1402 195 1440 bild.
214 1405 344 1440 Kunst.
366 1417 404 1453 p.
424 1404 477 1443 80
495 1402 554 1443 ed.
573 1406 686 1455 prior.
706 1418 747 1454 p.

99 1462 182 1500 276
206 1467 284 1500 not.
316 1458 376 1495 ed.
398 1460 560 1496 alterius.
599 1483 651 1489 —
689 1460 752 1497 Ad

98 1515 332 1552 locutionem
351 1514 416 1553 ἐπὶ
433 1515 557 1562 ξείνια
586 1517 684 1554 conf.
705 1517 750 1565 V,

101 1573 152 1612 18
170 1572 299 1624 ibique
314 1571 437 1610 allata.

317 1628 408 1678 Cap.
430 1629 534 1665 XVI.

152 1682 316 1735 λογίμου
347 1682 390 1722 δὲ
433 1683 473 1732 ἐς
509 1680 557 1723 voi
594 1685 750 1736 πρῶτα]

97 1739 129 1776 V
130 1739 231 1776 irum
250 1741 425 1790 intelligit
445 1743 596 1778 maxime
615 1755 644 1780 s,
663 1744 753 1779 inter

91 1799 222 1846 primos
239 1800 441 1847 spectatum.
477 1798 541 1835 Sic
562 1798 623 1846 VI,
649 1801 750 1838 100:

98 1849 177 1891 ἐών
193 1855 273 1891 τῶν
291 1849 519 1905 Ἐρετριέων
545 1851 593 1892 τὰ
617 1857 754 1904 πρῶτα

98 1915 136 1944 et
154 1910 234 1956 IX,
264 1911 328 1949 78.
387 1910 469 1955 Quo
499 1909 635 1947 eodem
650 1910 754 1947 haud

96 1965 174 2002 scio
195 1978 243 2001 an
263 1966 449 2015 pertineat
475 1980 628 2018 quoque
650 1963 755 2016 οἷνή-

97 2035 182 2060 κειν
225 2020 264 2067 ἐς
310 2018 364 2060 τοὶ
407 2025 596 2074 πρῶτα.
628 2044 677 2051 —
700 2025 753 2079 ‘In

98 2077 406 2115 antecedentibus
441 2078 489 2115 ad
516 2081 632 2116 verba
658 2081 754 2119 ταδε

99 2132 141 2173 δὲ
163 2133 239 2171 vid.
263 2141 358 2171 nott.
388 2133 436 2171 ad
465 2136 555 2184 VII,
588 2136 613 2176 5
648 2143 684 2174 et
706 2135 753 2173 de

96 2190 171 2227 loci
203 2198 427 2241 argumento
463 2193 607 2230 consul.
639 2193 682 2230 C.
709 2194 752 2231 Ο.

97 2247 245 2284 Mijller.
283 2246 513 2286 Orchomen.
542 2262 631 2301 pag.
657 2249 752 2298 415,

100 2315 122 2339 a
143 2303 214 2342 Cr.
242 2303 454 2343 laudatum.

153 2360 221 2398 καί
243 2372 375 2409 σφεων
402 2356 450 2400 οὔ
473 2358 592 2412 χωρὶς
621 2358 754 2400 ἑκατέ-

102 2428 196 2463 ρους
206 2417 348 2466 unvai]
366 2418 470 2454 Unus
481 2417 603 2454 codex
618 2416 752 2467 σφέας.

101 2470 208 2507 Valla
234 2471 327 2509 haec
356 2475 408 2510 sic
446 2475 613 2524 accepit:
649 2478 754 2524 atque

102 2529 240 2564 seorsim
303 2532 464 2579 utrosque
528 2531 752 2568 discubuisse.

101 2583 233 2619 Malim
248 2584 424 2635 equidem
435 2599 522 2622 cum
534 2586 754 2637 Schweigh.

101 2640 294 2676 transitivo
319 2654 432 2678 sensu
459 2644 627 2693 accipere
665 2657 754 2680 ver-

104 2695 196 2732 bum
213 2696 360 2735 κλίνειν
381 2697 504 2748 (quod
522 2700 752 2738 intransitive

101 2753 194 2801 poni
211 2751 387 2803 equidem
403 2755 559 2803 probare
570 2757 752 2807 nequeo),

101 2808 154 2844 ita
172 2815 214 2846 ut
234 2810 434 2859 Attaginus
452 2809 586 2862 hospes
611 2812 756 2850 dicatur

808 1401 857 1439 ad
876 1403 929 1437 III
945 1431 954 1448 ,
976 1403 1002 1441 8
1022 1404 1164 1442 notavi.

866 1456 919 1504 ὥς
948 1455 991 1496 δὲ
1034 1453 1111 1497 α’πὸ
1143 1459 1309 1498 δείπνου
1339 1453 1465 1513 ἦσαν]

807 1513 893 1553 vid.
915 1520 1012 1551 nott.
1035 1514 1083 1550 ad
1103 1515 1157 1563 V,
1181 1517 1246 1564 18,
1267 1516 1333 1552 ubi
1354 1518 1469 1553 etiam

809 1569 856 1607 de
895 1571 1011 1608 verbo
1052 1571 1272 1620 διαπίνειν,
1317 1571 1363 1609 de
1391 1586 1467 1626 quo

812 1627 878 1665 Cr.
903 1628 1016 1663 etiam
1046 1629 1208 1665 conferri
1234 1629 1316 1666 vult
1335 1630 1468 1667 Plato-

808 1684 866 1720 nis
893 1685 1097 1735 Rempubl.
1118 1686 1190 1734 IV,
1223 1688 1243 1725 1
1267 1698 1356 1736 pag.
1385 1686 1464 1727 421

808 1753 896 1791 pag.
932 1743 1011 1781 167
1035 1740 1161 1779 Bekk.
1213 1741 1276 1779 Ad
1305 1756 1468 1793 sequens

811 1792 1079 1837 διαπινόντων
1133 1800 1256 1850 suppl.
1319 1796 1468 1839 αὐτῶν.

811 1854 954 1890 Sensus
992 1861 1073 1892 est:
1120 1868 1195 1892 cum
1238 1855 1345 1892 coemi
1382 1869 1470 1906 per-

811 1914 894 1946 acta
919 1910 1066 1960 hospites
1091 1914 1250 1948 certatim
1280 1912 1392 1950 hibere
1410 1915 1470 1950 in-

812 1968 982 2016 ciperent:
1000 1966 1103 2003 unde
1123 1970 1209 2005 satis
1229 1975 1344 2019 patet,
1361 1982 1474 2021 quan-

808 2029 892 2059 tum
912 2024 976 2059 illa
1001 2031 1122 2060 aetate
1148 2037 1170 2061 a
1199 2026 1321 2076 prisca
1348 2039 1470 2077 eaque

808 2081 985 2116 severiori
1028 2079 1242 2132 disciplina,
1283 2081 1359 2132 qu&
1388 2095 1469 2119 non

809 2137 882 2173 nisi
904 2149 1042 2187 aquam
1070 2138 1198 2174 bibere
1225 2138 1466 2186 iubebantur,

808 2199 902 2229 teste
927 2192 1120 2230 Herodoto
1150 2196 1184 2242 Ι,
1215 2197 1286 2241 71,
1328 2196 1467 2232 Persae

810 2248 1112 2292 desciverint‚—
1131 2250 1193 2287 Ad
1212 2251 1327 2287 verba
1341 2253 1469 2304 γλῶσ-

810 2318 884 2344 σαν
911 2305 1012 2345 ἱέναι
1057 2307 1157 2344 conf.
1191 2314 1287 2344 nott.
1324 2307 1371 2344 ad
1400 2308 1464 2356 IV,

811 2362 904 2403 135.
960 2364 1066 2400 Dixit
1087 2370 1214 2401 autem
1235 2366 1370 2401 Noster
1386 2362 1449 2402 Ἑλ

809 2415 910 2457 acida
952 2422 1134 2472 γλῶσσαν
1154 2448 1166 2467 ,
1210 2420 1463 2472 quemadmo-

810 2474 923 2522 dum,
974 2478 1196 2514 observante
1217 2477 1303 2525 C=r.,
1334 2478 1464 2527 Βαβυ-

808 2534 914 2571 λῶνα
928 2535 1106 2584 γλῶσσαν
1136 2546 1196 2583 ap.
1230 2532 1342 2570 Phot.
1363 2534 1464 2571 Bibl.

809 2590 864 2625 Gr
879 2618 890 2628 .
914 2602 1002 2639 pag.
1025 2592 1118 2629 937.
1173 2590 1245 2634 Qui
1265 2589 1370 2626 idem
1393 2590 1463 2627 Cr.

809 2644 971 2682 conferri
1009 2646 1089 2681 vult
1121 2643 1312 2683 Chardon.
1346 2646 1394 2683 de
1426 2647 1463 2683 la

808 2700 991 2737 Rochette
1011 2702 1203 2752 Melanges
1236 2703 1319 2740 Vol.
1340 2705 1358 2739 I
1376 2716 1466 2754 pag.

812 2760 878 2797 19.
948 2756 1142 2794 Schaefer.
1180 2759 1323 2799 Melett.
1367 2761 1464 2799 critt.

811 2827 851 2865 p.
881 2815 947 2854 39.
977 2812 1027 2854 41
1051 2821 1087 2851 et
1107 2814 1250 2852 Herod.
1270 2817 1313 2865 I,
1345 2819 1409 2857 60.

1110 2870 1196 2911 15*
