1839 3292
1 3180 4 3292 l

581 222 611 259 Ι.
639 220 801 258 INDEX
827 220 1015 258 RERUM.

71 336 321 374 Enneacrunos,
345 332 422 366 fons
452 330 497 365 ad
520 331 684 373 Athenas,
714 330 776 373 VI,

115 381 183 413 137
206 383 274 412 not.

69 425 266 459 Enucaodoi
290 419 435 466 (Ἐννέα
451 418 591 466 Daoi),
624 423 775 456 Novem-

112 472 202 510 viae‚
223 468 289 502 loci
313 479 448 508 nomen,
471 468 546 509 ῘΙΙ,
570 468 637 501 114
660 472 731 502 not.

67 515 271 549 Enomotiae
293 514 552 556 Spartanorum,
577 514 606 555 Ι,
634 513 679 547 65
700 516 770 547 not.

65 561 177 594 Eorcli
199 571 291 603 pop„
319 559 392 600 VII,
418 558 484 593 185
507 564 577 594 not.

65 607 231 651 Epaphus
272 616 294 638 a
326 605 467 638 Graecis
504 608 646 639 vocatur
688 603 772 647 Apis

110 651 375 696 Aegyptiorum,
394 651 438 692 II,
462 649 529 684 153
551 655 620 691 not,
644 650 706 692 ΠΙ,
726 649 772 683 27

109 703 177 730 not.
203 696 260 730 28.
449 729 454 735 ,

64 743 206 786 Epaphi
228 743 335 775 boves
357 752 479 781 mares,
503 739 547 781 ΙΙ,
570 739 615 773 38
634 742 702 773 not.

66 789 231 834 Ephesus,
253 787 374 820 civitas
400 787 535 826 Ionum,
558 786 586 826 I,
611 784 678 818 142
701 787 769 819 not.

110 835 156 875 11,
180 833 224 866 10
251 837 284 866 et
305 831 383 865 158.
406 844 446 865 ex
471 832 607 874 Epheso
630 832 674 864 ad
689 831 772 864 Sar-

110 880 169 912 des
190 879 266 918 iter,
291 878 332 917 V,
356 876 410 910 54.
449 877 659 919 Ephesinum
681 881 770 911 tem-

108 925 217 968 plum,
241 923 286 964 ΙΙ,
310 921 389 955 148.
420 923 564 966 Ephesii
587 923 715 956 obsessi
748 933 771 956 a

109 970 235 1003 Croeso
258 968 379 1001 urbem
410 979 508 1001 suam
538 969 664 1002 donant
686 969 771 1002 Dia-

107 1026 182 1056 nae,
217 1013 246 1055 1,
278 1013 334 1047 26.
371 1015 438 1047 soli
472 1025 515 1047 ex
544 1014 684 1048 Ionibus
724 1015 769 1047 ab

109 1059 285 1102 Apaturiis
303 1059 399 1092 festis
422 1060 626 1101 arcentur‚l,
638 1059 714 1093 147.
728 1060 768 1103 *)

62 1106 262 1151 Ephialtes,
291 1105 492 1149 Eurydemr
512 1105 625 1145 filius,
658 1107 772 1139 Ther-

105 1152 327 1196 mopylarum
371 1151 534 1194 proditor,
579 1151 654 1193 vn,
702 1151 770 1184 213

105 1202 178 1231 not.
204 1207 298 1240 seqq.
321 1196 393 1231 eius
416 1197 503 1241 fuga
534 1199 568 1230 et
598 1197 768 1241 interitus,

106 1243 184 1282 VII,
206 1242 286 1275 213.

61 1289 196 1334 Ephori
212 1288 360 1331 Spartae
381 1298 402 1321 a
425 1287 586 1331 Lycurgo
614 1287 771 1328 instituti,

106 1335 137 1374 I,
171 1332 216 1367 65
248 1337 318 1367 not.
359 1344 381 1366 a
424 1334 607 1366 C!e0mene
650 1334 772 1367 moniti

105 1379 346 1413 Maeandrium
366 1378 522 1412 Samium
535 1379 659 1422 Sparta
679 1380 772 1412 exire

105 1425 237 1467 iubent,
269 1425 332 1466 III,
374 1423 453 1460 148.
497 1425 771 1458 Anaxandridem

105 1482 226 1514 regem
264 1475 422 1514 monent,
464 1481 506 1503 ne
542 1471 770 1515 Eurysthenis

105 1528 214 1561 genus
232 1516 388 1559 intereat,
414 1517 458 1555 V,
476 1515 521 1549 39
544 1522 613 1550 not.
639 1528 708 1559 seq.
733 1528 770 1549 e-

105 1563 226 1605 phori,
259 1562 317 1605 qui
339 1573 418 1595 cum
440 1562 598 1595 Aristone
629 1562 665 1595 in
688 1574 769 1596 con-

105 1619 200 1641 sessu
237 1608 409 1648 sedebant,
441 1612 542 1640 testes
565 1608 723 1641 advocati
748 1619 770 1641 a

104 1653 327 1697 Leotychide,
344 1653 402 1694 VI,
417 1652 472 1686 63.
485 1651 539 1687 65.
555 1665 609 1697 ap.
622 1655 769 1694 ephoros

105 1699 305 1731 Cleomenes
327 1710 388 1731 rex
410 1708 603 1742 accusatur,
630 1700 688 1740 VI,
709 1699 766 1733 82.

104 1744 227 1787 ephori
250 1747 353 1777 noctu
376 1744 582 1778 Pausaniam
606 1757 683 1778 cum
708 1758 767 1779 ex-

102 1789 211 1823 ercitu
235 1790 360 1831 Sparta
382 1790 551 1831 emittunt,
577 1791 636 1833 lx,
660 1791 764 1835 9seq.

103 1835 225 1877 ephori
256 1835 291 1868 in
316 1836 448 1875 castris,
471 1837 530 1876 IX,
554 1836 611 1870 76.
646 1838 765 1879 Epho-

102 1891 222 1914 rorum
245 1886 402 1923 potestas,
426 1883 464 1918 V,
488 1882 534 1915 39
556 1886 626 1919 not.
649 1883 706 1924 Vl,
720 1882 766 1917 82

104 1930 173 1959 not.
198 1927 305 1968 curia,
326 1926 386 1967 VI,
410 1926 455 1960 63
478 1933 547 1963 not.

63 1971 301 2015 Epicharmus,
326 1972 402 2010 VII,
422 1973 489 2006 164
513 1977 585 2008 not.

59 2018 237 2061 Epicydes,
264 2017 388 2051 Glauci
413 2024 523 2061 pater,
543 2019 601 2061 VI,
624 2018 679 2053 86.

58 2063 250 2105 Epfflanus,
274 2063 344 2097 vid.
369 2065 560 2107 Apidanus.

59 2109 278 2152 Epidaurus,
341 2117 535 2154 expugnata
568 2122 588 2144 a
625 2110 766 2144 Perian—

103 2154 176 2196 dro,
202 2154 264 2195 III,
283 2152 340 2189 52.
356 2156 435 2188 coil.
460 2168 489 2189 c.
513 2155 568 2189 50.
592 2157 767 2199 Epidauro

104 2200 238 2232 oriundi
268 2200 465 2244 Aeginetae,
498 2202 587 2243 vm,
619 2202 673 2235 43.
711 2202 767 2235 46.

103 2244 164 2288 qui
200 2246 392 2288 Epidauriis
422 2249 589 2290 quondam
623 2248 769 2281 subiecti

105 2290 150 2322 ab
175 2290 217 2323 iis
241 2292 410 2333 deficiunt,
445 2294 483 2335 V,
509 2292 554 2326 83
575 2299 642 2327 not.
684 2294 768 2337 Epi-

106 2335 233 2369 dauriis
271 2341 381 2370 terrae
422 2339 600 2372 steriIitate
631 2339 768 2382 pressis,

107 2381 199 2414 oleas
234 2384 432 2424 permittunt
467 2385 702 2428 Athenienses,
733 2389 768 2420 et

1460 222 1543 262 493

879 329 968 362 inter
979 339 1037 361 eos
1061 330 1164 371 pacta
1176 329 1209 360 et
1222 327 1326 369 facta,
1343 328 1380 367 V,
1392 328 1437 362 82
1448 342 1540 373 seqq.

877 373 1059 418 Epidaurii
1097 374 1141 407 ad
1184 374 1356 413 Plataeas,
1388 375 1449 413 lx,
1483 376 1542 408 28.

876 419 1056 462 Epidaurii
1085 419 1268 453 Dorienses
1295 419 1331 452 in
1369 419 1469 460 Asia,
1511 421 1540 461 Ι,

874 467 952 500 116.

829 511 984 556 Epigoni
1006 510 1163 550 Homeri,
1186 510 1216 544 si
1238 510 1342 544 modo
1356 508 1429 543 eius
1451 512 1541 552 sunt,

875 558 930 598 IV,
955 556 1000 589 32
1023 560 1092 590 not.

827 602 1063 646 Epigramma
1094 601 1301 634 Mandroclis
1324 600 1447 641 Samii,
1481 600 1540 641 IV,

873 648 930 681 88.
974 648 1241 691 Epigrammata
1273 647 1307 679 in
1338 646 1539 689 Spartanos,

872 693 932 736 qui
965 694 1157 726 occubuere
1188 693 1232 725 ad
1270 693 1540 735 Thermopylas,

871 743 906 772 et
928 739 962 772 in
982 738 1184 782 Magistiam
1207 741 1332 777 vatem,
1360 739 1432 776 vll,
1457 737 1538 771 228.

872 784 1044 828 tripodum
1071 784 1193 818 litteris
1226 783 1385 817 Cadmeis
1416 784 1538 825 incisa,

871 832 914 871 V,
936 829 980 864 59
1004 842 1096 872 seqq.

824 876 1018 920 Epilepsia,
1041 876 1103 917 III,
1127 873 1172 908 33
1195 877 1265 908 not.

825 919 1096 962 Ἐπισκύθισον,
1120 921 1155 953 id
1179 924 1239 960 est,
1258 923 1337 964 Age
1351 919 1537 963 scytham.-

871 969 940 1001 hoc
963 972 1032 1009 est,
1061 968 1341 1010 intemperantius
1364 967 1455 1007 bibe,
1479 965 1539 1007 vl,

873 1013 918 1047 84
942 1018 1012 1046 not.

825 1059 1003 1103 Epistulae
1026 1058 1157 1091 occulte
1179 1057 1315 1095 missae,
1334 1057 1363 1100 Ι,
1388 1056 1456 1089 123
1466 1068 1537 1100 seq.

873 1106 913 1145 V,
944 1103 1000 1139 35.
1033 1104 1106 1146 vn,
1137 1103 1216 1137 239.
1250 1103 1340 1145 vul,
1364 1102 1442 1136 128.
1467 1103 1537 1136 vid.

872 1151 1037 1185 Litterae.

826 1196 1057 1240 Epistrophus
1066 1220 1077 1239 ,

874 1242 930 1282 Vl,
955 1241 1032 1275 127.

825 1288 963 1332 Epium,
999 1298 1076 1329 opp.
1099 1286 1312 1330 Minyarum,
1344 1285 1380 1318 in
1404 1285 1538 1318 Cauco-

872 1345 953 1366 num
977 1334 1114 1373 finibus,
1137 1333 1195 1373 IV,
1219 1331 1286 1365 148
1310 1336 1381 1366 not.
1407 1331 1468 1373 *Ὀ

826 1379 1001 1423 Epizelus,
1028 1379 1257 1422 Cuphagorae
1280 1377 1384 1417 filius,
1416 1387 1537 1410 caecus

869 1426 904 1458 in
945 1424 1020 1458 acie
1054 1424 1143 1457 miro
1175 1424 1277 1458 modo
1314 1424 1440 1465 faetus,
1479 1422 1537 1463 VI,

871 1471 938 1504 117
961 1473 1030 1503 not.

825 1516 1053 1560 Epizephyrii
1076 1514 1188 1554 Locri,
1212 1514 1272 1553 VI,
1298 1513 1343 1547 23
1366 1515 1436 1547 not.

824 1563 961 1607 Epulae
985 1563 1019 1595 in
1044 1561 1150 1602 festis,
1171 1561 1198 1603 I,
1217 1559 1273 1592 31.
1294 1560 1355 1602 VI,
1373 1558 1428 1593 57.
1453 1570 1536 1601 epu·

870 1608 911 1641 lis
935 1607 1127 1651 magnificis
1143 1608 1291 1639 Xerxem
1315 1605 1448 1648 excepit
1470 1606 1537 1648 Py-

870 1653 962 1686 thius
986 1654 1112 1696 Lydus,
1138 1652 1212 1692 HI,
1235 1651 1291 1685 27.
1317 1652 1386 1684 vid.
1411 1651 1535 1684 Coena.

822 1700 925 1743 Equa
956 1700 1107 1742 leporem
1140 1699 1259 1738 enixa,
1297 1698 1371 1741 Vll,
1395 1695 1441 1729 57
1465 1701 1536 1729 not.

867 1756 975 1787 equae
1007 1750 1074 1778 tres
1117 1744 1342 1788 Olympiacae
1373 1742 1536 1775 victorias

867 1792 1020 1834 adeptae,
1044 1791 1103 1824 ubi
1123 1793 1290 1831 sepultae,
1311 1789 1366 1831 VI,
1387 1787 1454 1821 103
1463 1792 1535 1822 not.

867 1848 1032 1879 equarum
1056 1838 1121 1879 Iac,
1148 1837 1204 1876 lv,
1228 1836 1250 1868 2
1273 1840 1342 1870 not.

822 1883 915 1925 Equi
944 1882 1096 1925 piscihus
1128 1886 1298 1914 vescentes
1339 1892 1395 1923 ap.
1425 1880 1535 1913 Paeo-

866 1939 938 1969 nes,
967 1928 1006 1968 V,
1031 1927 1075 1960 16
1098 1932 1167 1960 not.
1199 1931 1233 1960 et
1251 1939 1282 1970 p.
1310 1926 1378 1959 812
1402 1927 1444 1958 T.
1471 1925 1532 1958 ΙΙΙ.

867 1978 1039 2016 serf-antes
1070 1973 1236 2006 Sardibus
1275 1973 1467 2012 comedunt,
1504 1971 1533 2010 Ι,

866 2018 921 2051 78.
968 2019 1046 2061 equi
1078 2019 1168 2052 sacri
1202 2018 1335 2051 candidi
1375 2018 1409 2050 in
1450 2017 1535 2058 Cyri

865 2065 1026 2105 exercitu,
1050 2065 1077 2101 Ι,
1104 2064 1170 2098 189
1194 2068 1262 2097 not.
1286 2063 1363 2105 VII,
1388 2063 1443 2097 40.
1467 2061 1534 2094 114

866 2116 936 2143 not.
972 2111 1032 2149 III,
1054 2109 1099 2143 84
1124 2116 1193 2143 not.
1219 2110 1254 2142 in
1278 2110 1430 2142 exercitu
1446 2109 1535 2140 Xer-

866 2157 929 2197 xis,
963 2156 1036 2199 ΠΙ,
1060 2154 1116 2189 55.
1140 2155 1217 2198 equi
1252 2155 1410 2188 fluviales
1443 2153 1535 2196 apud

869 2202 1058 2245 Aegyptios
1082 2203 1183 2241 sacri,
1213 2213 1332 2234 eorum
1356 2206 1478 2233 natura
1500 2202 1534 2233 et

869 2248 1061 2289 descriptio,
1096 2248 1141 2286 II,
1175 2247 1229 2280 71.
1255 2247 1334 2289 equi
1358 2247 1533 2279 silvestres

869 2294 1016 2335 candidi,
1049 2293 1105 2336 IV,
1132 2293 1175 2327 52
1198 2297 1266 2326 not.
1308 2304 1412 2335 equos
1436 2302 1533 2333 prae-

869 2340 969 2382 cipue
999 2340 1180 2372 immolant
1203 2339 1364 2382 Scythae,
1400 2338 1459 2377 IV,
1487 2336 1533 2369 61

868 2390 902 2420 et
936 2386 1156 2430 Massagetae
1186 2385 1262 2419 Soli
1294 2385 1370 2426 deo,
1402 2383 1463 2423 ΙΙΙ,
1487 2382 1533 2416 84

1123 1193 1379 1238 Amphimnesti
1423 1196 1537 1238 pater,

150 2572 179 2624 Ἴ
203 2572 331 2606 Locum
348 2576 471 2609 veteris
496 2578 726 2621 Ephesium,
747 2582 786 2610 ut
810 2578 913 2621 vulgo
938 2578 1068 2619 volunt,
1094 2578 1137 2610 ad
1167 2577 1274 2610 vicum
1301 2574 1532 2608 Aia-Solone

61 2628 178 2668 quaen
195 2619 342 2660 debere,
370 2622 429 2655 sed
455 2624 498 2655 ad
515 2625 651 2668 ruinas,
675 2637 761 2668 quae
781 2624 921 2656 dimidio
941 2624 1145 2656 horae.hinc
1171 2623 1318 2661 distant,
1355 2621 1533 2653 contendit

58 2663 217 2696 Michaud
238 2665 468 2709 Correspond.
497 2670 659 2704 d’Orient.
682 2672 696 2703 1
719 2681 798 2714 pag.
819 2670 884 2704 287
904 2681 1012 2713 seqq„
1037 2670 1094 2702 ubi
1118 2675 1228 2702 totam
1244 2668 1421 2710 regionem
1437 2666 1532 2698 illam

59 2715 215 2741 accurate
233 2710 405 2746 describit.

134 2766 194 2818 ff)
230 2767 368 2801 Bobrik.
391 2769 424 2801 in
444 2771 627 2814 Berghaus.
646 2772 781 2805 Annali.
802 2782 937 2815 geogrr.
960 2770 1048 2805 1833
1067 2783 1101 2814 p.
1121 2769 1184 2804 185
1195 2781 1266 2813 seq.
1283 2769 1350 2803 hoc
1366 2768 1532 2813 oppidum

60 2816 344 2856 exstitisseputat
365 2827 385 2848 a
403 2817 545 2850 meridie
562 2818 632 2851 eius
649 2817 739 2859 loci,
765 2818 822 2862 qui
848 2829 936 2850 nunc
959 2823 1099 2850 vocatur
1120 2817 1268 2850 Fanari.
