1839 3292
385 169 471 210 286

788 169 1250 208 HERODOTI

384 278 439 322 ἂν
471 278 530 336 μὴ
558 279 726 322 ἰδοίατο
754 278 799 320 οἷ
828 277 996 331 Πέρσαι
1023 277 1393 335 ἐξορμεωμένους,
1423 281 1498 324 καί
1517 290 1654 336 σφεας

353 345 588 403 5ἕπόμενοι
618 343 876 399 ταράσσοιεν
905 346 950 388 οἱ
980 345 1168 388 ἱππόται.
1225 346 1505 403 ἀπικομένων
1535 349 1581 393 δὲ
1609 350 1653 401 ἐς

379 415 457 459 τὸν
484 418 632 471 χῶρον
667 415 829 455 τοῦτον
865 412 942 457 τὸν
984 413 1038 470 δὴ
1074 411 1100 470 ἡ
1132 413 1312 466 Ἀσωπὶς
1335 414 1502 474 Ὠερόη
1531 433 1652 473 περι-

381 484 563 538 σχίζεται
595 480 758 535 ῥέουσα
802 479 851 523 έκ
878 485 958 525 τοῦ
991 485 1295 538 Κιθαιρῶνος,
1339 483 1427 528 ὑπὸ
1456 485 1538 542 τήν
1569 485 1651 530 νύ·-

378 567 460 594 κτα
499 547 663 605 ταύτην
707 547 851 592 ἐδόκεε
888 549 990 601 τούς
1029 549 1208 607 ἡμίσεας
1247 550 1526 596 α’ποστέλλειν
1567 555 1648 596 τοῦ
1663 560 1708 594 ⁶20

381 617 682 671 στρατοπέδου
716 616 828 672 πρὸς
865 617 944 662 τόν
974 622 1257 674 Κιθαιρῶνα,
1299 620 1358 671 ὠς
1387 619 1652 676 ἀναλάβοιεν

380 684 485 736 τούς
519 685 716 737 ὀπέωνας
745 685 850 736 τούς
891 687 958 730 ἐπὶ
995 688 1047 730 τοὶ
1079 690 1193 731 σιτία
1224 687 1505 744 οἰχομένους·
1537 683 1651 744 ἦσαν

252 754 319 801 52
377 754 459 809 γὰρ
491 753 537 797 ἐν
570 758 631 813 τῷ
661 757 913 810 Κιθαιρῶνι
943 753 1299 811 ἀπολελαμμένοι.

47 821 94 862 lb}
127 821 196 849 dum
225 821 325 850 media

46 863 146 890 acles,
165 856 259 883 inscio
278 856 323 883 in-

47 890 170 924 vimque
196 889 308 916 Pausa-

47 924 97 950 nia
109 944 118 957 ,
141 925 223 959 ipsas
240 924 308 952 Pla-

47 960 131 985 taeas
148 957 235 994 petit,

1363 759 1511 800 Ταῦτα
1546 759 1650 812 βου-

381 822 666 877 λευσάμενοι,
706 825 854 880 κείνην
887 823 965 878 μὲν
1003 822 1083 878 τὴν
1112 822 1275 881 ἡμέρην
1305 829 1474 875 πᾶσαν,
1512 837 1651 880 προσ-

353 889 585 946 Ξκειμένης
621 893 697 947 τῆς
725 892 884 943 ἵππου,
926 889 1045 947 εἶχον
1076 891 1217 937 πόνον
1255 893 1460 947 ἄτρυτον.

1519 893 1578 945 ὡς
1607 895 1653 938 δὲ
1663 901 1706 935 25

381 959 411 1015 ἥ
438 975 482 1002 τε
511 958 648 1015 ἡμέρη
676 960 819 1016 ἔληγε,
848 959 923 1004 καὶ
952 961 996 1002 οἱ
1024 961 1174 1012 ἱππέες
1202 960 1462 1013 ἐπέπαυντο,
1491 962 1651 1012 νυκτὸς

382 1026 435 1083 δή
465 1027 720 1083 γινομένης,
758 1028 833 1071 καὶ
872 1029 1030 1086 ἐούσης
1066 1038 1140 1088 τῆς
1170 1029 1307 1085 ὥρης,
1346 1029 1388 1080 ἐς
1416 1028 1496 1084 τὴν
1526 1027 1648 1071 συνέ-

379 1094 498 1139 κειτό
526 1106 607 1151 σφι
623 1093 996 1150 ἀπαλλάσσεσθαι,
1028 1099 1220 1142 ἐνθαῦτα
1236 1097 1464 1152 ἀερθέντες
1489 1099 1533 1140 οἵ
1548 1101 1649 1140 πολ-

379 1162 451 1206 λοὶ
480 1160 834 1220 ἀπαλλάσσοντο,
874 1165 917 1218 ές
945 1166 1024 1224 μὲν
1051 1166 1130 1211 τὸν
1158 1169 1303 1223 χῶρον
1332 1165 1376 1217 ἐς
1414 1165 1493 1209 τὸν
1522 1165 1649 1209 συνέ-

383 1378 438 1429 αἷς
458 1376 703 1434 άναλάβοιεν
724 1397 761 1422 κ.
775 1399 809 1425 τ.
830 1383 879 1436 λ.]
900 1383 986 1424 Vid-

325 1440 395 1488 IX,
418 1439 471 1481 50
482 1438 546 1477 fin.
564 1438 629 1478 ἐπὶ
649 1436 696 1478 τὰ
717 1441 821 1480 σιτία
841 1441 987 1479 dictum

329 1509 410 1533 non
439 1496 547 1532 aliter
581 1503 695 1548 atque
726 1499 800 1546 111,
834 1499 883 1540 14
907 1500 988 1547 (nbi

326 1551 405 1591 vid.
425 1550 541 1603 nott.)
570 1552 634 1592 ἐπὶ
660 1550 703 1594 td
721 1550 845 1607 ὕδωρ.
895 1557 988 1592 For-

322 1622 430 1646 mam
492 1604 808 1662 άπολελαμμένοι
878 1612 988 1650 affert

322 1664 459 1703 Matth.
498 1668 565 1704 Gr.
595 1668 662 1705 Gr.
703 1669 740 1714 ξ.
778 1667 860 1710 242
899 1683 986 1720 pag.

322 1722 428 1770 4723
468 1722 516 1760 de
554 1725 663 1762 verbi
711 1726 987 1776 significatione

324 1780 427 1818 conf.
454 1781 562 1828 VIII,
604 1783 672 1820 11.

553 1892 647 1945 Cap.
677 1895 758 1933 LII.

382 1979 489 2034 εἶχον
509 1982 642 2024 πόνον
666 1982 854 2036 ἄτρυτον]
879 1982 986 2037 εἶχον

322 2041 499 2078 mehores
533 2040 646 2079 codd.
677 2042 888 2080 offerebant
917 2057 985 2094 pro

324 2096 438 2148 ἕχον,
481 2097 584 2150 quod
618 2106 704 2149 post
733 2099 987 2138 Schaeferum

323 2155 563 2193 retinuerunt
586 2155 721 2194 Matth.
750 2164 788 2194 et
816 2156 987 2198 Bekker.

322 2208 493 2263 ἄτρυτον
514 2207 645 2252 πόνον
671 2215 849 2264 iutelligit
881 2214 984 2252 inde-

315 2268 452 2319 fessum
510 2269 683 2317 laborem,
744 2272 981 2320 vehementem,

321 2332 364 2363 ut
383 2324 485 2377 apud
506 2324 687 2377 Sophocl.
715 2328 777 2364 Ai.
809 2329 890 2368 788
911 2342 984 2366 κα·-

322 2380 372 2421 κᾶ
406 2379 575 2435 ἅτρυτα,
620 2383 647 2420 i.
677 2397 710 2422 e.
742 2380 980 2433 πολύτρυτα,

323 2436 431 2478 πάνυ
470 2441 693 2479 κακοῦνταζ
744 2454 842 2493 quae
883 2442 981 2478 bene

324 2497 448 2533 attulit
482 2495 725 2536 Doederlein.
771 2500 830 2535 De
869 2496 982 2549 alpha

323 2552 499 2592 intensiv.
526 2567 612 2605 pag.
634 2557 701 2595 21.
724 2578 775 2583 —-
810 2556 855 2591 In
875 2569 980 2608 seqq.

288 2614 291 2617 ’
322 2609 461 2646 retinui
487 2624 575 2648 cum
596 2610 802 2649 Schaefero
823 2612 984 2664 γινομέ-

321 2679 417 2714 νης,
451 2669 556 2704 cuius
580 2669 666 2706 loco
692 2667 914 2720 Schweigh.
947 2676 984 2707 et

323 2722 441 2759 Gaisf.
458 2722 640 2762 dederant
659 2724 895 2777 γενομένης,
915 2725 983 2764 sed

323 2778 445 2816 abieci
465 2782 641 2819 voculam
670 2780 720 2835 δή
753 2790 840 2821 ante
867 2782 983 2824 συνέ-

1043 1399 1147 1425 κειτο
1165 1384 1265 1422 male
1285 1384 1430 1421 illatam
1450 1391 1486 1421 et
1499 1384 1703 1435 eproxime

1044 1441 1377 1489 antecedentibus,
1409 1448 1451 1479 ut
1481 1439 1576 1477 mihi
1604 1448 1704 1478 certe

1043 1499 1213 1547 videtur,
1238 1497 1314 1535 huc
1335 1500 1450 1535 etiam
1470 1499 1705 1537 translatam.

1042 1558 1297 1594 Retinueruut
1307 1553 1502 1594 Schaefer.
1520 1562 1557 1592 et
1566 1553 1704 1593 Matth.

1101 1641 1126 1685 α’
1131 1644 1312 1697 ερθέντες
1323 1666 1376 1673 -
1388 1639 1703 1697 άπαλλάσσοντο]

1044 1704 1203 1740 Vertunt
1222 1704 1338 1753 vulgo
1356 1714 1366 1739 z
1398 1702 1549 1739 sublatis
1569 1706 1706 1741 utensi-

1042 1761 1135 1798 libus
1145 1774 1172 1798 s.
1190 1760 1342 1797 collectis
1352 1760 1448 1796 vasis
1461 1759 1706 1811 discesserunt,

1042 1819 1113 1854 nisi
1134 1813 1345 1868 ἀερθέντες
1375 1817 1534 1853 omnino
1554 1830 1644 1854 eum
1664 1818 1705 1854 in

1040 1873 1204 1912 modum
1224 1872 1286 1911 hic
1298 1872 1472 1910 additum
1491 1880 1612 1924 putes,
1630 1888 1706 1927 quo

1043 1932 1132 1968 alias
1168 1928 1436 1982 ὁρμηθέντεςτ
1470 1929 1518 1967 de
1546 1944 1622 1983 quo
1644 1932 1706 1982 egi

1043 1988 1093 2025 ad
1115 1989 1222 2034 VIII,
1262 1990 1355 2028 133.
1384 1989 1515 2038 Ipsum
1543 1988 1706 2026 verbum

1044 2045 1092 2082 de
1113 2047 1250 2093 classe,
1282 2057 1379 2096 quae
1395 2045 1480 2081 vela
1499 2046 1620 2082 venfis
1641 2044 1706 2082 dat

1042 2103 1161 2154 inque
1190 2102 1311 2137 altum
1331 2102 1464 2148 solvit,
1495 2102 1705 2152 reperimus

1042 2160 1081 2208 I,
1112 2158 1202 2199 165.
1229 2160 1320 2198 170.
1379 2158 1485 2202 Quae
1521 2159 1702 2195 continuo

1036 2221 1260 2267 sequuntur,
1282 2214 1330 2250 ob
1352 2215 1514 2251 rationes
1533 2216 1703 2266 particu-

1036 2273 1161 2309 larum
1184 2267 1256 2322 μὲν
1281 2277 1317 2306 et
1339 2268 1401 2318 δὲ,
1422 2272 1545 2321 attigit
1565 2270 1702 2312 Manh,

1039 2330 1106 2370 Gr.
1128 2329 1195 2365 Gr.
1218 2329 1254 2373 ξ.
1275 2328 1356 2367 289
1372 2356 1381 2373 ‚
1402 2334 1482 2364 not.
1507 2331 1531 2368 9
1549 2342 1588 2379 p.
1606 2328 1700 2368 582.

1036 2388 1087 2423 Et
1108 2385 1195 2422 vide
1226 2396 1380 2435 quoque
1417 2386 1466 2422 sis
1486 2384 1535 2421 ad
1559 2384 1702 2422 Herod.

1037 2445 1076 2490 1,
1106 2445 1158 2482 66
1193 2447 1290 2477 nott.
1336 2441 1402 2477 Tu
1429 2440 1564 2479 reddas
1594 2443 1700 2479 licet:

1041 2502 1078 2537 in
1111 2511 1186 2536 eum
1216 2498 1347 2546 locum,
1384 2500 1423 2535 in
1449 2511 1547 2549 quem
1578 2510 1702 2536 conve-

1039 2559 1166 2602 nerat,
1198 2556 1334 2592 minime
1357 2556 1396 2591 in
1427 2557 1545 2592 animo
1569 2556 1701 2592 haben-

1041 2617 1091 2650 tes
1106 2625 1251 2663 pergere
1268 2641 1279 2657 ,
1312 2612 1393 2658 sed,
1417 2613 1481 2649 ubi
1499 2612 1571 2649 Ioco
1600 2616 1701 2649 erant

1040 2671 1146 2716 moti,
1170 2670 1362 2719 equitatum
1381 2668 1590 2706 laetabundi
1606 2668 1700 2717 effu-

1038 2727 1183 2775 giebant
1230 2725 1277 2763 ad
1315 2724 1545 2764 Plataearum
1581 2726 1698 2762 urbem

1039 2786 1205 2821 conversi.
