1839 3292
391 195 474 236 174
804 192 1269 230 HERODOTI

384 303 689 358 Μακεδονίην,
731 301 804 345 καὶ
834 299 965 343 ου’δὲν
993 316 1056 343 κω
1086 301 1411 355 κατεπείγοντος
1448 315 1570 355 ηκειν
1599 299 1642 351 ἐς
1656 307 1698 341 10

384 372 435 416 τὸ
464 371 566 414 ἄλλο
592 369 906 423 στρατόπεδον·
937 365 1020 409 οὐκ
1061 366 1278 418 ἐδικαίου,
1317 367 1508 423 ἐντυχών
1537 364 1643 409 οἷπε-
1703 381 1785 420 679
1833 399 1835 402 .

385 443 541 482 «mom
584 436 920 491 Ποτιδαιήτῃσι,
974 433 1031 490 μὴ
1070 432 1153 476 οὐκ
1191 434 1645 486 ἐξανδραποδίσασθαί

353 514 376 548 3
391 519 541 562 σφεας.

602 506 656 547 Οἱ
689 503 773 558 γὰρ
798 505 1107 557 Ποτιδαιῆται,
1150 500 1208 552 ὥς
1236 501 1436 556 βασιλεὺς
1467 503 1645 555 παρεξε-

382 575 583 629 ληλάκεε,
614 573 688 616 καὶ
717 570 740 614 ὁ
759 570 964 622 ναυτικὸς
982 575 1096 614 τοῖσι
1123 569 1320 627 Πέρσῃσι
1349 568 1524 625 οἰχώκεε
1544 567 1646 624 φεύ-

384 800 453 841 mi
474 798 591 842 ου’δέν
603 817 658 841 κω
668 800 985 853 κατεπείγοντος]

327 859 511 896 Absolute
541 858 684 895 dictum
706 861 870 910 accipio:
912 871 988 895 cum

328 916 512 964 vzz‘lu'lopus
522 920 606 952 esset
617 915 864 965 festinatione.
895 915 989 951 Val-

326 972 364 1008 la
380 971 617 1008 reddiderat:
636 986 695 1009 nec
712 972 901 1010 etiamdum
922 984 987 1008 ur·-

327 1033 430 1076 gente
464 1031 599 1076 venire,
635 1042 715 1065 non
745 1029 987 1078 improbante

327 1086 557 1121 Frouunelio
592 1098 680 1121 meo
728 1086 768 1120 iu
810 1085 988 1121 Creuzeri

327 1141 455 1176 Melet.
491 1143 543 1176 111
570 1153 657 1191 pag.
693 1142 785 1185 169,
820 1141 885 1176 nbi
916 1141 987 1176 alia

328 1196 519 1249 quaedam
549 1198 684 1245 attulit,
717 1196 766 1233 ad
795 1197 901 1234 verbi
921 1212 987 1235 κα-

325 1255 518 1305 τεπείγειν
545 1267 670 1297 usum,
707 1254 774 1290 ubi
803 1254 989 1290 accusati-

325 1324 396 1348 vus
416 1311 553 1347 obiecti
583 1312 784 1358 reticetur,
816 1317 988 1361 spectan-

328 1368 396 1415 tia,
428 1370 589 1418 πρᾶγμα
625 1366 686 1403 hic
723 1368 847 1404 omitti
869 1368 990 1404 solere

329 1437 419 1461 cum
439 1424 695 1473 W'esselingiO
711 1431 889 1460 statuens.
938 1424 990 1460 At

328 1482 395 1517 vix
414 1492 501 1516 mea
522 1479 678 1531 quidem
697 1482 883 1517 sententia
896 1493 990 1530 opus

330 1538 400 1573 erit
442 1537 508 1572 tali
548 1537 829 1586 supplemento.
879 1537 990 1573 Idem

331 1594 504 1630 observat
540 1594 755 1641 Frommel,
803 1592 876 1630 hoc
912 1606 989 1630 uno

332 1649 434 1700 apud
465 1649 703 1686 Herodotum
723 1651 806 1687 loco
829 1651 990 1686 inveniri

331 1704 585 1757 κατεπείγειν,
599 1708 663 1758 qui
675 1708 796 1743 multo
810 1707 991 1758 frequen-

330 1764 404 1799 tius
439 1762 565 1799 medio
604 1764 720 1799 verbo
762 1763 991 1814 ἐπείγεσθαι

333 1819 565 1867 (contendere,
580 1819 759 1868 festinare
778 1820 824 1856 ιιιί
840 1821 990 1870 aliquid,

332 1876 450 1912 studio
463 1877 612 1926 quodum
634 1877 731 1912 trahi
748 1877 796 1913 acl
818 1876 991 1926 aliquid),

330 1939 472 1968 utatur.
504 1933 560 1968 Cf.
591 1933 652 1979 lv,
691 1935 782 1973 139,
813 1934 873 1979 vl,
900 1936 992 1972 112.

331 1990 412 2033 Vll,
436 1991 530 2028 223.
551 1990 620 2032 IX,
643 1990 694 2028 69
726 1991 894 2040 itemque
925 1991 990 2037 111,

334 2046 426 2086 135.
457 2046 518 2092 Vl,
537 2044 604 2085 43.
623 2046 692 2089 lx,
715 2048 781 2085 89.
813 2048 869 2082 De
890 2053 991 2083 stru-

329 2108 434 2138 ctura
453 2114 508 2147 ea,
522 2114 595 2152 qua
607 2101 723 2137 modo
736 2104 989 2153 participium,

327 2156 444 2194 modo
457 2159 686 2194 infinitivum
708 2158 898 2205 adsciscit,
920 2161 991 2210 ipsi

329 2213 520 2266 quaedam
537 2216 802 2253 annotavimus
823 2215 870 2252 ad
892 2217 989 2264 vlu,

336 2273 389 2311 68
419 2272 455 2315 ξ.
492 2273 531 2310 2.
565 2291 613 2297 -·
675 2272 780 2316 Quae.
820 2286 992 2324 sequun-

333 2334 416 2364 tur:
454 2323 529 2364 οὐκ
554 2326 729 2366 ἐδικαίου
759 2327 929 2379 ἐντυχών
955 2345 992 2367 κ.

335 2399 368 2421 τ.
394 2386 427 2421 λ.
457 2385 591 2419 Latine
612 2385 663 2420 ita
684 2383 862 2421 reddam:
895 2386 992 2423 Ιιαιιιί

338 2440 487 2488 (lignum
506 2440 693 2488 iudicavit,
725 2443 758 2478 si
796 2441 994 2479 Potidaea-

338 2500 406 2543 tas,
438 2499 474 2533 in
509 2510 593 2546 quos
619 2497 818 2546 inciderat,
855 2499 994 2536 rebelles

335 2554 375 2588 in
399 2555 593 2590 servitutem
611 2567 679 2590 uon
698 2555 885 2603 redigeret.
931 2557 995 2593 Sic

337 2601 391 2646 ου’
434 2610 616 2648 δικαιοῦν
645 2611 708 2658 Π,
741 2614 807 2652 82.
829 2614 895 2652 86.
931 2612 994 2653 15.

336 2666 402 2713 111,
444 2666 531 2705 145.
572 2667 634 2715 IV,
680 2670 772 2709 186.
818 2669 886 2716 IX,
930 2670 996 2708 19.

395 2775 800 2833 Ποτιδαιήτῃσι]
824 2781 997 2818 Sicmox

1046 800 1321 849 Ποτιδαιῆται.
1367 799 1433 835 Tu
1460 795 1539 836 vid.
1561 795 1608 835 de
1633 794 1703 834 hac

1044 859 1137 893 urbe
1167 865 1261 893 nott.
1275 856 1321 892 ad
1338 856 1418 902 Vn,
1438 859 1527 896 123.
1558 857 1615 891 De
1630 866 1705 890 no-

1043 915 1156 950 minis
1177 913 1362 963 scriptura
1385 911 1433 948 ad
1458 911 1494 952 h,
1513 913 1537 947 l.
1559 913 1610 947 ita
1626 910 1704 947 dis-

1043 971 1158 1007 seruit
1192 970 1262 1007 Cr.
1303 971 1385 1016 „lta
1406 967 1491 1005 cod.
1516 967 1706 1005 Florenti-

1043 1040 1129 1063 nus.
1147 1025 1233 1066 vid.
1255 1024 1475 1075 Schweigh.
1496 1025 1585 1065 Var.
1599 1025 1705 1060 Lect.

1046 1090 1082 1119 et
1104 1081 1152 1118 ad
1172 1083 1271 1128 vlu,
1297 1083 1386 1122 129.
1423 1082 1480 1118 Cf.
1512 1080 1559 1117 de
1590 1081 1706 1129 longa

1046 1155 1070 1177 α
1099 1140 1138 1174 in
1175 1138 1474 1187 antepenultima
1501 1136 1704 1175 Thiersch.

1044 1197 1083 1231 in
1105 1196 1205 1231 Actt.
1236 1193 1344 1245 phili.
1366 1195 1539 1230 Monacc.
1564 1194 1600 1229 Π
1618 1204 1706 1244 pag.

1045 1251 1139 1291 416.
1151 1250 1244 1298 417,
1263 1251 1446 1286 nimirum
1463 1248 1708 1287 scribendum

1046 1308 1310 1347 Ποτιδαιᾶται
1327 1308 1365 1343 in
1377 1307 1618 1357 scriptoribus
1626 1317 1707 1342 uon

1044 1366 1196 1401 Ionicis.
1258 1362 1382 1400 ,Idem
1411 1371 1542 1400 tamen
1581 1364 1622 1399 in
1661 1374 1706 1399 eo

1046 1422 1186 1457 nimius
1225 1427 1408 1468 novator,
1459 1418 1565 1472 quod
1584 1419 1707 1456 ubivis

1049 1480 1131 1516 Ποτ
1145 1474 1283 1516 είδεια
1303 1478 1384 1513 vult
1405 1483 1441 1513 et
1463 1478 1528 1527 qui
1564 1477 1599 1512 ei
1625 1475 1708 1513 suf-

1047 1535 1217 1584 fragatur
1248 1535 1385 1570 Osann.
1406 1534 1446 1569 in
1475 1533 1623 1584 Syllog.
1643 1533 1707 1568 In-

1046 1594 1188 1641 scriptt.
1210 1592 1227 1626 I
1248 1605 1284 1641 p.
1301 1592 1364 1630 19.
1408 1591 1508 1626 Nam
1528 1591 1567 1625 in
1588 1587 1708 1640 pede-

1046 1650 1110 1685 stri
1131 1649 1300 1685 oratione
1332 1645 1482 1684 videtur
1511 1645 1708 1685 Ποτίδαια

1046 1706 1207 1742 valuisse
1230 1703 1453 1741 docentibus
1471 1701 1580 1740 codd.
1618 1700 1705 1739 Vid.

1047 1775 1126 1798 var.
1156 1763 1242 1797 lect.
1277 1773 1389 1811 supra
1417 1759 1520 1798 laud.
1544 1766 1580 1796 et
1609 1756 1708 1795 adde

1048 1820 1200 1856 Platon.
1233 1818 1413 1868 Sympos.
1444 1829 1530 1868 pag.
1563 1817 1642 1857 221
1669 1828 1707 1866 p.

1049 1874 1130 1914 464
1171 1873 1298 1911 Bekk.
1329 1881 1363 1910 et
1383 1872 1522 1914 Baebr.
1544 1871 1592 1909 ad
1611 1872 1708 1909 Plu-

1047 1930 1156 1968 tarch
1202 1930 1389 1967 Alcibiad.
1419 1945 1458 1981 p.
1498 1931 1565 1970 99.
1607 1929 1707 1974 Quin

1049 1989 1164 2024 etiam
1181 1989 1218 2024 in
1240 1989 1366 2024 numis
1386 1987 1512 2024 Paesti
1525 1992 1625 2032 sunt,
1643 1985 1708 2036 qui

1051 2047 1221 2083 ΙΙΟΣΙΔ
1254 2052 1317 2081 aut
1348 2052 1448 2080 certe
1479 2044 1623 2081 ΠΟΣΙ
1647 2041 1708 2078 of-

1046 2101 1181 2149 ferant,
1215 2102 1369 2138 testibus
1398 2097 1585 2137 Froelich.
1616 2099 1704 2136 Not.

1048 2158 1183 2208 Comp.
1206 2158 1271 2194 Gr.
1303 2171 1342 2207 p.
1375 2158 1452 2197 153
1476 2163 1511 2191 et
1540 2153 1706 2191 Eckhel.

1046 2215 1094 2250 D.
1121 2216 1167 2250 N.
1189 2214 1234 2251 V.
1262 2215 1280 2249 I
1309 2227 1347 2263 p.
1372 2214 1463 2252 157.
1491 2210 1592 2247 Add.
1614 2211 1707 2248 Val-

1048 2270 1223 2307 ckenaer.
1246 2269 1293 2306 ad
1318 2270 1449 2318 Eurip.
1473 2267 1622 2306 Phoen.
1648 2280 1706 2305 vs.

1051 2329 1128 2367 196
1150 2334 1187 2363 et
1207 2327 1375 2377 Etymol.
1392 2325 1493 2362 Gud.
1515 2339 1552 2375 p.
1567 2323 1648 2365 476
1669 2331 1707 2361 Θῐ

1048 2397 1086 2433 p.
1116 2384 1197 2424 530
1233 2382 1280 2419 de
1318 2383 1447 2419 formis
1481 2381 1645 2418 Aeolicis
1670 2387 1708 2418 et

1048 2441 1233 2477 Dorici5.“
1254 2460 1309 2467 -—
1339 2438 1401 2475 Ad
1421 2439 1626 2475 formulam
1647 2436 1708 2473 di-

1051 2495 1159 2533 cendi
1203 2491 1363 2546 οῖχώκεε
1402 2492 1563 2548 φεύγων
1603 2494 1705 2531 conf-

1051 2554 1149 2598 vlu,
1171 2555 1237 2592 72,
1268 2555 1368 2588 Ante
1391 2555 1618 2603 Σαλαμῖνος
1637 2549 1708 2587 de·

1052 2610 1125 2646 levi
1143 2610 1343 2645 articulum
1363 2611 1455 2660 τῆς,
1485 2621 1601 2661 quem
1622 2607 1708 2644 libri

1050 2667 1177 2716 scripti
1209 2667 1385 2715 ignorant
1423 2677 1616 2718 quemque
1645 2676 1708 2699 re-

1050 2725 1244 2760 tinuerunt
1264 2730 1347 2773 post
1362 2722 1555 2760 Schaefer.
1570 2718 1706 2758 Matth.

1053 2787 1089 2817 et
1109 2778 1278 2821 Bekker,
