1839 3292
493 223 582 260 ET
634 221 1131 260 GORRIGENDA.
1476 227 1559 264 663

73 343 153 378 pag.
178 334 244 367 279
269 343 300 367 a.
323 332 382 366 lin.
407 333 429 366 3
453 343 515 376 pro
539 332 599 368 VI,
622 332 675 365 40
698 331 801 366 scrib.
824 331 883 372 VI,
907 331 973 365 43.

73 390 154 423 pag.
177 380 245 412 283
270 390 301 412 a.
324 378 380 411 lin.
405 379 427 411 2
452 389 512 422 pro
543 379 619 420 ΓΙ,
648 380 663 411 1
694 378 793 410 scrib.
822 379 862 416 Γ,
890 379 919 410 1.
955 385 957 387 ·

71 435 152 468 pag.
177 425 243 458 288
267 425 299 458 b.
322 423 376 456 lin.
402 424 422 456 5
456 435 518 467 pro
544 424 611 466 VI,
643 425 690 456 10
714 423 815 456 scrib.
840 423 908 462 Vl,
931 422 964 457 9.
989 425 1025 454 et
1046 432 1124 465 pag.
1150 421 1216 454 289
1240 421 1272 453 b.
1298 422 1352 455 lin.
1377 425 1398 457 2
1428 425 1470 457 ab
1495 426 1557 459 inf.

291 480 352 513 pro
381 470 421 510 Γ,
448 472 498 503 10
521 470 623 502 scrib.
649 469 716 509 IV,
742 470 805 509 10,
832 473 867 501 et
891 468 947 503 lin.
971 467 1030 502 ult.
1068 478 1132 511 pro
1161 467 1202 510 V,
1226 466 1278 500 40
1301 468 1402 502 scrib.
1432 471 1470 511 V,
1494 472 1559 505 50.

69 524 149 557 pag.
174 513 239 546 295
263 515 298 548 b.
323 514 381 548 lin.
407 515 426 548 5
452 526 512 559 pro
538 516 581 555 V,
606 516 656 548 87
683 513 784 546 scrib.
815 514 852 556 V,
879 515 945 547 88.

69 569 149 602 pag.
173 559 241 593 312
265 570 295 594 a.
319 560 374 593 lin.
401 563 442 594 10
467 571 527 605 pro
551 560 579 599 I,
606 558 686 593 147
710 571 776 592 scr.
802 559 830 599 Ι,
856 559 954 593 146.

69 614 149 647 pag.
175 605 243 639 313
268 617 298 638 a.
324 606 379 638 lin.
412 608 453 640 12
478 617 539 650 pro
563 606 700 643 δῶκος
724 615 789 637 scr.
813 604 974 657 80322093
1315 648 1323 656 ι

69 659 148 694 pag.
175 651 241 685 341
266 663 296 684 a.
327 651 385 684 lin.
412 653 429 684 1
455 663 517 695 pro
541 648 722 693 λάμψαντ
735 661 778 688 ες
803 649 905 683 scrib.
929 651 1184 691 λαμψαντος.
1207 668 1249 675 -
1272 648 1360 684 bed.
1386 650 1420 683 b.
1444 649 1502 683 lin.
1527 652 1559 685 3.

288 708 348 741 pro
375 697 434 735 VI,
460 698 480 731 8
503 707 570 730 scr.
597 697 654 735 VI,
680 697 742 728 18.
1248 739 1252 744 .

68 750 148 784 pag.
172 739 239 775 345
263 743 295 775 b.
319 742 376 776 lin.
403 744 436 777 6.
490 742 558 775 Pro
587 742 626 781 V,
652 742 735 774 106
759 751 831 784 rep.
862 740 934 780 1⁷1,
957 740 1020 775 37.
1043 758 1088 763 —
1112 751 1189 784 pag.
1215 740 1282 774 349
1306 746 1374 773 not.
1400 740 1455 774 lin.
1481 742 1501 775 7
1527 743 1559 776 b.

288 788 374 822 Add.
400 788 532 821 Platon.
556 787 655 820 Polit.
680 786 715 819 ΙΙ
738 797 771 830 p.
798 787 867 820 363
890 786 933 819 D.

67 841 148 875 pag.
172 832 240 867 353
264 834 297 868 b.
322 834 380 866 lin.
405 833 438 867 7.
486 833 553 865 Pro
574 832 761 876 propr-essi
795 834 861 876 leg.
883 831 1084 876 progressi.
1131 830 1218 864 lbid.
1240 831 1300 864 lin.
1325 832 1357 865 8.
1381 832 1402 864 9
1430 833 1473 865 ab
1497 832 1559 867 inf.

286 879 387 911 scrib.
412 878 468 919 VI,
492 879 544 911 90
568 881 649 922 (pro
674 878 755 920 53.)

67 932 146 966 pag.
169 923 237 958 357
258 923 313 956 liu.
342 926 372 957 1.
429 924 498 957 Pro
533 921 697 957 ἐκτῖσαι
719 934 785 958 scr.
812 920 988 956 ἐκτῖσαι.
1012 940 1057 946 -
1081 920 1165 964 Pag.
1189 921 1256 956 356
1281 922 1339 958 lin.
1361 923 1394 957 3.
1421 920 1562 964 αὐτούς

285 968 390 1002 deleri
412 970 484 1002 vult
506 969 706 1011 Bernhardy
730 969 764 1003 in
789 970 932 1011 Syntax.
959 968 1019 1000 Gr.
1045 978 1124 1011 pag.
1148 968 1226 1002 286.

65 1021 146 1056 pag.
171 1013 239 1047 363
264 1025 294 1047 a.
320 1015 377 1047 lin.
404 1017 456 1050 18.
486 1015 538 1048 19.
586 1015 652 1048 Pro
677 1015 736 1056 Ill,
761 1015 815 1048 33
848 1014 913 1057 leg.
938 1013 1002 1051 III,
1025 1013 1088 1046 24.

65 1067 144 1101 pag.
172 1059 239 1092 376
264 1061 296 1095 b.
322 1061 378 1094 lin.
406 1062 448 1094 12
472 1062 514 1094 ab
539 1061 599 1094 inf.
646 1061 712 1093 Pro
742 1061 871 1102 VIII,
896 1060 961 1093 215
987 1058 1052 1100 leg.
1082 1058 1181 1101 VII,
1206 1060 1284 1093 215.

64 1113 143 1146 pag.
169 1104 237 1138 380
260 1118 292 1140 a.
317 1106 374 1139 lin.
401 1106 423 1140 3
448 1107 489 1140 ab
514 1107 573 1139 inf.
614 1106 680 1140 Pro
710 1107 750 1147 V,
775 1105 818 1140 57
842 1105 907 1149 leg.
937 1105 994 1144 VI,
1022 1104 1077 1138 57.

63 1158 144 1192 pag.
169 1149 238 1183 386
261 1152 294 1185 b.
319 1151 376 1184 lin.
403 1153 424 1186 8
450 1163 511 1196 pro
536 1152 593 1190 lv,
622 1153 703 1186 124
728 1152 793 1194 leg.
819 1151 877 1189 IV.
905 1150 997 1184 154.

63 1205 144 1240 pag.
169 1195 236 1228 390
263 1198 296 1232 b.
321 1197 377 1230 lin.
406 1199 448 1232 16
473 1209 534 1241 pro
564 1198 641 1240 1⁷1,
668 1199 733 1232 103
756 1198 821 1240 leg.
850 1197 918 1238 11⁷,
947 1196 1022 1230 103.

63 1250 145 1285 pag.
169 1241 235 1274 395
260 1244 292 1276 b.
318 1242 375 1276 lin.
403 1244 446 1277 12
470 1244 513 1276 ab
538 1243 597 1277 inf.
623 1254 684 1287 pro
708 1243 774 1284 ΙΙΙ,
797 1244 820 1277 2
843 1242 907 1287 leg.
933 1241 995 1282 111,
1019 1241 1051 1274 3.

61 1295 142 1332 pag.
169 1287 318 1322 4ο71ῑιι.
348 1291 377 1322 1.
428 1289 584 1322 Voculam
614 1299 653 1332 γε
689 1288 767 1322 eiici
800 1288 876 1320 vult
909 1285 1109 1329 Bernhardy
1134 1287 1198 1321 Gr.
1235 1287 1333 1331 Synt.
1368 1300 1445 1333 pag.
1480 1291 1560 1332 327,

283 1334 343 1377 qui
366 1333 453 1367 idem
477 1346 556 1378 pag.
585 1334 663 1368 245.
687 1333 723 1367 in
744 1333 913 1367 Herodoti
932 1333 1004 1366 loco
1030 1332 1090 1373 vl,
1118 1333 1180 1366 131
1209 1333 1283 1366 init.
1309 1346 1385 1378 pag.
1411 1338 1476 1369 411
1505 1338 1559 1372 lin.

284 1381 326 1413 11
362 1384 450 1413 nost.
483 1380 566 1414 edit.
597 1384 745 1414 veterem
779 1379 955 1413 lectionem
994 1374 1089 1421 ἀμφὶ
1119 1375 1184 1420 μὲν
1219 1380 1314 1423 κρίσι
1353 1381 1561 1416 retinendam

283 1430 411 1459 censet.

64 1478 143 1514 pag.
167 1469 236 1504 414
260 1482 291 1504 a.
317 1471 373 1504 lin.
403 1474 445 1505 10
468 1483 529 1516 pro
554 1471 622 1512 VI,
650 1471 732 1505 136
755 1482 871 1516 repon.
897 1470 971 1511 VI,
998 1469 1090 1504 135.
1115 1489 1161 1495 -—
1184 1470 1272 1507 Ibid.
1298 1472 1331 1508 b.
1356 1472 1413 1507 lin.
1442 1474 1465 1507 3
1499 1485 1561 1518 pro

283 1515 480 1560 θεσμοφόρ
492 1529 510 1551 ο
522 1529 542 1550 ν
567 1517 668 1551 scrib.
693 1514 961 1560 θεσμοφόρου.

61 1569 141 1605 pag.
166 1560 234 1597 418
260 1573 291 1596 a.
317 1563 373 1596 lin.
399 1564 420 1596 9
444 1575 505 1608 pro
530 1563 583 1604 ΙΙ,
610 1564 690 1597 134
712 1564 812 1596 scrib.
840 1563 906 1604 VI,
935 1561 1026 1596 143.
1048 1583 1093 1588 —
1120 1561 1173 1595 De
1196 1563 1291 1597 fonte
1315 1565 1562 1600 Enneacrunos

284 1608 350 1641 vid.
383 1609 482 1642 etiam
518 1609 635 1642 Leake
666 1609 699 1641 in
722 1609 876 1653 Topogr.
902 1608 1023 1642 Athen.
1057 1620 1091 1653 p.
1119 1609 1184 1642 135
1209 1620 1282 1655 seq.
1311 1622 1397 1645 vers.
1424 1623 1562 1646 vernac-

281 1653 398 1699 ibique
423 1655 465 1690 C.
493 1655 537 1689 O.
562 1655 697 1689 Miiller.
722 1666 801 1699 pag.
824 1654 902 1689 456.

59 1718 140 1753 pag.
163 1709 231 1743 435
255 1722 286 1744 a.
310 1710 369 1744 lin.
398 1714 415 1745 1
441 1723 502 1756 pro
528 1711 586 1753 VI,
610 1713 665 1746 62
689 1722 804 1754 repon.
831 1710 890 1752 VI,
914 1710 976 1744 72.

59 1765 140 1798 pag.
163 1755 228 1790 441
255 1768 288 1790 a.
312 1756 370 1790 lin.
395 1758 416 1791 7
440 1759 482 1790 ab
510 1758 569 1791 inf.
595 1769 656 1802 pro
685 1757 743 1797 Vl,
769 1757 819 1790 86
846 1756 946 1789 scrib.
974 1755 1031 1796 VI,
1057 1756 1119 1789 88.

58 1810 139 1844 pag.
165 1802 232 1835 502
256 1813 288 1836 a.
313 1802 369 1835 lin.
395 1803 416 1836 6
440 1805 483 1836 ab
507 1803 568 1837 inf.
594 1814 656 1847 pro
682 1802 742 1843 IV,
769 1802 852 1836 179
879 1801 979 1834 scrib.
1004 1801 1064 1841 IV,
1090 1803 1155 1835 71.

59 1856 140 1890 pag.
164 1847 229 1882 511
255 1847 316 1892 (ad
341 1848 427 1890 Vll,
452 1850 528 1893 41.)
551 1856 620 1882 not.
654 1848 708 1881 lin.
737 1849 769 1881 6.
795 1848 827 1881 7.
873 1847 962 1880 Add.
996 1848 1167 1881 Hammer.
1201 1847 1236 1881 in
1270 1849 1399 1882 Annali.
1438 1849 1558 1887 Vienn.

278 1893 396 1926 LXIII
419 1906 499 1939 pag.
523 1896 556 1936 6,
589 1894 648 1927 ubi
673 1897 791 1933 notat,
824 1892 858 1925 in
883 1893 1102 1926 monumentis
1125 1894 1389 1939 Persepolitanis
1419 1908 1562 1940 reprae-

279 1939 409 1972 sentari
425 1940 515 1973 viros
539 1941 645 1973 hastis
668 1944 828 1981 armatos,
853 1950 941 1982 quae
964 1938 998 1971 in
1019 1939 1154 1981 globum
1178 1941 1266 1984 pomi
1293 1942 1439 1985 speciem
1458 1954 1561 1986 prae-

278 1984 413 2018 bentem
438 1986 606 2029 desinant,
627 1985 775 2030 indeque
798 1986 1069 2030 melophororum
1092 1997 1212 2019 nomen
1241 1987 1353 2032 repeti
1375 1999 1477 2031 posse
1503 2000 1561 2022 ar-

278 2030 440 2064 bitratur.

58 2083 139 2118 pag.
165 2075 233 2109 512
266 2076 301 2110 b.
336 2076 393 2110 lin.
419 2078 451 2111 8.
512 2077 622 2119 Eam,
656 2087 755 2121 quam
790 2075 889 2118 dedi,
919 2075 986 2109 loci
1018 2076 1206 2111 Herodotei
1240 2078 1559 2122 interpretationem

276 2121 384 2166 ipsius
408 2122 555 2166 regionis
579 2128 740 2157 accurata
764 2121 955 2165 cognitione
977 2122 1103 2166 optime
1127 2123 1318 2157 confirmari
1342 2124 1492 2158 intellexi
1517 2137 1559 2159 ex

279 2167 333 2207 iis,
359 2180 446 2211 quae
471 2170 579 2202 refert
601 2169 727 2202 Clarke
750 2167 786 2201 in
810 2168 954 2201 Travels
977 2168 1025 2209 II,
1055 2170 1074 2202 1
1094 2180 1172 2214 pag.
1199 2170 1263 2204 137
1284 2170 1360 2205 coll.
1388 2172 1464 2213 170,
1488 2171 1560 2205 He-

277 2213 389 2246 rodoti
410 2214 468 2248 ille
491 2215 626 2259 quidem
650 2215 736 2248 bene
760 2225 893 2247 memor.

59 2277 140 2312 pag.
165 2267 231 2302 515
257 2269 290 2302 b.
314 2269 370 2302 lin.
397 2271 439 2304 16
463 2270 506 2303 ab
535 2270 595 2303 inf.
621 2282 681 2315 pro
711 2271 752 2312 V,
777 2271 820 2304 88
846 2270 947 2303 scrib.
970 2270 1040 2310 IV,
1064 2270 1118 2304 88.

60 2323 140 2357 pag.
164 2314 230 2348 537
255 2315 312 2349 lin.
337 2316 359 2349 6
386 2316 535 2349 voculam
561 2314 597 2354 ἐς
620 2316 730 2349 omitti
753 2317 826 2349 vult
851 2315 1050 2359 Bernhardy
1074 2315 1099 2350 l.
1122 2315 1144 2348 1.
1169 2327 1247 2361 pag.
1270 2318 1351 2354 218.

58 2369 140 2403 pag.
165 2359 231 2393 578
256 2372 289 2394 a.
313 2360 373 2394 lin.
399 2363 420 2395 6
445 2373 505 2406 pro
525 2363 608 2396 180
632 2364 697 2405 leg.
729 2363 820 2396 181.

56 2414 139 2448 pag.
168 2405 236 2438 614
260 2406 293 2439 b.
316 2406 374 2441 lin.
404 2408 447 2441 13
472 2408 514 2440 ab
537 2408 598 2440 inf.
644 2408 712 2441 Pro
738 2408 852 2441 auctd
877 2418 944 2441 scr.
968 2412 1049 2441 auct
1060 2419 1094 2440 α.

58 2459 140 2494 pag.
165 2451 233 2484 620
257 2451 315 2485 lin.
342 2454 395 2486 12.
422 2454 474 2487 13.
531 2453 661 2486 Eadem
691 2454 764 2486 fere
796 2453 1037 2498 Theopompus
1068 2453 1256 2495 retulerat,
1288 2454 1332 2489 de
1365 2466 1430 2500 qno
1469 2456 1559 2492 conf.

278 2497 459 2533 Frommel.
485 2499 519 2532 in
546 2498 712 2532 Creuzeri
736 2498 869 2532 Melett.
896 2499 946 2532 ΙΙΙ
970 2510 1049 2544 pag.
1077 2499 1140 2533 139
1165 2511 1261 2545 seqq.

58 2551 139 2584 pag.
165 2542 232 2574 626
256 2542 291 2575 b.
317 2542 373 2575 lin.
399 2545 422 2578 3
448 2545 491 2578 ab
516 2544 579 2577 inf.
625 2545 692 2578 Pro
717 2545 788 2585 IV,
811 2544 855 2578 56
879 2545 981 2577 scrib.
1012 2545 1085 2585 VI,
1110 2546 1165 2580 56.

58 2597 139 2630 pag.
163 2588 229 2620 627
253 2599 284 2621 a.
306 2588 366 2622 liu.
389 2590 411 2622 6
427 2591 468 2623 ab
484 2590 543 2624 inf.
568 2589 635 2623 Pro
659 2591 821 2624 Kissovo
846 2590 947 2624 scrib.
964 2591 1287 2627 Kissavo.—1bid.
1311 2592 1343 2626 b.
1366 2591 1426 2628 lin.
1452 2594 1471 2628 1
1496 2604 1558 2639 pro

281 2640 446 2667 commate
469 2639 548 2680 post
570 2637 735 2679 praebent
762 2647 849 2680 pone
874 2640 1046 2682 punctum.

59 2688 138 2721 pag.
165 2677 233 2712 643
256 2690 286 2712 a.
310 2679 369 2714 lin.
395 2680 438 2715 13
462 2692 521 2724 pro
547 2681 588 2724 V,
613 2682 668 2716 58
691 2693 808 2724 repon.
836 2682 874 2719 V,
901 2683 996 2715 118.

57 2733 139 2766 pag.
163 2723 229 2757 664
254 2725 287 2758 b.
311 2724 369 2757 lin.
394 2726 415 2759 7
439 2727 482 2759 ab
506 2726 567 2762 inf.
612 2728 680 2760 Pro
713 2728 789 2768 VI,
815 2727 882 2761 140
904 2727 1007 2761 scrib.
1038 2727 1135 2768 VII⁷
1161 2727 1235 2761 140.

58 2778 140 2813 pag.
162 2769 229 2804 696
253 2781 286 2804 a.
311 2769 368 2803 lin.
397 2770 440 2804 14
462 2782 539 2815 pon.
568 2772 784 2816 parenthesin
817 2776 895 2816 post
918 2784 988 2818 seq
1000 2783 1032 2817 q.
1068 2779 1103 2807 et
1127 2773 1200 2807 dele
1232 2775 1448 2818 parenthesin
1479 2780 1558 2821 post

280 2815 562 2861 denegatum
585 2818 640 2852 lin.
667 2818 720 2853 19.
