1839 3292
530 246 879 284 URANIA.
947 249 1078 287 VIII.

1347 256 1429 295 113

177 353 222 397 δὲ
251 348 369 402 αὖτις
398 351 557 406 ἐγίνετο
588 350 731 408 λόγων
770 352 1059 412 οἷμφισβασίη·
1100 356 1144 401 οἷ
1181 359 1265 414 γὰρ
1303 365 1430 405 πλεῦ-

175 435 245 469 νες
272 422 359 461 τῶν
387 423 640 474 στρατηγῶν
670 420 751 464 οὐκ
781 422 1010 466 ἐπείθοντο
1030 421 1083 464 τοὶ
1113 424 1430 481 ἐξαγγελθέντα.

43 478 108 524 82
173 482 477 528 Ἀπιστεόντων
515 486 560 529 δὲ
596 487 786 540 τούτων,
824 484 900 543 ἧκε
927 488 1107 546 τριήρης
1138 490 1314 548 ἀνδρῶν
1347 500 1429 552 Τη-
1486 520 1524 547 aa
1561 520 1693 550 Graeco„

169 553 276 594 νίων
314 549 661 605 αὐτομολέουσα,
709 559 782 610 τῆς
820 551 924 611 ἦρχε
964 555 1076 613 οἷνὴρ
1120 563 1359 614 Παναίτιος
1401 554 1654 627 ὁ1οζζᾞ8ἷξῇῗῑ
1672 564 1759 618 (5ῗῆζῇ

168 618 461 673 Σωσιμένεος,
499 616 609 673 ἥπερ
645 620 698 676 δή
738 622 864 677 ἔφερε
905 622 984 678 τὴν
1014 624 1231 683 ἀληθηΐην
1267 634 1425 675 πᾶσαν.
1480 623 1635 652 ‘³‘¹⁰¹¹⁹¹¹¹·

169 684 241 728 διὰ
272 685 316 728 δὲ
345 689 472 728 τοῦτο
503 686 551 728 τὸ
582 686 712 742 ἔργον
738 689 1040 746 ἐνεγράφησαν
1076 693 1225 748 Τήνιοι
1255 696 1303 739 ἐν
1323 704 1426 743 Δελ·

169 757 293 807 φοῖσι
322 753 364 803 ἐς
393 753 470 795 τόν
498 755 683 807 τρίποδα
710 755 758 799 ἐν
786 762 899 800 τοῖσι
928 758 1006 800 τὸν
1038 759 1266 816 βάρβαρον
1305 782 1426 811 κατε-

141 823 314 862 Ξλοῦσι.
374 819 471 862 Σὺν
499 821 544 864 δὲ
571 818 633 864 ὦν
663 822 799 881 ταύτῃ
829 829 881 880 τῇ
911 827 988 880 νηῒ
1013 830 1066 883 τῇ
1095 827 1426 891 αὐτομολησάσῃ

166 886 211 937 ἐς
252 890 504 943 Σαλαμῖνα,
544 890 616 932 καὶ
655 896 708 949 τῇ
747 891 963 948 πρότερον
992 893 1054 936 ἐπ’
1078 894 1344 952 Ἀρτεμίσιον
1372 907 1426 960 τῇ

1485 486 1584 514 Teuta
1600 488 1743 528 triremis,

166 956 360 1012 Λημνίῃ,
401 955 686 1013 ἐξεπληροῦτο
724 957 772 1001 τό
804 960 1014 1005 ναυτικὸν
1042 968 1157 1008 τοῖσι
1183 963 1358 1024 Ἕλλησι
1384 970 1427 1023 ἐς
1441 979 1482 1014 15

110 1137 196 1174 satis
227 1151 406 1190 apparere
429 1141 578 1180 videtur
608 1145 768 1182 Wesse-

109 1194 250 1244 lingio,
284 1197 488 1234 Aristidem
516 1201 586 1250 ipsi
615 1214 767 1252 pugnae

109 1252 247 1299 navali,
271 1265 368 1304 quae
387 1256 556 1292 insecuta
579 1264 658 1302 est,
687 1271 766 1295 non

108 1307 333 1356 interfuisse,
357 1314 527 1361 quamvis
548 1314 654 1349 aliter
672 1316 766 1351 scri-

112 1364 177 1399 bat
193 1364 305 1404 Corn.
327 1368 450 1417 Nepos
471 1369 510 1403 in
528 1369 680 1407 Aristid.
704 1384 763 1421 cp.

111 1422 150 1466 2,
183 1421 376 1458 Herodoto
405 1437 494 1459 sane
514 1426 668 1462 inferior
694 1440 765 1463 au-

111 1482 192 1512 ctor
224 1484 261 1513 et
290 1478 445 1515 forsitan
485 1480 533 1516 ad
568 1495 610 1517 ea
642 1485 763 1534 respi-

110 1533 225 1579 ciens,
254 1545 351 1584 quae
362 1535 577 1574 Herodotus
599 1540 696 1587 VIII,
709 1540 761 1581 95

107 1587 220 1625 tradit
244 1588 291 1625 de
322 1591 491 1629 Aristidis
521 1595 762 1645 expeditione

107 1644 146 1680 in
180 1646 403 1696 PsyttaIIam
449 1651 638 1690 insulam:
696 1654 762 1689 ubi

106 1699 183 1739 vid.
204 1709 299 1739 nott.

162 1753 290 1809 λόγων
331 1754 621 1814 α’μφισβασίη]
673 1765 761 1803 Vid.

105 1813 167 1861 IV,
192 1813 256 1853 14.
281 1816 379 1864 Vin,
411 1821 477 1859 78.
535 1821 628 1857 Mox
655 1835 675 1857 e
692 1825 760 1859 tri-

105 1869 174 1906 bus
205 1870 316 1908 codd.
348 1886 436 1909 cum
466 1874 683 1928 Schweigh.
723 1887 760 1917 et

106 1927 223 1963 Gaisf.
274 1931 398 1980 recepi
439 1931 480 1970 οἱ
515 1930 590 1986 γοῖρ
639 1939 761 1975 πλεῦ-

104 1996 171 2028 νες
213 1997 282 2033 pro
339 1987 442 2036 vulg.
503 1989 543 2027 οἱ
595 1995 760 2040 πλεῦνες

106 2035 197 2091 γάρ,
222 2040 536 2091 quodtenuerunt
565 2047 759 2087 Schaefer.

105 2102 142 2131 et
162 2095 316 2141 Matth„
339 2100 403 2150 qui
430 2100 533 2137 idem
554 2104 589 2147 §.
611 2104 689 2145 421
721 2120 758 2157 p.

104 2153 185 2191 773
225 2160 452 2193 structuram
481 2160 587 2196 verbi
624 2163 759 2202 πείθε-

105 2211 202 2247 σθαι
221 2211 353 2260 attigit.

273 2290 363 2341 Cap.
390 2291 589 2333 LXXXII.

159 2361 317 2419 ἄνδρῶν
343 2372 517 2421 Τηνίων]
553 2374 668 2413 Tenus
695 2378 757 2414 in·
811 2379 873 2416 Ad

105 2421 184 2457 sula
203 2437 318 2475 prope
337 2428 475 2465 Delum
495 2432 534 2466 in
555 2433 756 2471 Persarum

105 2476 307 2517 devenerat
336 2490 559 2532 potestatem
590 2489 755 2542 indeque

105 2534 183 2570 eius
203 2536 345 2573 incolae
364 2540 403 2575 in
423 2542 624 2582 Persarum
644 2560 756 2584 exer-

105 2590 183 2626 citu
235 2593 418 2642 stipendia
473 2599 595 2637 facere
637 2605 757 2640 coacti

104 2653 223 2684 erant.
283 2650 391 2688 Colit:
418 2653 481 2702 IV,
508 2659 571 2696 33.
600 2659 661 2706 VI,
691 2663 756 2700 97.

102 2702 219 2752 Apud
266 2705 458 2745 Plutarch.
507 2712 756 2753 Themistoel.

106 2760 158 2798 12
178 2773 215 2809 p.
245 2763 323 2801 118
344 2763 376 2797 E
398 2763 532 2803 dicitur
550 2772 654 2807 navis
686 2775 757 2811 Τε-

103 2812 225 2863 νέδια,
247 2817 312 2852 ubi
331 2826 418 2855 suut
447 2823 511 2872 qui
529 2824 605 2876 legi
623 2829 758 2867 malint

157 2872 379 2913 Hauonor.
397 2877 464 2915 IV.

830 1146 966 1197 Τηνία,
1010 1149 1249 1200 improbante
1303 1155 1482 1207 Sintenis‚

824 1215 940 1254 quem
960 1204 1037 1242 vid.
1057 1220 1146 1258 pag.
1175 1211 1241 1249 91.

879 1281 921 1321 ἐν
943 1286 1044 1323 τοῖσι
1062 1283 1130 1325 τόν
1148 1283 1353 1341 βάρβαρον
1371 1306 1480 1332 κατε-

820 1339 953 1387 λοῦσι]
987 1341 1009 1377 i.
1040 1354 1072 1378 e.
1094 1343 1192 1380 inter
1228 1348 1386 1384 nomina
1415 1362 1482 1386 ea-

820 1407 906 1429 rum
936 1397 1157 1443 civitatum,
1198 1413 1296 1451 quae
1325 1405 1482 1443 Persam

822 1449 1049 1501 devicerant,
1070 1454 1256 1505 Delphico
1267 1460 1405 1509 tripodi
1419 1463 1481 1498 in-

825 1508 977 1558 scripta,
1000 1511 1214 1548 Teniorum
1231 1527 1385 1567 quoque
1404 1531 1479 1555 no-

817 1576 909 1599 men
936 1566 1098 1603 relatum
1115 1576 1205 1607 erat.
1234 1572 1293 1607 De
1312 1571 1386 1610 hoc
1407 1576 1478 1611 tri-

816 1619 938 1670 pode,
980 1625 1045 1674 qui
1075 1625 1114 1660 in
1143 1625 1374 1666 Salaminiae
1405 1645 1479 1682 pu-

817 1689 916 1726 gnae
935 1683 1162 1718 memoriam
1175 1683 1343 1736 Delphos
1367 1686 1478 1725 dedi-

818 1734 973 1771 cabatur
1010 1738 1210 1788 inscriptus
1256 1745 1476 1783 nominibus

819 1803 952 1827 eorum
996 1795 1177 1832 Graeciae
1229 1801 1473 1852 populorum,

819 1849 884 1898 qui
913 1850 1044 1887 Persas
1073 1853 1112 1887 in
1142 1867 1272 1904 pugna
1294 1858 1474 1908 vicerant,

818 1911 949 1941 auctor
970 1920 1122 1959 quoque
1144 1917 1198 1947 est
1225 1911 1475 1965 Thucydides

816 1961 845 2008 I,
871 1963 962 2009 132,
995 1965 1061 2000 ubi
1092 1965 1168 2003 vid.
1200 1976 1295 2007 nott.
1315 1972 1473 2013 Diodor.

815 2018 883 2061 XI,
910 2022 962 2059 35
984 2021 1112 2073 ibique
1141 2024 1305 2063 Wessel.
1326 2029 1474 2066 Demo-

814 2072 937 2113 sthen.
977 2078 1016 2112 in
1062 2080 1196 2117 Neaer.
1233 2096 1321 2133 pag.
1365 2087 1472 2127 1378

815 2130 942 2170 Reisk.
986 2134 1136 2172 Cornel.
1174 2139 1272 2189 Nep.
1306 2141 1472 2180 Pausan.

818 2190 854 2234 1,
870 2189 935 2224 ubi
957 2190 1031 2228 vicl.
1047 2192 1256 2244 interprett.
1268 2197 1470 2235 coll.Pau-

812 2256 891 2281 san.
913 2246 956 2294 V,
980 2250 1031 2287 23
1054 2249 1090 2293 §.
1116 2251 1152 2288 1.

869 2326 918 2378 τῇ
941 2328 1128 2381 Λημνίῃ]
1152 2330 1261 2368 conf.
1281 2333 1379 2381 VIII,
1404 2336 1470 2375 11.

908 2383 986 2418 vim
1016 2386 1160 2422 articuli
1199 2389 1239 2424 in
1277 2391 1399 2427 verbis
1430 2390 1471 2440 ἐς

812 2434 904 2483 τρὶς
944 2434 1173 2491 ὀγδώκοντα
1210 2443 1277 2483 καὶ
1311 2461 1471 2497 τριηκο-

813 2494 899 2539 σίας
919 2499 1019 2545 νῆας
1041 2501 1205 2548 respexit
1234 2502 1368 2540 Matth.
1402 2505 1469 2543 Gr.

813 2550 877 2585 Gr.
901 2551 938 2595 (5.
961 2556 1044 2593 267
1064 2568 1151 2604 pag.
1172 2556 1267 2605 550,
1286 2560 1350 2609 qui
1364 2559 1469 2599 idem

814 2607 850 2651 ξ.
874 2608 953 2647 355
975 2616 1070 2645 nott.
1100 2614 1138 2657 2,
1173 2611 1221 2647 ad
1252 2627 1363 2652 voces
1394 2615 1467 2658 δύο

812 2666 921 2712 νηῶν
936 2666 1469 2722 conferatur.Schweighaeu-

813 2731 896 2755 sero
928 2733 975 2755 ex
1014 2722 1325 2764 antecedentibus
1371 2743 1467 2782 sup-

812 2776 915 2824 plere
944 2777 1068 2825 placet
1091 2776 1135 2819 τό
1171 2780 1372 2826 ναυτικόν.
1420 2790 1466 2824 In

811 2833 892 2882 ipso
913 2839 1040 2871 autem
1050 2837 1207 2875 navium
1215 2852 1375 2880 numero
1392 2842 1467 2881 dis-

1162 2895 1188 2934 8
