1839 3292
45 409 110 454 39

515 229 859 267 URANIA.
916 228 1042 265 VIII.

1378 231 1432 271 51

174 356 270 386 πων
290 339 426 395 φύσιν
455 339 627 395 ἔχοντας
656 337 836 381 ἕπεσθαί
863 348 955 392 σφι,
982 338 1229 388 κτείνοντας
1248 339 1321 382 καὶ
1336 339 1432 382 διώ-
1443 346 1466 380 2

175 425 346 458 κοντας.

175 495 249 524 ναι
283 477 539 532 ἐπιχωρίους
568 474 736 529 ἥρωας,

413 408 607 457 Τούτους
646 406 691 449 δὲ
720 405 824 456 τους
856 405 937 448 δύο
968 407 1135 461 Δελφοὶ
1172 407 1349 462 λέγουσι
1379 405 1432 450 εἶ-

788 473 994 516 Φύλακόν
1022 491 1066 517 τε
1097 475 1168 517 καὶ
1197 474 1437 529 Αὐτόνοον,

177 549 266 588 τῶν
306 543 359 586 τὰ
402 541 575 598 τεμένεά
613 542 700 584 ἐστι
736 542 833 595 περὶ
864 540 911 583 τὸ
943 541 1062 593 ἱρόν·
1104 543 1313 587 Φυλάκου
1343 545 1436 598 μὲν,

178 610 275 667 παρ’
308 611 445 666 αὐτὴν
473 611 551 664 τὴν
572 607 677 652 ὁδὸν
706 609 953 662 κατύπερθε
973 613 1054 652 τοῦ
1084 612 1186 664 ἱροῦ
1215 614 1289 667 τῆς
1323 615 1472 666 1190-:5

179 683 303 736 νηῖἠς
318 696 326 704 ·

126 852 347 904 ἄνθρωπον
393 852 456 902 (v.
488 864 521 888 0.
555 848 657 902 apud
685 851 784 888 Plat.

123 912 290 962 Apolog.
321 925 359 961 p.
391 912 444 950 20
466 910 512 946 E.
543 907 678 945 Matth.
717 909 783 945 Gr.

126 969 191 1005 Gr.
214 969 250 1013 §.
287 966 386 1015 449)
413 966 572 1003 Dorvill.
602 964 650 1002 ad
681 964 784 1001 Cha-

126 1027 185 1062 rit.
206 1037 294 1075 pag.
318 1025 395 1063 182
418 1024 517 1071 [310
537 1023 636 1074 seq]
667 1022 784 1058 refin-

127 1083 165 1131 gi
204 1082 285 1117 vult
337 1076 365 1129 ἦ
406 1076 505 1118 κατὰ
548 1076 783 1128 ἄνθρωπον.

126 1137 394 1186 WVesselingio⁷
415 1133 785 1185 conferentiloseph.

127 1196 285 1246 Antiqq.
346 1195 439 1240 ‚19
475 1194 512 1238 §-
547 1196 565 1232 1
594 1193 786 1243 placuerat

129 1251 242 1303 μέζοι
249 1267 271 1288 α
288 1246 315 1301 ἢ
339 1246 438 1288 mac?
458 1245 688 1299 ανθοώπων
710 1245 786 1297 φύ-

131 1321 194 1347 σιν
225 1306 397 1357 ἔχοντας.
458 1307 625 1342 Koenius
663 1318 787 1341 unum

132 1363 289 1415 ἔχοντας
300 1364 437 1399 mutari
449 1364 597 1398 voluit
588 1376 625 1397 111
637 1359 785 1409 ἐόντας,

129 1428 172 1457 ut
199 1421 498 1469 intelligerentur
528 1420 660 1455 armati
675 1418 788 1454 homi-

130 1490 213 1515 num
247 1476 388 1512 statura
420 1476 583 1519 altiores;
625 1487 787 1526 eamque

130 1532 438 1569 emendationem
512 1530 786 1568 Valckenaerio

129 1603 282 1641 quoque
321 1589 521 1639 probatam
565 1589 605 1624 in
639 1595 789 1625 textum

129 1652 354 1696 receperunt
381 1643 576 1682 Schaefer.
615 1652 652 1682 et
689 1646 792 1681 Mat-

129 1702 244 1750 thiae⁷
265 1703 390 1739 invitis
411 1715 501 1738 sane
512 1703 615 1738 libris
631 1703 788 1752 scriptis,

132 1773 154 1797 a
185 1760 319 1811 quibus
352 1758 532 1811 equidem
560 1772 650 1796 cum
685 1757 788 1795 Bek-

130 1815 224 1854 kero
245 1815 306 1852 hio
335 1823 432 1853 stare
452 1816 593 1860 malui,
630 1814 790 1866 ἔχοντας

131 1875 319 1924 accipiens
357 1886 391 1909 se
425 1872 599 1913 habentes,
655 1874 790 1924 Neque

133 1931 237 1966 enim
257 1942 346 1966 cum
366 1928 600 1979 Sclumigh„
629 1930 695 1981 qui
714 1930 791 1965 mi-

132 2000 203 2024 nus
225 1993 325 2023 recte
344 1984 420 2022 huc
441 1986 571 2022 referri
586 1999 695 2036 posse
715 1999 790 2036 pu-

132 2051 188 2081 tat
228 2044 461 2080 locutionem
508 2045 641 2093 ληρεῖς
678 2041 789 2092 ἔχων,

132 2101 374 2151 participium
412 2097 486 2135 hoc
516 2099 639 2136 verbis
677 2099 791 2135 finitis

134 2157 246 2194 adiici
275 2157 430 2193 solitum
457 2157 509 2192 ita
530 2157 790 2206 explicuerim,

134 2221 176 2250 ut
207 2215 470 2251 continuitatem
502 2211 696 2264 quandam
730 2213 793 2248 in-

136 2270 256 2318 dicet3
285 2271 351 2306 ubi
376 2268 504 2306 medio
525 2270 640 2306 verbo
661 2268 794 2319 ἐχομέ-

137 2342 256 2374 νους,
286 2325 389 2378 quod
419 2327 593 2377 proxime
619 2326 793 2378 sequenti

139 2382 307 2422 ἕπεσθαι
334 2385 524 2433 iungatur,
558 2396 652 2433 opus
680 2383 794 2419 fuisse

141 2439 383 2488 crediderimr,
428 2439 531 2491 quod
559 2439 663 2475 idem
694 2440 793 2475 bene

140 2497 254 2532 sensit
273 2498 435 2546 Hoeger.
452 2494 555 2532 hunc
571 2497 699 2532 locum
714 2503 793 2533 tra-

143 2559 247 2589 ctaus
273 2553 312 2588 iu
332 2554 432 2589 Actt.
453 2551 599 2603 philoll.
619 2555 793 2590 Monacc.

140 2609 206 2655 III,
221 2608 246 2647 4
267 2610 352 2658 pd'g.
375 2609 467 2656 520,
489 2610 553 2645 ubi
574 2609 766 2660 μέζονας
758 2623 797 2645 111

144 2659 316 2715 μεζόνως
335 2667 474 2701 mutari
501 2667 594 2703 vult.
652 2667 796 2716 Negris,

143 2724 209 2773 qui
236 2721 357 2769 iungit
387 2734 475 2757 cum
505 2722 653 2759 verbo’
642 2722 799 2772 ἔχοντας

142 2778 338 2829 sequentia
367 2778 482 2814 verba
521 2777 686 2818 ἕπεσθαί
714 2792 798 2827 σφι,

143 2834 432 2886 interpretatur:
503 2832 570 2874 ὁὲν
622 2834 800 2875 ἔπαυσαν

374 677 603 722 Αὐτονόου
634 678 691 727 δὲ,
721 677 851 728 πέλας
879 681 952 734 τῆς
985 681 1244 735 Κασταλίης,
1274 677 1361 723 ὑπὸ
1388 683 1441 738 τῇ

841 852 917 889 τοῦ
934 847 985 889 νοέ
1009 846 1104 896 τούς
1132 844 1401 899 ἅκολουθαῒσι,
1428 865 1497 891 non

842 908 1051 944 destiterunt
1075 908 1118 944 ab
1149 909 1377 958 insequenda,
1408 923 1497 946 cum

840 965 1002 1001 verbum
1029 964 1185 1014 ἔχοντας
1204 963 1266 1001 11Ῑο
1299 967 1498 1003 continua-

839 1022 986 1057 tionem
1040 1022 1281 1058 insecutionis
1330 1021 1499 1060 denotet.

839 1077 900 1114 Ad
949 1079 1073 1128 ipsum
1117 1085 1387 1128 argumentum
1432 1080 1499 1117 Cr.

841 1135 1003 1170 conferri
1021 1136 1177 1170 iusserat
1193 1137 1499 1186 HeyneExcurs.

840 1192 933 1227 XIII
954 1190 1001 1227 ad
1020 1192 1150 1241 virgil.
1171 1192 1270 1229 Aen.
1293 1193 1376 1230 Lib.
1393 1195 1422 1231 1.
1442 1195 1500 1230 De

842 1246 1103 1298 ἐπιφανείαις.

1021 1337 1114 1388 Cap.
1136 1339 1322 1377 XXXIX.

900 1410 1004 1454 εἶναι
1050 1415 1283 1468 ἐπιχωρίους
1333 1413 1499 1469 ἥρωας]

844 1472 901 1508 Ita
929 1486 949 1508 e
977 1473 1196 1510 Florentino
1231 1474 1387 1526 aliisque
1414 1474 1502 1511 decli

845 1542 934 1565 cum
964 1537 1122 1568 recentt.
1181 1530 1306 1580 Vulgo
1341 1532 1503 1568 verbum

847 1581 950 1624 εἶναι
970 1588 1122 1639 reliquis
1148 1588 1397 1638 postponitur.
1437 1588 1504 1625 Si-

845 1644 926 1679 mili
975 1651 1103 1680 autem
1141 1643 1257 1681 modo
1296 1646 1502 1682 Pausanias

843 1700 970 1736 scribit
990 1702 1040 1747 X,
1063 1703 1115 1740 23
1139 1702 1174 1746 ξ.
1199 1704 1236 1749 3,
1267 1702 1382 1738 Gallis
1403 1715 1504 1754 quo-

845 1770 920 1808 que
958 1758 1141 1794 terribiles
1175 1757 1390 1808 adparuisse
1428 1765 1503 1796 tres

843 1812 977 1850 heroes
997 1815 1141 1864 templo
1168 1816 1354 1851 auxilium
1373 1815 1504 1851 feren-

843 1877 910 1918 tes,
941 1870 1181 1917 Laodomm,
1214 1870 1503 1923 Hyperochum,

844 1926 1060 1978 Pyrrhum3
1092 1928 1228 1979 quibus
1257 1935 1410 1980 quartus
1447 1935 1507 1965 et·-

844 1985 922 2020 i’am
944 1997 964 2020 a
984 1983 1141 2035 Delphis
1159 1992 1377 2021 accensetur
1395 1983 1506 2036 Phy-

846 2042 971 2088 lacus,
1004 2041 1186 2091 indigena
1225 2040 1358 2089 heros,
1398 2043 1504 2078 cuius

846 2098 1026 2134 sacellum
1046 2111 1163 2148 prope
1183 2099 1378 2135 Minervae
1407 2099 1506 2134 Pro-

846 2167 965 2190 naeae
1005 2155 1192 2204 templum
1231 2161 1507 2192 commemorat

848 2210 952 2247 idem
973 2212 1176 2248 Pausanias
1195 2212 1245 2259 Χ,
1268 2214 1292 2252 8
1314 2213 1352 2257 §.
1373 2211 1412 2251 4.

906 2266 1026 2314 πέλας
1055 2270 1125 2316 τῆς
1159 2267 1416 2318 Κασταλίης]
1446 2268 1506 2304 De

852 2324 1025 2371 Castalia,
1080 2325 1186 2360 fonte
1244 2325 1504 2371 celeberrimo,

851 2394 966 2433 quem
1004 2382 1056 2417 ibi
1094 2381 1207 2418 fuisse
1245 2381 1399 2428 volunt,
1438 2381 1506 2417 ubi

849 2451 951 2474 nunc
962 2438 1093 2475 Sancti
1107 2438 1257 2474 Ioannis
1275 2444 1506 2474 monstratur

849 2496 1042 2542 sacellum,
1064 2508 1181 2545 prope
1202 2501 1308 2531 vetus
1320 2494 1509 2545 templum

851 2565 955 2588 nunc
976 2551 1156 2598 dirutum,
1177 2550 1254 2590 vid.
1276 2552 1437 2589 Pausan.
1456 2552 1507 2599 X,

854 2611 878 2649 8
902 2609 938 2653 ξ.
961 2607 985 2647 5
1015 2608 1106 2658 ibiq.
1130 2608 1270 2644 Siebel.
1302 2621 1389 2658 pag.
1415 2609 1508 2648 182.

854 2666 974 2700 Krnse
993 2665 1039 2710 II,
1063 2667 1088 2704 2
1109 2677 1146 2714 p.
1172 2667 1220 2704 16
1241 2677 1318 2715 seq.
1346 2663 1399 2703 44
1428 2677 1509 2715 seq.

854 2721 1058 2770 Descripsit
1079 2727 1115 2756 et
1135 2721 1174 2756 in
1203 2721 1330 2757 tabula
1352 2722 1427 2756 aeri
1451 2722 1508 2756 in-

856 2776 931 2813 cisa
952 2778 1245 2827 repraesentavit
1265 2777 1510 2813 ClarkeTra-

855 2834 934 2873 vels
952 2835 1002 2882 ΙΙ,
1022 2836 1046 2875 3
1068 2833 1178 2885 chap.
1199 2835 1249 2870 VI
1268 2848 1308 2885 p.
1332 2836 1410 2875 184
1430 2846 1512 2885 seq.

1172 2899 1197 2941 4
1215 2899 1238 2924 20<

1489 406 1606 437 Heroes
1617 411 1766 446 Phylacuo

1488 446 1520 470 et
1537 444 1696 473 Autonous.
