1839 3292
281 441 346 487 81

79 507 164 535 Dona
181 506 238 534 diis
255 507 353 535 minsa.

79 540 196 570 Praeda
214 540 257 569 dix
265 541 319 569 ina.

407 193 491 234 322

811 191 1274 229 HERODOTI

410 301 664 359 Αἰγινήτῃσι
694 304 738 344 οἱ
766 299 946 356 μεγάλοι
975 303 1159 344 πλοῦτοι
1190 298 1328 357 ἀρχὴν
1356 300 1561 344 ἐνθεῦτεν
1590 299 1674 355 ἐγέ-
1688 307 1733 342 70

408 386 568 422 νοντο,
627 372 671 412 οἳ
710 367 787 411 τόν
824 366 1014 423 χρυσόν,

406 437 526 492 παρὰ
564 441 653 480 τῶν
693 436 903 479 εἱλωτέων
941 432 1138 478 ὠνέοντο,

410 506 463 549 τὰ
482 504 698 561 χρήματα,
739 504 811 548 καὶ
841 503 1026 561 δεκάτην
1055 503 1267 556 ἐξελόντες
1295 508 1356 561 τῷ
1387 505 1433 547 ἐν
1462 508 1676 560 Δελφοῖσι

1075 367 1148 410 ἅτε
1178 367 1307 411 ἐόντα
1335 368 1497 424 χαλκόν
1526 370 1676 425 δῆθεν,

1213 434 1589 492 Συμφορήσαντες
1630 435 1676 480 δὲ

405 578 520 629 θεῷ,
563 572 631 615 ἀπ’
663 567 713 628 ἧς
755 571 778 616 ὁ
809 573 991 626 τρίπους
1021 571 1044 616 ὁ
1075 571 1257 628 χρύσεος
1292 571 1501 627 ἀνετέθη,
1553 571 1577 615 ὁ
1607 573 1678 616 ἐπὶ

403 646 484 686 τοῦ
511 640 782 697 τρικαρήνου
814 639 943 696 ὄφιος
972 644 1052 685 τοῦ
1087 638 1273 697 χαλκέου
1310 638 1516 691 ἐπεστεώς
1555 637 1676 695 ἄγχι-

350 848 470 888 tarch.
502 847 752 886 Themisto-d.
789 850 838 888 18
855 861 893 899 p.
919 850 1012 889 117.

350 909 408 944 De
438 907 590 944 Acinace
611 905 660 942 cf.
680 906 745 951 ΙΙΙ,
770 906 860 946 128.

413 971 434 984 et
513 968 548 986 ,ι
726 975 735 990 5
780 968 788 983 x
890 974 906 982 .,

408 988 476 1012 ατε
507 988 626 1012 εοντα
672 987 815 1024 χαωιον
855 972 1013 1022 δηθεν]

353 1060 377 1080 ,,
393 1031 509 1072 Quasi
524 1043 602 1066 vero
613 1043 670 1066 aes
682 1030 790 1080 foret.
811 1029 1013 1066 Rudisim-

352 1089 518 1139 plicitate
539 1087 774 1134 Helotarum,
800 1098 937 1122 aurum
955 1092 1014 1122 at-

354 1157 429 1196 que
467 1156 528 1180 aes
562 1143 628 1180 vix
660 1143 1012 1190 internoscentium‚

354 1201 460 1237 abusi
481 1201 690 1250 Aeginetae
703 1206 803 1236 sunt.
834 1198 933 1244 Quid
954 1200 1014 1237 vi-

355 1265 416 1294 cto
438 1256 486 1294 ad
508 1257 764 1294 Gransonium
774 1257 908 1294 Carolo
929 1256 1015 1293 Au-

355 1313 471 1362 dace,
503 1313 751 1364 Burgundiae
773 1312 882 1362 duce,
917 1314 1014 1351 vasis

352 1372 431 1408 eius
453 1371 661 1421 argenteis,
701 1377 882 1408 stannum
911 1371 1014 1406 arbi-

349 1429 449 1476 trati,
484 1428 668 1476 fecerint,
709 1440 862 1480 quoque
895 1426 1012 1464 modo

350 1497 537 1536 gemmas,
576 1485 698 1522 multo
736 1485 940 1521 rarissimas
976 1490 1014 1521 et

351 1542 462 1593 pretii
485 1542 650 1591 ingentis
664 1569 675 1588 ,
702 1548 889 1593 tanquam
905 1541 1012 1578 vilis-

350 1600 446 1636 sima
466 1605 590 1635 scruta
611 1599 816 1636 abiecerint
835 1598 1012 1646 Helvetii,

352 1654 493 1693 durum
509 1656 555 1691 ab
577 1656 689 1705 stirpe
706 1668 837 1705 genus,
859 1655 1012 1704 elegan-

350 1713 492 1749 tissime
522 1711 597 1749 Ph.
627 1712 832 1749 Comineus
851 1713 1012 1749 Memor.

349 1770 436 1806 Lib.
455 1769 501 1816 V,
531 1773 557 1809 2
579 1772 791 1819 exposuit.‘⁴
828 1768 926 1805 lVes
942 1783 958 1805 s
975 1782 1014 1805 e·

351 1826 472 1874 lang.
532 1827 598 1862 His
623 1822 799 1873 ¹addam,
836 1838 933 1877 quae
965 1823 1012 1861 de

351 1881 488 1918 eadem
514 1895 553 1918 re
569 1881 711 1919 iudicat
731 1883 775 1920 C.
796 1884 842 1919 O.
861 1882 1011 1920 muller.

351 1940 544 1989 Aeginett.
576 1953 614 1990 p.
648 1942 721 1979 127
739 1953 749 1976 :
800 1940 1011 1987 „Novimus

351 2009 502 2032 morem
539 1997 740 2047 scriptoris,
781 1996 1013 2047 populorum

353 2053 464 2089 statui
485 2053 694 2104 opibusque
715 2054 868 2090 vetustis
884 2065 1012 2089 causas

352 2110 518 2145 multum
539 2111 765 2147 recentiores
786 2110 1013 2147 subiicientis

351 2179 478 2218 neque
499 2168 613 2216 igitur
632 2167 837 2217 Aeginetas
858 2166 906 2203 ob
936 2165 1013 2202 hu-

351 2223 409 2259 ius
420 2230 654 2260 mercaturae
664 2223 838 2261 fraudem
848 2236 907 2260 ma
912 2235 1012 2273 gno-

351 2293 441 2330 pere
467 2280 766 2330 obiurgabimns.
822 2280 1012 2330 Perspici-

349 2343 413 2373 tur
431 2343 560 2373 tamen
582 2351 630 2374 ex
648 2338 725 2374 istis
745 2336 931 2375 Herodoti
949 2337 1010 2386 ip-

349 2394 426 2430 sius
456 2394 598 2440 verbis,
628 2394 778 2445 quantis
805 2401 888 2431 tum
911 2392 1009 2429 divi-

348 2451 408 2486 tiis
427 2450 637 2500 Aeginetae
656 2451 864 2488 floruerint.
905 2450 1009 2495 Quae

350 2514 450 2543 certe
472 2508 616 2557 priora,
638 2521 755 2559 quam
775 2520 873 2560 quae
892 2507 1007 2544 Libro

349 2563 400 2599 VI
423 2563 625 2600 traduntur
651 2572 765 2616 atque
786 2571 873 2601 ante
893 2564 1008 2614 Aegi-

350 2626 454 2656 netas
474 2622 593 2671 patria
607 2623 781 2672 expulsos
797 2622 1008 2671 conscripta

348 2683 446 2712 sunt.
497 2677 575 2714 Sed
611 2678 844 2729 stipendiarii
877 2685 1007 2715 tamen

348 2731 642 2772 Atheniensibus
661 2737 737 2772 iam
756 2743 840 2773 tum
856 2736 1005 2772 erant.“

348 2789 397 2827 A.
416 2787 562 2838 schem,
580 2794 805 2832 vernaculus
823 2794 1007 2844 interpres

1068 847 1110 885 in
1130 855 1210 890 not.
1228 845 1364 888 adm.
1386 844 1626 884 Herodotum
1645 859 1733 884 ma-

1069 918 1164 956 gnas
1187 906 1459 955 Aeginetarnm
1476 917 1566 954 opes
1592 917 1640 941 ex
1659 903 1731 941 hao

1070 976 1110 999 re
1131 970 1378 1014 repetentem,
1401 960 1595 998 contendit
1614 960 1732 997 indu-

1071 1026 1177 1056 ctum
1207 1020 1319 1055 fuisse
1359 1019 1405 1054 ab
1435 1016 1730 1055 Atheniensibus

1069 1076 1345 1125 Aeginetarum
1378 1075 1563 1122 inimicis,
1593 1075 1660 1127 qui
1679 1075 1731 1110 ita

1069 1133 1141 1183 ipsi
1169 1132 1376 1168 retulerint.
1413 1152 1466 1159 —
1499 1133 1556 1167 De
1594 1132 1730 1168 vocula

1070 1190 1200 1241 δῆθεν
1217 1187 1295 1227 vid.
1313 1194 1410 1228 nott.
1435 1185 1483 1224 ad
1503 1188 1572 1235 IX,
1594 1189 1662 1229 66.

1261 1278 1355 1330 Cap.
1372 1277 1555 1318 LXXXI.

1126 1352 1336 1408 ἐξελόντες]
1375 1356 1483 1394 Idem
1503 1356 1664 1395 verbum
1684 1353 1733 1393 de

1069 1415 1180 1452 rebus
1208 1414 1279 1451 deo
1312 1415 1478 1465 cuipiam
1511 1413 1670 1450 exemtis
1695 1419 1732 1450 et

1071 1473 1294 1509 consecratis
1314 1472 1377 1519 lV,
1403 1473 1494 1511 161.
1525 1471 1625 1508 Sunt
1639 1482 1730 1509 vero

1069 1528 1254 1566 Herodoti
1279 1528 1393 1566 verba
1417 1540 1498 1564 non
1516 1528 1568 1564 ita
1587 1527 1732 1564 iutelli-

1069 1585 1215 1637 genda,
1250 1592 1292 1622 ut
1330 1598 1448 1621 unam
1486 1583 1675 1621 decimam
1709 1596 1731 1620 e

1070 1642 1211 1694 praeda
1223 1643 1382 1678 electam
1394 1642 1511 1678 tribus
1522 1639 1624 1678 hisce
1637 1653 1731 1692 ope-

1068 1701 1173 1736 ribus
1208 1700 1403 1750 tribusque
1436 1697 1504 1734 diis
1539 1696 1730 1734 suffecisse

1068 1764 1258 1807 putemus,
1276 1753 1730 1807 quemadmodumintel-

1067 1814 1212 1851 lexerat
1235 1811 1466 1859 Larcherus,
1501 1810 1589 1858 sed,
1625 1810 1730 1863 quod

1067 1871 1167 1907 bene
1200 1870 1350 1907 monuit
1384 1867 1611 1905 Brondsted.
1642 1869 1668 1906 l.
1701 1869 1729 1906 l.

1065 1928 1084 1963 I
1118 1941 1156 1978 p.
1193 1930 1267 1967 101
1291 1933 1384 1973 not„
1414 1926 1602 1975 triplicem
1624 1923 1729 1962 deci-

1067 1997 1173 2021 mam
1214 1984 1351 2020 Graeci
1383 1983 1539 2033 elegisse
1568 1981 1728 2033 putandi

1067 2048 1167 2089 sunt,
1205 2041 1413 2092 unicuique
1451 2053 1471 2075 e
1508 2040 1626 2076 tribus
1657 2037 1727 2076 diis

1066 2098 1272 2135 nominatis
1292 2110 1412 2134 unam
1432 2095 1621 2133 decimam
1641 2096 1727 2132 exi-

1067 2162 1230 2192 mentes.
1249 2176 1305 2181 —
1333 2155 1392 2190 De
1408 2153 1541 2204 tripode
1561 2153 1609 2190 cf.
1630 2153 1727 2190 Dio-

1067 2210 1147 2249 dor.
1178 2212 1246 2259 XI,
1269 2214 1336 2251 33.

1125 2276 1189 2318 ἐπὶ
1207 2280 1283 2317 τοῦ
1312 2272 1556 2330 τρικαρήνου
1585 2272 1722 2326 ὄφιος]

1063 2335 1257 2385 „Durabat
1267 2336 1304 2371 in
1317 2342 1488 2385 tempora
1499 2334 1722 2382 Pausaniae,

1065 2404 1180 2429 aureo
1210 2391 1358 2443 tripode
1389 2391 1537 2428 dudum
1567 2403 1589 2427 a
1615 2388 1723 2427 Pho-

1065 2449 1238 2486 censibus
1258 2451 1463 2486 interverso
1486 2456 1522 2484 et
1545 2446 1709 2484 conflato

1062 2507 1129 2547 lib.
1161 2507 1212 2553 X,
1242 2509 1292 2547 13
1326 2508 1362 2552 ξ.
1393 2506 1429 2546 5.
1489 2505 1613 2551 Quam
1631 2515 1721 2542 vero

1064 2563 1278 2600 Gronovius
1308 2577 1355 2599 ex
1383 2561 1570 2600 WVhelero
1600 2560 1722 2612 adpo-

1062 2621 1135 2657 suit
1164 2621 1333 2670 tricipitis
1369 2620 1513 2656 colubri
1543 2618 1719 2669 figuram,

1062 2691 1147 2713 eam
1168 2675 1278 2714 huius
1292 2675 1424 2725 videri,
1445 2690 1465 2713 a
1483 2676 1631 2726 Cupero
1650 2687 1720 2711 ve-

1058 2735 1158 2771 ritati
1177 2733 1406 2784 respondere
1425 2740 1598 2784 negatur,
1623 2731 1719 2781 Epi-

1059 2792 1143 2831 stol.
1172 2791 1256 2829 Lib.
1285 2793 1320 2828 Π
1349 2803 1437 2843 pag.
1460 2793 1553 2831 177.
1591 2788 1718 2825 Litem

1731 509 1813 549 729
