1839 3292
342 203 400 245 88
744 202 1210 240 HERODOTI

342 313 460 366 „tc-321
507 327 553 355 τε
593 311 617 355 ὁ
660 309 930 368 βουλόμενος
968 310 1042 354 καὶ
1078 313 1166 352 τῶν
1207 309 1352 354 ἄλλων
1388 309 1609 367 Ἑλλήνων

339 384 559 436 ,,μυεῖται·
622 380 697 422 καὶ
726 378 807 433 τὴν
838 377 1019 433 φωνήν,
1050 381 1126 432 τῆς
1156 376 1355 428 α’κούεις,
1395 379 1441 422 ἐν
1472 379 1609 437 ταύτῃ

313 452 424 504 6,,τῇ
460 446 570 503 ὁρτῇ
613 444 909 501 ἰακχάζουσι.“
971 444 1095 498 Πρὸς
1126 448 1262 487 ταῦτα
1293 447 1426 499 εἰπεῖν
1464 446 1667 504 Amavi-45

341 529 496 572 ρητον·
527 515 670 568 ,,Σι’γα
699 529 766 565 τε,
798 513 869 556 καὶ
900 513 1054 570 μηδενὶ
1095 510 1212 567 ἄλλῳ
1243 512 1319 555 τὸν
1349 513 1482 567 λόγον
1513 519 1612 559 τοῦ·

341 598 447 635 ,,τον
487 582 620 638 εἴπῃς.
682 581 738 637 ἢν
777 581 973 639 γάρτοι
1011 581 1054 632 ές
1085 580 1262 636 βασιλέα
1294 579 1528 638 ἀνενειχθῇ
1556 583 1610 626 τοὶ

342 650 474 704 ,,έ’πεα
495 653 646 699 ταῦτα,
680 649 934 705 ἀποβαλέεις
961 649 1043 704 τήν
1071 647 1293 703 κεφαλήν·
1329 650 1403 691 καί
1433 661 1480 692 σε
1513 649 1614 693 οὔτε

341 716 454 772 ,,ἐγώ
495 716 738 774 δυνήσομαι
780 716 1023 771 ῥύσασθαι,
1065 713 1154 760 οὔτ’
1194 716 1321 767 ἄλλος
1359 715 1613 770 ἀνθρώπων

341 785 476 837 ,,οὕδὲ
497 782 570 836 εἷς.
628 784 718 828 ἀλλ’
755 783 808 841 ἔχ’
839 785 1020 841 ἥσυχος·
1060 784 1157 838 περὶ
1190 784 1236 827 δὲ
1272 788 1475 840 στρατιῆς
1513 787 1670 840 τῆσ-5Ο

317 855 424 906 7,,δε
465 858 608 896 θεοῖσι
638 851 860 909 μελήσει.“
922 852 1011 895 Τὸν
1051 851 1129 906 μὲν
1160 852 1213 908 δή
1232 857 1370 895 ταῦτα
1401 852 1614 905 παραινέ-

344 937 422 965 ειν.
483 921 529 964 ἐκ
561 921 607 964 δὲ
642 925 725 964 τοῦ
758 924 993 975 κονιορτοῦ
1022 920 1094 963 καὶ
1125 924 1199 975 τῆς
1227 924 1377 976 φωνῆς
1408 920 1615 975 γενέσθαι

344 988 502 1044 νέφος,
554 989 628 1032 καὶ
667 989 967 1044 μεταρσιωθὲν
1000 989 1216 1044 φέρεσθαι
1253 987 1322 1030 ἐπὶ
1361 991 1615 1043 Σαλαμῖνος

317 1056 419 1100 8έπὶ
448 1055 496 1100 τό
530 1057 825 1110 στρατόπεδον
845 1058 892 1101 τὸ
923 1061 1010 1100 τῶν
1035 1055 1266 1112 Ἑλλήνων.
1314 1056 1429 1099 οὕτω
1462 1057 1506 1100 δὲ
1539 1054 1616 1100 αὐ-

345 1124 451 1174 τοὺς
480 1130 650 1180 μαθεῖν,
686 1125 752 1169 ὅτι
781 1125 829 1168 τὸ
860 1123 1068 1168 ναυτικὸν
1096 1123 1144 1166 τὸ
1165 1124 1331 1176 Ξέρξεω
1351 1122 1617 1167 α’πολέεσθαι

346 1193 508 1249 μέλλοι.
573 1195 721 1236 Ταῦτα
773 1192 851 1247 μὲν
891 1197 1076 1242 Δικαῖος
1118 1190 1142 1234 ὁ
1195 1193 1438 1242 Θεοκύδεος
1488 1192 1614 1246 ἔλεγε,
1627 1196 1672 1233 55

347 1258 616 1316 Δημαρήτου
646 1276 690 1303 τε
721 1260 795 1304 καὶ
824 1259 970 1303 ἄλλων
995 1257 1232 1315 μαρτύρων
1276 1258 1616 1315 καταπτόμενος.

221 1320 288 1367 66

457 1328 510 1370 Οἱ
539 1327 585 1370 δὲ
613 1327 656 1378 ἐς
684 1328 760 1371 τὸν

289 1513 404 1551 etlam
436 1513 600 1565 pertinet
635 1513 798 1550 verbum
838 1516 950 1564 μυεῖ-

290 1574 410 1618 σθαι,
449 1583 525 1622 quo
558 1571 693 1607 Noster
724 1570 838 1621 paulo
867 1577 950 1620 post

288 1640 377 1663 usus
395 1634 449 1664 est
477 1634 514 1664 et
529 1628 587 1674 ΙΙ,
626 1627 702 1674 51,
731 1629 761 1664 si
792 1627 950 1678 quidem

289 1683 385 1720 illud
404 1685 443 1720 iu
455 1684 679 1721 universum
699 1682 746 1720 de
759 1685 950 1735 quibusvis

288 1741 402 1778 sacris
433 1742 578 1777 arcanis
613 1742 812 1778 secretisve
840 1740 951 1777 adhi-

289 1797 415 1835 betur.
471 1798 588 1834 Plura
629 1796 734 1834 idem
775 1798 951 1834 Creuzer.

291 1855 467 1906 Symbol.
485 1855 538 1891 IV
558 1868 596 1904 p.
618 1854 714 1896 500.
737 1875 793 1881 ——-
814 1855 952 1891 Proxi-

291 1924 402 1948 mum
419 1906 654 1962 ἀποβαλέεις
678 1907 752 1961 τὴν
771 1908 953 1961 κεφαλήν

291 1967 570 2018 Wytteubaoh.
591 1966 639 2003 ad
660 1967 852 2007 Plutarch.
866 1969 954 2004 Mo·-

294 2025 378 2062 rall.
398 2026 417 2060 I
437 2037 524 2075 pag.
550 2026 628 2063 132
650 2036 669 2059 a
693 2024 758 2062 Cr.
781 2024 953 2061 laudatus

295 2088 492 2132 comparat
513 2094 601 2117 cum
621 2081 817 2118 Plutarchi
845 2083 898 2130 (11

299 2141 348 2178 11
372 2139 437 2187 B.)
460 2137 559 2174 dicto
579 2138 714 2174 simili:
736 2136 809 2189 τήν
831 2154 957 2187 κεφα-

296 2191 373 2245 λὴν
395 2191 465 2245 οὐχ
491 2193 587 2241 ἕξεις
616 2195 687 2230 etl
716 2208 755 2244 p.
781 2197 887 2236 1015
908 2196 955 2231 b.

299 2252 356 2297 (in
375 2252 449 2288 Vit.
470 2252 672 2287 Artaxerx.
695 2264 753 2302 cp.
776 2252 832 2302 9.)
855 2246 957 2291 ἄπο-

296 2304 492 2358 λεῖς-τήν
512 2303 708 2357 κεφαλήν.

355 2363 414 2415 ἔχε
444 2361 608 2415 ἥσυχος]
639 2362 884 2400 Adiectivum
917 2362 957 2399 in

297 2418 356 2458 his
387 2420 557 2458 adhiberi
587 2421 758 2458 observat
778 2418 957 2456 Larcher.

299 2479 416 2515 citans
428 2476 598 2528 Euripid.
611 2476 713 2517 Med.
732 2477 825 2517 553.
838 2478 957 2513 Orest.

303 2534 422 2573 1275.
445 2557 496 2562 ·-
526 2535 647 2570 Paulo
678 2541 764 2570 ante
797 2532 959 2583 βασιλέα

300 2588 388 2626 dedi
409 2604 476 2641 pro
501 2591 684 2641 βασιλῆα.
705 2612 760 2617 -
790 2591 960 2627 Verbum

301 2644 407 2695 μέλει
441 2661 528 2683 cum
560 2648 837 2698 praepositione
867 2646 960 2697 περὶ

301 2703 547 2739 coniunctum
558 2705 770 2741 invenimus
781 2704 842 2751 VI,
867 2707 958 2743 101.

302 2759 418 2794 Plura
434 2758 536 2795 dabit
557 2761 720 2810 Strange
740 2762 780 2796 in
792 2759 958 2797 Seebod.

304 2821 341 2853 et
364 2813 473 2854 Iahu.
500 2816 655 2856 Anuan.
687 2818 822 2869 Suppl.
848 2819 904 2866 11,
933 2819 958 2857 3

789 1328 958 1384 Ξέρξεω
989 1327 1198 1372 ναυτικὸν
1228 1327 1417 1383 στρατὸν
1436 1326 1615 1384 ταχθέν-

1006 1526 1043 1563 p.
1075 1510 1177 1559 400,
1210 1510 1276 1563 qui
1304 1510 1419 1548 etiam
1449 1509 1527 1548 huc
1555 1511 1673 1550 refert

1006 1569 1170 1606 similem
1187 1569 1294 1605 verbi
1316 1568 1543 1619 φροντίζειν
1573 1576 1676 1606 stru-

1007 1634 1156 1664 cturam
1175 1626 1282 1672 VIII,
1315 1627 1366 1665 36
1388 1632 1425 1662 et
1454 1626 1541 1669 VII,
1576 1627 1674 1666 236.

1063 1681 1107 1722 ἐκ
1139 1679 1181 1721 δὲ
1200 1684 1272 1721 τοῦ
1301 1685 1536 1734 κονιορτοῦ]
1579 1680 1622 1721 δὲ
1652 1695 1675 1718 e

1007 1740 1173 1778 Florent.
1207 1752 1227 1775 a
1262 1746 1419 1778 recentt.
1451 1740 1534 1776 iure
1564 1752 1676 1776 rece-

1011 1803 1121 1847 ptum
1143 1808 1211 1847 pro
1231 1796 1336 1845 vulg.
1360 1793 1424 1846 δή.
1442 1797 1517 1832 Pro
1532 1810 1676 1847 μεταρ-

1010 1850 1161 1892 σιωθὲν
1182 1854 1221 1888 in
1236 1851 1371 1889 Schol.
1393 1855 1577 1903 Hermog.
1597 1853 1624 1890 l.
1647 1853 1675 1890 l.

1011 1917 1132 1947 exstat
1179 1907 1392 1960 μετάρσιον
1440 1907 1675 1961 γενόμενον,

1008 1968 1177 2018 itemque
1198 1962 1420 2005 ἀπολέσθαι
1431 1980 1498 2017 pro
1513 1963 1677 2006 ἀπολέε-

1012 2028 1120 2063 σθαι.
1187 2024 1273 2060 Vox
1303 2019 1536 2074 μετάρσιος,
1575 2036 1675 2076 quae

919 2095 954 2132 p.
1011 2080 1115 2117 idem
1135 2081 1235 2117 valet
1256 2087 1368 2131 atque
1391 2080 1584 2133 μετέωρος
1609 2093 1676 2118 su-

1012 2151 1079 2189 pra
1102 2144 1222 2173 exstat
1241 2137 1271 2172 Υ
1275 2138 1330 2183 11,
1354 2139 1446 2177 188.

1069 2189 1313 2260 Δημαρητου
1356 2207 1396 2231 τε
1441 2191 1509 2231 καὶ
1547 2189 1676 2232 ἄλλων

1015 2248 1227 2300 μαρτύρων
1246 2246 1562 2314 καταπτόμενος]
1594 2251 1619 2286 i.
1641 2263 1677 2287 e.

1014 2308 1203 2344 Demarati
1213 2307 1456 2355 alz'orumque'
1442 2319 1498 2342 vm
1503 2321 1607 2343 ocans
1622 2310 1677 2344 te-

1015 2366 1224 2401 sti'monmm.
1291 2364 1403 2399 Couf.
1441 2364 1512 2409 VI,
1551 2366 1603 2404 68
1640 2370 1677 2401 et

1014 2419 1187 2458 Eustath.
1221 2419 1268 2456 ad
1298 2420 1341 2455 ll.
1370 2433 1406 2470 p.
1433 2420 1532 2466 155,
1566 2422 1617 2460 28
1645 2433 1677 2457 s.

1019 2480 1122 2524 117,
1165 2476 1236 2522 34,
1285 2477 1350 2512 ubi
1381 2473 1679 2527 καταπτόμενος

1016 2535 1079 2571 ille
1090 2535 1356 2584 interpretatur
1366 2528 1568 2585 μάρτυρας
1582 2548 1679 2586 προ-

1019 2590 1169 2643 φέρων.

1216 2670 1307 2720 Cap.
1343 2669 1481 2706 LXVI.

1076 2759 1128 2800 Οἱ
1146 2757 1187 2799 δὲ
1215 2758 1252 2806 ἐς
1273 2757 1338 2799 τὸν
1361 2758 1510 2809 Ξέρξεω
1546 2774 1679 2798 ναυτι-

1016 2814 1090 2859 κόν
1123 2814 1287 2871 στρατὸν
1326 2815 1565 2868 ταχθέντες]
1616 2815 1678 2854 Ad
