1839 3292
247 809 315 853 70

45 873 227 901 Sainminom
254 882 322 900 ver-

45 916 96 935 nus
113 908 299 943 provehitur.

374 220 430 260 94

774 216 1234 254 HERODOTI

375 332 461 385 τῆς.
517 327 630 371 Ἐπεὶ
671 327 716 371 δὲ
756 324 1075 383 ἀνηνείχθησαν
1114 327 1160 368 αἱ
1186 329 1355 381 γνῶμαι
1393 325 1436 377 ές
1466 325 1640 380 Ξέρξεα,

376 398 515 453 κάρτα
543 413 588 440 τε
616 396 733 452 ἥσθη
762 399 814 452 τῇ
832 395 984 452 γνώμῃ
1011 400 1088 451 τῆς
1114 393 1396 448 Ἀρτεμισίης·
1423 394 1495 437 καὶ
1523 394 1696 448 νομί-35

378 471 461 520 ζων
491 465 552 508 ἔτι
581 463 798 518 πρότερον
821 464 1066 519 σπουδαίην
1087 459 1214 513 εἶναι,
1244 457 1339 502 τότε
1356 465 1504 520 πολλῷ
1534 465 1642 517 μᾶλ-

350 538 464 577 3λον
494 534 622 576 αἴνεε.
669 531 788 586 ὅμως
817 530 864 575 δὲ
892 535 1007 574 τοῖσι
1037 529 1189 574 πλέοσι
1217 530 1449 571 πείθεσθαι
1477 527 1643 572 ἐκέλευε

377 602 502 654 τάδε,
541 599 782 652 καταδόξας
819 599 930 654 πρὸς
959 599 1039 656 μὲν
1069 597 1237 654 Εὐβοίῃ
1276 596 1412 651 σφέας
1443 595 1643 640 ἐθελοκα-

377 670 504 722 κέειν,
538 669 596 720 ὠς
624 667 677 712 οὕ
706 667 947 722 παρεόντος
978 665 1128 710 αὐτοῦ·
1157 663 1252 708 τότε
1282 664 1328 708 δὲ
1359 661 1494 715 αὐτός
1507 679 1643 719 παρε-

379 737 591 782 σκεύαστο
629 734 877 791 θεήσασθαι
915 734 1254 789 ναυμαχέοντας.

484 804 653 860 Ἐπειδὴ
686 804 731 847 δὲ
760 802 1058 859 παρήγγελλον
1079 801 1339 851 ἀναπλώειν,
1376 799 1542 856 ἀνῆγον
1570 799 1700 851 tais-40

380 877 489 927 νῆας
527 873 595 915 ἐπὶ
627 872 708 928 τήν
746 877 1003 928 Σαλαμῖνα,
1033 871 1107 914 καὶ
1136 871 1463 925 παρεκρίθησαν
1494 871 1643 912 διατα-

351 943 560 998 ἳχθέντες
591 939 679 983 κατ’
710 941 906 996 ἡσυχίην.
964 939 1060 982 τότε
1090 940 1169 995 μέν
1208 955 1292 981 νυν
1331 936 1413 981 οὐκ
1450 936 1643 992 ἐξέχρησέ

382 1022 463 1065 σφι
499 1009 525 1064 vj
556 1007 693 1065 ἡμέρη
723 1009 966 1064 ναυμαχίην
1005 1007 1297 1063 ποιήσασθαι·
1327 1006 1405 1058 νὺξ
1434 1005 1518 1061 γάρ
1549 1005 1645 1048 έπε-

378 1077 554 1134 γένετο·
603 1078 646 1120 οῖ
688 1077 733 1120 δὲ
773 1074 1147 1130 παρεσκευάζοντο
1189 1074 1232 1125 ἐς
1277 1074 1355 1130 τὴν
1397 1074 1641 1130 ὑστεραίην.

387 1145 500 1196 Τοὺς
515 1143 560 1188 δὲ
580 1144 792 1200 “Ἐλληνας
805 1141 887 1199 εἶχε
905 1143 1000 1194 δέος
1013 1159 1056 1186 τε
1078 1143 1152 1186 καὶ
1171 1141 1383 1198 οἷῤῥωδίη,
1396 1142 1479 1186 οὐκ
1495 1142 1700 1198 {imam-45

350 1213 435 1257 3632
465 1211 571 1262 τούς
601 1211 686 1256 ἀπὸ
720 1210 1073 1266 Πελοποννήσου.

1132 1208 1361 1265 ἀρρώδεον
1391 1210 1449 1264 δὲ,
1478 1210 1546 1254 ὅτι
1568 1209 1645 1254 αὐ-

378 1281 447 1324 τοὶ
476 1282 553 1336 μὲν
583 1278 630 1322 ἐν
657 1283 879 1336 Σαλαμῖνι
905 1278 1140 1336 κατήμενοι
1169 1279 1279 1333 ὑπὲρ
1309 1283 1388 1335 γῆς
1422 1282 1500 1334 τῆς
1523 1276 1646 1335 Ἀθη-

379 1350 518 1392 ναίων
546 1348 808 1404 ναυμαχέειν
837 1348 1052 1403 μέλλοιεν·
1080 1346 1332 1405 νικηθέντες
1361 1363 1416 1399 τε,
1449 1346 1496 1390 ἐν
1525 1346 1646 1404 νήσῳ

381 1415 746 1472 ἀπολαμφθέντες
788 1415 1152 1473 πολιορκήσονται
1201 1413 1380 1467 ἀπέντες
1419 1414 1498 1471 τὴν
1543 1414 1647 1458 ἑωυ-

528 1671 620 1723 Cap.
650 1672 775 1710 LXX.

383 1748 520 1803 ἐπειδή
555 1747 862 1803 παρήγγελλον]
908 1749 986 1785 Pro

326 1806 464 1860 ἐπειδή
481 1810 519 1845 in
539 1809 706 1847 Florent.
729 1809 886 1859 aliisque
901 1803 987 1846 ἐπεὶ

328 1866 391 1915 δὲ,
423 1865 528 1919 quod
546 1866 689 1917 recepit
708 1863 877 1902 Bekker.
922 1863 988 1898 Tu

327 1923 430 1961 conf.
460 1925 521 1971 11,
552 1925 592 1962 2.
639 1922 728 1969 VII,
772 1924 839 1962 36,
878 1918 988 1956 Idem

326 1981 566 2018 Florentinus
585 1992 679 2016 mox
699 1977 815 2015 habet
833 1973 990 2028 παρήγ-

328 2040 479 2091 γειλον,
513 2037 578 2073 ubi
598 2034 783 2073 Valcken.
804 2035 991 2072 maluerat

326 2090 609 2146 παρήγγελλεν,
630 2092 735 2145 quod
750 2091 798 2129 ad
820 2093 992 2129 Xerxem

330 2152 528 2188 referatur.
557 2149 750 2203 Equidem
772 2147 820 2186 ad
836 2143 993 2200 παρήγ-

333 2210 470 2259 γελλον
538 2221 559 2243 e
604 2207 832 2258 praegressis
879 2218 993 2256 repe-

329 2272 368 2303 to
391 2263 432 2305 οἷ
450 2263 680 2317 στρατηγοὶ,
700 2263 749 2301 ad
769 2261 873 2315 quod
888 2261 993 2298 idem

331 2323 519 2374 pertinent
540 2316 689 2372 ἀνῆγον
714 2319 783 2368 (de
802 2321 883 2370 ipso
904 2331 994 2356 ver-

330 2380 381 2416 bo
400 2374 564 2431 (ἷνάγειν
586 2377 685 2415 conf.
706 2384 804 2414 nott.
826 2375 873 2413 ad
889 2377 989 2423 vul,

330 2439 382 2476 60
404 2437 440 2481 ξ.
458 2437 499 2485 1)
520 2442 556 2472 et
576 2434 880 2487 παρεκρίθησαν
902 2433 992 2471 δια-

329 2490 539 2542 ταχθέντες
561 2492 586 2530 i.
610 2505 644 2529 e.
675 2493 784 2528 aciem
813 2490 993 2540 explicue-

331 2553 413 2584 runt
439 2562 500 2598 per
531 2550 659 2596 otium,
700 2555 743 2585 ut
770 2545 992 2597 Schweigh.

333 2603 517 2653 reddidit,
562 2607 664 2643 sive:
720 2605 893 2655 explicati
937 2603 994 2640 illi

332 2662 467 2697 suntin
495 2664 595 2711 acie,
638 2675 700 2698 suo
741 2664 884 2712 quisque
920 2660 993 2696 Ioco

336 2718 498 2766 dispositi
521 2731 584 2766 per
616 2719 763 2756 ordines.
824 2717 993 2756 verbum

334 2773 652 2824 παρακρίνεσθαι
674 2774 720 2811 de
737 2776 843 2812 classi
863 2789 892 2812 s.
915 2775 994 2811 acie

333 2843 373 2868 se
411 2831 624 2881 explicante
677 2840 796 2869 exstat
840 2844 994 2885 quoque

1041 1638 1121 1682 IX,
1143 1638 1221 1682 983
1252 1630 1538 1675 διατάσσεσθαι
1565 1636 1707 1687 legitur

1041 1694 1078 1742 Ι,
1100 1695 1168 1733 80.
1202 1693 1293 1741 VII,
1317 1691 1383 1732 34.
1410 1692 1501 1733 124.
1530 1695 1621 1733 178.

1098 1744 1185 1788 τότε
1211 1749 1282 1799 μέν
1310 1763 1386 1788 νυν
1420 1745 1494 1788 ουίι
1525 1747 1706 1801 ἔξέχρησε

1043 1821 1080 1846 κ.
1100 1821 1133 1844 τ.
1158 1805 1213 1856 λ.]
1247 1807 1273 1844 i.
1307 1819 1338 1842 e.
1368 1810 1441 1842 tum
1463 1806 1597 1857 quidem
1632 1807 1707 1845 dies

1043 1876 1110 1900 non
1132 1862 1283 1912 suffecit,
1305 1876 1370 1913 qno
1389 1864 1560 1913 proelium
1581 1863 1707 1902 navale

1045 1922 1307 1957 committerent.
1369 1920 1478 1958 conf.
1513 1921 1586 1969 111,
1629 1923 1708 1962 137

1043 1978 1174 2028 ibique
1193 1984 1291 2014 nott.
1326 1978 1421 2014 Mox
1451 1991 1471 2014 e
1491 1978 1711 2014 Florentino

1046 2035 1203 2086 aliisque
1217 2047 1305 2071 cum
1324 2041 1480 2071 recentt.
1493 2033 1581 2071 dedi
1591 2030 1712 2086 ποιή-

1049 2095 1221 2140 σασθαι,
1241 2092 1308 2128 ubi
1327 2090 1537 2130 ποιέεσθαι
1558 2092 1711 2128 eWes-

1048 2149 1199 2198 seliugii
1256 2147 1422 2185 editione
1471 2149 1711 2185 retinuerunt

1050 2203 1242 2242 Schaefer.
1265 2211 1302 2241 et
1319 2203 1516 2245 Matthiae.

1107 2258 1183 2313 εἶχε
1216 2260 1304 2307 δέος
1333 2276 1372 2300 τε
1403 2260 1470 2300 καὶ
1505 2256 1707 2312 ὀρρωδίη]

1049 2318 1162 2355 Haud
1217 2320 1324 2355 aliter
1352 2316 1548 2355 Plutarch.
1599 2318 1711 2354 The-

1050 2376 1210 2413 mistocl.
1245 2379 1308 2416 11.
1346 2373 1480 2414 ἔννοια
1511 2372 1579 2414 καὶ
1622 2373 1712 2421 δέος

1048 2431 1133 2483 ἔσχε
1171 2429 1240 2471 τόν
1269 2426 1547 2483 Εὐρυβιάδην.
1580 2453 1637 2458 -
1665 2432 1710 2467 Iu

1046 2489 1342 2541 seqq.vo(;1ila1n
1361 2504 1399 2527 τε
1416 2495 1501 2540 post
1521 2486 1709 2539 νικηθέν-

1047 2561 1110 2593 τες
1131 2544 1351 2596 Schweigh.
1373 2547 1420 2583 ob
1445 2557 1710 2597 praegressum

1049 2598 1173 2650 αὐτός
1194 2601 1280 2653 μὲν
1300 2609 1490 2639 mutatum
1502 2603 1581 2640 vult
1601 2603 1640 2638 in
1653 2600 1709 2640 δέ.

1051 2659 1128 2697 Sed
1150 2660 1372 2710 particulam
1385 2675 1423 2698 τε
1434 2666 1583 2711 praeter
1596 2659 1710 2695 libros

1050 2718 1207 2767 scriptos
1253 2719 1339 2754 satis
1386 2718 1484 2753 tueri
1520 2714 1710 2762 videntur,

1052 2786 1149 2825 quae
1172 2773 1218 2810 ad
1240 2775 1329 2822 vll,
1371 2775 1449 2815 188
1477 2773 1595 2810 attuli.
1652 2772 1711 2807 De

1052 2830 1255 2868 indicativo
1277 2826 1621 2883 πολιορκήσονται,
1645 2829 1711 2881 qui
