1839 3292
212 203 297 246 552

215 314 310 354 Pisa,
335 321 414 355 opp.
436 308 562 352 Elidis,
585 309 632 351 11,
654 310 677 344 7
701 312 772 344 not.

218 360 407 394 Piscatores
429 356 628 401 Tirynthii,
659 355 744 395 vll,
767 352 835 387 137
861 354 932 387 not.

218 406 329 441 Pisces
351 403 516 447 gregales
547 402 581 434 in
615 400 746 445 stagnis
770 398 935 443 Aegypti,

263 449 318 490 II,
350 446 395 482 93
417 453 487 482 not.
517 446 689 490 lepidotus
719 449 753 480 et
776 445 934 490 anguilla

263 495 375 540 pisces
394 494 485 528 sacri
518 493 609 536 apud
635 492 764 537 Syros,
797 491 835 533 1,
867 489 936 523 200

264 545 335 575 not.
360 551 416 583 ap.
440 538 650 583 Aegyptios,
676 538 730 580 Il,
753 536 810 572 72.
834 535 937 580 pisci-

264 587 329 620 bus
354 584 445 618 vesci
480 586 578 618 nel‘as
600 586 749 628 Aegypt,
775 583 937 616 sacerdo-

266 633 370 672 tibus,
393 630 438 672 11,
462 630 507 664 37
527 634 596 664 not.
620 632 701 664 coll.
726 630 772 670 11,
796 628 841 663 77
865 631 938 664 not.

267 688 435 721 papi-aces
469 681 504 711 et
525 676 646 711 tilones
671 676 767 719 equis
791 687 853 718 pro
876 685 939 718 pa-

266 724 349 756 bulo
365 722 529 766 praebent
548 724 712 765 Paeones,
736 722 777 766 V,
804 721 848 755 16
868 725 937 754 not.

268 769 314 802 T.
340 768 389 801 Ill
415 781 448 812 p.
477 768 557 802 812.

222 814 447 856 Pisistratus,
472 813 626 849 Nestoris
648 812 720 853 fik,
742 812 787 850 V,
810 809 869 844 65.

223 861 451 903 Pisistratus,
486 859 711 903 Hippocratis
744 858 815 897 fil„
858 865 939 890 cum

268 907 430 950 Megacle
471 910 505 939 et
537 906 700 949 Lycurgo
734 902 941 937 factionibus

269 952 427 991 dissidet3
451 951 595 985 Athenis
608 950 746 990 eiectus,
770 960 849 981 cum
867 949 942 981 Me·

269 999 369 1042 gacle
391 997 564 1041 paciscens
594 996 683 1029 miro
708 995 810 1028 modo
840 994 942 1027 redu-

270 1044 380 1084 citur,
413 1044 448 1083 Ι,
479 1041 537 1076 59.
561 1042 618 1076 60.
652 1042 779 1075 iterum
803 1040 942 1080 eiectus,

270 1089 381 1122 denuo
419 1089 632 1122 Achivorum
663 1086 802 1120 auxiliis
834 1086 943 1119 Athe-

269 1135 322 1168 nis
345 1134 476 1177 potitur
506 1138 539 1168 et
569 1133 787 1178 tyrannidem
816 1132 945 1172 firmat,

271 1193 301 1215 c.
324 1179 487 1215 61—63.
535 1180 671 1214 Naxum
703 1179 767 1213 ins.
801 1177 944 1222 subigit,

269 1231 304 1261 et
321 1227 444 1260 Delum
467 1226 595 1269 expiat,
618 1238 647 1259 c.
672 1224 727 1261 64.
753 1225 944 1264 Cimonem,

269 1273 440 1306 Miltiadis
463 1277 617 1316 patrem,
645 1271 788 1305 Athenis
813 1271 847 1303 iu
871 1269 945 1303 exi-

271 1319 359 1352 lium
384 1318 504 1362 pellit,
538 1323 575 1353 at
607 1318 652 1351 ob
685 1316 870 1350 victoriam
895 1315 945 1349 Ο-

274 1365 468 1409 lympicam
500 1364 567 1398 sibi
597 1374 796 1397 concessam
828 1363 863 1395 in
884 1372 946 1405 pa-

274 1411 379 1445 triam
403 1410 573 1453 restituit,
607 1410 676 1452 Vl,
705 1409 782 1444 103,
817 1409 861 1441 cf.
888 1408 945 1449 w,

275 1455 331 1490 35.
359 1477 399 1482 -—
424 1456 561 1500 generis
585 1456 708 1499 origo,
744 1456 783 1496 V,
809 1454 855 1489 65
875 1459 946 1488 not.

274 1502 449 1537 Pisistrati
472 1507 618 1547 tempus,
643 1503 671 1543 Ι,
694 1500 739 1536 59
762 1506 832 1534 not.
864 1501 908 1536 T.
933 1500 948 1533 1

275 1560 308 1593 p.
332 1548 412 1582 927.
435 1569 478 1573 —
500 1549 540 1590 V,
563 1548 608 1581 65
635 1552 704 1582 not.
716 1548 751 1591 *)
776 1545 948 1582 Pisistrati

277 1594 484 1638 eloquentia,
508 1595 536 1635 Ι,
562 1594 607 1628 59
631 1599 701 1628 not.

232 1641 478 1675 Pisistratidae
501 1640 643 1674 Athenis
667 1639 788 1680 eiecti,
814 1639 858 1679 V,
890 1636 949 1671 63.

276 1686 321 1720 65
346 1690 414 1719 not.
438 1697 531 1729 seqq.
564 1687 609 1721 cf.
634 1698 663 1719 c.
686 1685 732 1718 90
756 1695 850 1727 seqq.
889 1683 950 1716 Pi-

277 1731 483 1772 sistratidae,
509 1731 567 1773 qui
590 1736 754 1765 vocentur
777 1732 820 1764 ab
836 1730 951 1764 Hero-

280 1779 372 1819 doto,
399 1777 486 1819 vul,
512 1777 558 1811 52
582 1782 652 1811 not.

234 1825 382 1858 Pistores
405 1823 588 1865 dulciarii,
614 1823 696 1864 vu,
720 1821 776 1855 31.
802 1820 950 1864 pistricis

278 1869 398 1949 (53rocsi
427 1869 565 1915 effigies
595 1880 704 1903 aurea
726 1868 892 1912 Delphis,
921 1868 950 1908 I,

307 1916 324 1948 1
348 1919 418 1949 not.

234 1962 404 2005 Pistyrus,
421 1960 598 1994 Thraciae
615 1972 715 2004 opp.;
733 1960 775 1993 ad
791 1959 881 2002 quod
896 1959 951 1992 Ia·-

279 2019 340 2040 cus
356 2008 465 2041 salsus
481 2012 514 2040 et
530 2007 692 2050 piscosus.
707 2007 780 2047 Vll,
798 2005 865 2039 109
883 2009 952 2039 not.

237 2054 378 2095 Pitana,
404 2065 482 2096 opp.
507 2053 620 2094 Aeol.,
645 2053 672 2093 I,
698 2052 766 2086 149
790 2058 860 2085 not.

241 2100 382 2140 Pitane,
413 2099 523 2133 tribus
548 2100 660 2132 Lacon
678 2123 688 2139 ‚
710 2099 780 2140 ΙΙΙ,
813 2096 858 2131 55
884 2099 953 2130 not.

279 2145 518 2179 Pitanetarum
542 2146 718 2188 manipulo
740 2144 893 2188 praefuit
908 2144 954 2176 A-

279 2192 562 2234 mompharetus,
588 2191 661 2232 lx,
683 2190 729 2224 53
749 2195 819 2224 not.

239 2237 396 2271 Pittacus
422 2237 652 2280 Mitylenaeus
674 2237 800 2271 callido
825 2234 955 2269 monito

281 2284 448 2317 Croesum
471 2283 620 2316 deterret
657 2294 679 2317 a
702 2284 794 2317 bello
816 2281 956 2316 Ionibus

282 2328 450 2362 insulanis
474 2328 673 2371 inferendo,
697 2329 736 2372 Ι,
760 2328 816 2362 27.

240 2375 394 2409 pituitae
416 2375 530 2408 fluxus
553 2375 745 2409 remedium
766 2385 823 2419 ap.
847 2374 956 2418 Liby-

285 2432 335 2462 es,
359 2421 422 2463 IV,
447 2419 527 2455 187.

742 201 772 241 1.
801 200 962 237 INDEX
991 198 1184 238 RERUM.

988 306 1054 340 Pis
1089 305 1232 345 Πενίας
1273 304 1333 349 pix
1373 315 1394 339 e
1424 304 1504 339 lacu
1536 303 1707 348 Cyl-aunis

1034 353 1097 386 ins.
1124 358 1158 385 et
1180 350 1352 396 Zacynthi
1375 352 1529 394 collecta,
1555 351 1616 392 IV,
1640 348 1708 386 195

1035 401 1111 431 not.

992 443 1184 477 Pixodarus
1208 440 1430 486 Cindyensis,
1462 442 1610 476 Caribus
1641 441 1710 475 bo-

1037 500 1120 522 num
1153 489 1213 521 dat
1235 487 1436 529 consilium,
1470 488 1511 530 V,
1547 488 1615 522 118
1637 491 1709 524 not.

993 539 1179 574 Placentae
1203 533 1236 566 in
1253 533 1360 566 sacris
1382 533 1591 576 frequentes,
1613 533 1710 575 vm,

1038 581 1095 615 41.
1121 599 1167 605 —
1190 579 1389 612 Samiorum
1415 582 1593 622 placentae
1618 579 1711 612 mul-

1038 632 1113 662 tum
1137 626 1340 664 celebratae,
1366 625 1429 667 ΙΙΙ,
1455 624 1501 658 48
1522 630 1591 658 not.
1606 625 1664 668 **)

995 674 1137 714 Placia,
1169 684 1248 716 opp.
1273 671 1487 714 Hellesponti
1511 681 1532 705 a
1555 669 1712 716 Pelasgis

1017 720 1202 758 conditum,
1228 718 1255 757 I,
1279 716 1324 750 57
1347 722 1417 752 not.

997 768 1226 804 Plataeenses,
1249 764 1341 796 bello
1364 774 1386 796 a
1412 761 1593 796 Thebanis
1614 772 1714 806 pres-

1042 812 1071 846 si
1103 809 1368 844 Atheniensibus
1409 820 1446 841 se
1478 808 1712 849 tradiderunt3

1043 856 1174 890 auxilio
1198 854 1464 888 Atheniensibus
1496 854 1637 888 veniunt
1669 853 1715 887 ad

1041 902 1305 940 Marathonem,
1336 901 1399 942 3⁷1,
1434 900 1513 936 108.
1546 899 1582 933 in
1605 900 1716 933 classe

1044 949 1261 982 Graecorum
1295 947 1338 979 ad
1363 946 1586 980 Artemisium
1619 944 1715 979 mili-

1044 998 1139 1034 tant,
1164 992 1265 1033 vm,
1287 992 1309 1025 1
1332 997 1402 1025 not.
1427 993 1484 1025 sed
1511 1002 1648 1037 pugnae
1671 990 1715 1024 ad

1042 1039 1257 1073 Salaminem
1281 1049 1347 1070 nou
1380 1038 1588 1079 interfuere,
1625 1036 1715 1079 vm,

1043 1084 1100 1119 44.
1124 1096 1244 1118 eorum
1269 1084 1350 1117 urbs
1373 1083 1584 1125 incenditur,
1605 1094 1635 1117 c.
1659 1082 1716 1117 50.

1045 1130 1195 1165 sexcenti
1228 1130 1262 1163 in
1289 1129 1363 1163 acie
1387 1130 1621 1169 Graecorum,
1653 1129 1717 1170 lx,

1045 1177 1102 1212 28.
1155 1176 1195 1210 In
1227 1177 1465 1210 Plataeensem
1496 1186 1621 1218 agrum
1654 1174 1720 1208 de·-

1044 1223 1209 1258 scendunt
1232 1221 1372 1263 Graeci,
1402 1222 1464 1263 lx,
1489 1221 1546 1255 25.
1595 1221 1720 1265 Pugna

1045 1271 1089 1304 ad
1107 1271 1278 1308 Plataeas,
1302 1268 1362 1308 IX,
1385 1267 1430 1300 53
1443 1279 1536 1311 seqq.
1561 1266 1607 1302 59
1622 1277 1718 1310 seqq.

1046 1326 1218 1360 quaenam
1253 1319 1372 1353 gentes
1405 1313 1557 1347 Plataeis
1586 1323 1720 1358 pugna—

1046 1362 1129 1404 rint,
1153 1361 1216 1402 lx,
1239 1359 1284 1393 28
1302 1364 1369 1392 not.
1394 1365 1477 1403 quot
1494 1359 1633 1401 fuerint,
1657 1358 1720 1400 lx,

1047 1407 1105 1441 29.
1130 1407 1210 1440 coll.
1234 1407 1290 1440 61.
1317 1407 1411 1439 locus
1434 1416 1574 1450 pugnae
1597 1416 1637 1438 ac
1661 1416 1720 1438 re·-

1048 1454 1129 1498 gio,
1162 1454 1233 1493 lx,
1265 1452 1309 1486 51
1334 1457 1403 1486 not.
1426 1471 1472 1478 ——
1503 1455 1722 1486 mortuorum

1049 1499 1190 1540 tumuli,
1213 1499 1275 1539 lx,
1297 1496 1353 1532 85.

1004 1546 1178 1580 platanus
1201 1555 1305 1578 aurea
1328 1549 1430 1587 atque
1454 1542 1546 1584 vitis,
1574 1540 1652 1585 vn,
1675 1540 1723 1575 27

1051 1597 1121 1625 not.
1147 1591 1303 1634 platanus
1318 1601 1424 1623 aureo
1450 1594 1573 1624 ornatu
1599 1589 1723 1622 aXer-

1049 1649 1092 1672 xe
1117 1638 1264 1676 donata,
1299 1636 1380 1677 vll,
1403 1635 1447 1667 31
1473 1641 1542 1668 not.
1567 1634 1723 1676 amplum

1050 1684 1284 1727 platanetum‚
1319 1682 1358 1722 V,
1393 1681 1470 1714 119.
1503 1680 1633 1724 platani
1661 1690 1724 1724 per

1053 1729 1250 1769 Graeciam,
1281 1727 1355 1768 VII,
1379 1727 1424 1760 31
1448 1732 1517 1763 not.

1007 1774 1143 1815 Platea,
1168 1775 1302 1818 Libyae
1325 1774 1388 1806 ins.
1413 1784 1434 1806 a
1449 1771 1621 1805 Theraeis
1643 1782 1725 1804 con-

1052 1821 1142 1862 dita,
1174 1820 1237 1861 IV,
1271 1818 1337 1853 151
1361 1823 1431 1852 not.
1457 1817 1525 1852 153
1548 1823 1617 1852 not.
1642 1817 1724 1851 156.

1053 1866 1135 1900 169.

1009 1913 1175 1946 Plaustra
1198 1911 1431 1955 Scytharum,
1456 1909 1517 1950 IV,
1540 1907 1586 1942 75
1609 1911 1679 1942 not.

1009 1958 1258 2001 Pleistarchus,
1292 1957 1465 1991 Leonidae
1487 1956 1551 1998 fil„
1577 1955 1648 1997 IX,
1680 1953 1727 1988 10

1057 2011 1128 2037 not.

1010 2051 1216 2092 Pleistorus,
1242 2048 1504 2083 Absinthiorum
1527 2047 1632 2088 deus,
1664 2046 1726 2088 lx,

1057 2096 1136 2130 119.

1012 2142 1245 2181 Plcsirrhous‚
1277 2139 1444 2174 Herodoti
1467 2140 1590 2173 haeres
1620 2141 1655 2171 et
1688 2147 1727 2171 a-

1057 2188 1197 2228 masius,
1225 2189 1359 2221 Comm.
1387 2189 1419 2227 ἓ.
1442 2184 1477 2218 6.

1011 2235 1236 2269 Plinthinetes
1259 2233 1353 2266 sinus
1375 2234 1575 2276 Aegyptum
1606 2227 1729 2263 termi-

1057 2285 1127 2318 nat,
1151 2279 1198 2319 ΙΙ,
1223 2278 1245 2311 6
1269 2283 1337 2312 not.

1012 2326 1144 2360 Plumis
1173 2330 1267 2358 terra
1296 2329 1332 2358 et
1364 2325 1425 2357 aer
1454 2321 1636 2366 oppletus,
1665 2319 1729 2363 IV,

1058 2371 1090 2404 7.
1115 2370 1160 2403 31
1185 2375 1254 2404 not.

1013 2417 1194 2452 Plutarchi
1218 2416 1277 2461 qui
1301 2415 1410 2450 fertur
1431 2413 1573 2448 libellus
1595 2412 1638 2446 de
1656 2411 1728 2446 He-

333 2616 365 2659 “)
385 2615 435 2648 Cf.
451 2590 609 2647 Voemel.
628 2611 778 2646 Exercit.
800 2609 1006 2654 chronolog.
1034 2609 1078 2643 de
1097 2609 1225 2643 Solone
1257 2615 1290 2642 et
1312 2610 1439 2643 Croeso
1468 2619 1549 2652 pag.
1571 2606 1613 2642 13
1632 2616 1729 2649 seqq.

242 2661 300 2701 22,
319 2661 377 2704 qui
392 2660 608 2694 Pisistratum
630 2658 730 2703 ponit
746 2669 920 2691 reversum
935 2657 1087 2690 Athenas
1106 2656 1174 2691 553
1191 2668 1224 2691 a.
1241 2656 1322 2692 Chr.
1350 2662 1386 2690 et
1403 2655 1543 2689 tertium
1561 2663 1729 2697 occupan-

244 2714 313 2739 tem
331 2707 544 2750 tyrannidem
564 2705 644 2747 541,
659 2711 830 2738 mortuum
847 2704 914 2738 527
933 2715 953 2736 a
971 2703 1050 2736 Chr.

335 2764 388 2805 *')
407 2763 495 2797 Add.
511 2763 652 2804 Pollux,
669 2764 736 2804 VI,
753 2763 799 2797 78
820 2760 901 2794 coll.
931 2759 1056 2793 Athen.
1074 2760 1123 2792 IV
1141 2770 1175 2803 p.
1198 2760 1263 2794 130
1279 2759 1323 2793 D.
1346 2763 1381 2791 et
1398 2755 1574 2790 Plutarch.
1608 2755 1660 2787 De
1675 2764 1730 2787 sa-

247 2808 310 2843 nit.
329 2809 447 2842 tuend.
469 2821 524 2854 cp.
541 2810 575 2853 6,
594 2820 682 2855 quae
701 2808 820 2843 attulit
836 2807 960 2852 Bergk.
977 2806 1021 2840 ad
1037 2810 1242 2840 Anacreont.
1260 2804 1395 2850 Reliqq.
1413 2816 1449 2849 p.
1469 2801 1544 2839 104.
