<?xml version="1.0" encoding="UTF-8"?>
<!DOCTYPE html PUBLIC "-//W3C//DTD XHTML 1.0 Transitional//EN"
    "http://www.w3.org/TR/xhtml1/DTD/xhtml1-transitional.dtd">
<html xmlns="http://www.w3.org/1999/xhtml" xml:lang="en" lang="en">
 <head>
  <title>
</title>
<meta http-equiv="Content-Type" content="text/html;charset=utf-8" />
  <meta name='ocr-system' content='tesseract 3.04.00' />
  <meta name='ocr-capabilities' content='ocr_page ocr_carea ocr_par ocr_line ocrx_word'/>
</head>
<body>
  <div class='ocr_page' id='page_1' title='image "./musaeher04hero_0010.png"; bbox 0 0 1839 3292; ppageno 0'>
   <div class='ocr_carea' id='block_1_1' title="bbox 345 221 1209 261">
    <p class='ocr_par' dir='ltr' id='par_1_1' title="bbox 345 221 1209 261">
     <span class='ocr_line' id='line_1_1' title="bbox 345 221 1209 261; baseline -0.001 0"><span class='ocrx_word' id='word_1_1' title='bbox 345 222 372 261; x_wconf 84' lang='lat'><strong>2</strong></span> <span class='ocrx_word' id='word_1_2' title='bbox 745 221 1209 260; x_wconf 82' lang='lat' dir='ltr'>HERODOTI</span> 
     </span>
    </p>
   </div>
   <div class='ocr_carea' id='block_1_2' title="bbox 313 330 1314 389">
    <p class='ocr_par' dir='ltr' id='par_1_2' title="bbox 313 330 1314 389">
     <span class='ocr_line' id='line_1_2' title="bbox 313 330 1314 389; baseline 0.002 -17"><span class='ocrx_word' id='word_1_3' title='bbox 313 330 652 387; x_wconf 70' lang='grc' dir='ltr'><strong><em>Ξσυνεπλήρουν</em></strong></span> <span class='ocrx_word' id='word_1_4' title='bbox 672 336 783 376; x_wconf 79' lang='grc' dir='ltr'><strong><em>τοῖσι</em></strong></span> <span class='ocrx_word' id='word_1_5' title='bbox 801 331 1072 389; x_wconf 84' lang='grc' dir='ltr'><strong><em>Ἀθηναίοισι</em></strong></span> <span class='ocrx_word' id='word_1_6' title='bbox 1103 331 1181 384; x_wconf 80' lang='grc' dir='ltr'>τὰς</span> <span class='ocrx_word' id='word_1_7' title='bbox 1200 332 1314 384; x_wconf 80' lang='grc' dir='ltr'><strong><em>νέας.</em></strong></span> 
     </span>
    </p>
   </div>
   <div class='ocr_carea' id='block_1_3' title="bbox 1374 335 1613 388">
    <p class='ocr_par' dir='ltr' id='par_1_3' title="bbox 1374 335 1613 388">
     <span class='ocr_line' id='line_1_3' title="bbox 1374 335 1613 388; baseline 0.017 -12"><span class='ocrx_word' id='word_1_8' title='bbox 1374 335 1613 388; x_wconf 84' lang='grc' dir='ltr'><strong><em>Κορίνθιοι</em></strong></span> 
     </span>
    </p>
   </div>
   <div class='ocr_carea' id='block_1_4' title="bbox 343 399 1670 458">
    <p class='ocr_par' dir='ltr' id='par_1_4' title="bbox 343 399 1670 458">
     <span class='ocr_line' id='line_1_4' title="bbox 343 399 1670 458; baseline 0.002 -15"><span class='ocrx_word' id='word_1_9' title='bbox 343 400 389 443; x_wconf 76' lang='grc' dir='ltr'>δὲ</span> <span class='ocrx_word' id='word_1_10' title='bbox 402 399 718 454; x_wconf 80' lang='grc' dir='ltr'><strong><em>τεσσεράκοντα</em></strong></span> <span class='ocrx_word' id='word_1_11' title='bbox 732 399 832 452; x_wconf 82' lang='grc' dir='ltr'><strong><em>νέας</em></strong></span> <span class='ocrx_word' id='word_1_12' title='bbox 843 403 1102 456; x_wconf 82' lang='grc' dir='ltr'><strong><em>παρείχοντο</em></strong></span> <span class='ocrx_word' id='word_1_13' title='bbox 1117 415 1127 424; x_wconf 88' lang='grc'><em>·</em></span> <span class='ocrx_word' id='word_1_14' title='bbox 1144 401 1369 458; x_wconf 82' lang='grc' dir='ltr'><strong><em>Μεγαρέες</em></strong></span> <span class='ocrx_word' id='word_1_15' title='bbox 1381 402 1439 454; x_wconf 80' lang='grc' dir='ltr'>δὲ,</span> <span class='ocrx_word' id='word_1_16' title='bbox 1452 404 1609 448; x_wconf 78' lang='grc' dir='ltr'><strong><em>εἴκοσι·</em></strong></span> <span class='ocrx_word' id='word_1_17' title='bbox 1627 413 1670 445; x_wconf 85' lang='grc'>10</span> 
     </span>
    </p>
   </div>
   <div class='ocr_carea' id='block_1_5' title="bbox 279 560 950 2886">
    <p class='ocr_par' dir='ltr' id='par_1_5' title="bbox 279 560 950 2886">
     <span class='ocr_line' id='line_1_5' title="bbox 288 560 948 612; baseline -0.002 -12"><span class='ocrx_word' id='word_1_18' title='bbox 288 563 353 600; x_wconf 84' lang='lat' dir='ltr'>das</span> <span class='ocrx_word' id='word_1_19' title='bbox 384 564 520 612; x_wconf 75' lang='lat' dir='ltr'>viginti</span> <span class='ocrx_word' id='word_1_20' title='bbox 548 560 856 600; x_wconf 75' lang='lat' dir='ltr'>Chalcidensium</span> <span class='ocrx_word' id='word_1_21' title='bbox 877 576 948 599; x_wconf 88' lang='lat' dir='ltr'>na.-</span> 
     </span>
     <span class='ocr_line' id='line_1_6' title="bbox 288 619 950 670; baseline -0.002 -13"><span class='ocrx_word' id='word_1_22' title='bbox 288 634 370 668; x_wconf 78' lang='lat' dir='ltr'>ves,</span> <span class='ocrx_word' id='word_1_23' title='bbox 409 621 638 657; x_wconf 73' lang='lat' dir='ltr'>ducentarum</span> <span class='ocrx_word' id='word_1_24' title='bbox 677 619 842 670; x_wconf 83' lang='lat' dir='ltr'>prodibit</span> <span class='ocrx_word' id='word_1_25' title='bbox 873 634 950 656; x_wconf 89' lang='lat' dir='ltr'>nu—</span> 
     </span>
     <span class='ocr_line' id='line_1_7' title="bbox 286 676 948 729; baseline 0 -16"><span class='ocrx_word' id='word_1_26' title='bbox 286 690 424 724; x_wconf 87' lang='lat' dir='ltr'>merus,</span> <span class='ocrx_word' id='word_1_27' title='bbox 457 690 574 729; x_wconf 87' lang='lat' dir='ltr'>quem</span> <span class='ocrx_word' id='word_1_28' title='bbox 602 676 768 713; x_wconf 87' lang='lat' dir='ltr'>eundem</span> <span class='ocrx_word' id='word_1_29' title='bbox 788 679 948 728; x_wconf 76' lang='lat' dir='ltr'>proferri</span> 
     </span>
     <span class='ocr_line' id='line_1_8' title="bbox 285 734 948 786; baseline 0.002 -16"><span class='ocrx_word' id='word_1_30' title='bbox 285 736 500 770; x_wconf 75' lang='lat' dir='ltr'>invenimus</span> <span class='ocrx_word' id='word_1_31' title='bbox 520 734 618 779; x_wconf 70' lang='lat' dir='ltr'>wll,</span> <span class='ocrx_word' id='word_1_32' title='bbox 641 736 689 774; x_wconf 85' lang='lat'>61</span> <span class='ocrx_word' id='word_1_33' title='bbox 709 734 776 771; x_wconf 86' lang='lat' dir='ltr'>fin.</span> <span class='ocrx_word' id='word_1_34' title='bbox 814 736 948 786; x_wconf 81' lang='lat' dir='ltr'>Itaque</span> 
     </span>
     <span class='ocr_line' id='line_1_9' title="bbox 286 791 949 828; baseline 0.002 -1"><span class='ocrx_word' id='word_1_35' title='bbox 286 795 517 828; x_wconf 80' lang='lat' dir='ltr'>trecentarum</span> <span class='ocrx_word' id='word_1_36' title='bbox 531 792 687 827; x_wconf 79' lang='lat' dir='ltr'>navium</span> <span class='ocrx_word' id='word_1_37' title='bbox 703 792 731 828; x_wconf 90' lang='lat' dir='ltr'>si</span> <span class='ocrx_word' id='word_1_38' title='bbox 749 791 873 828; x_wconf 81' lang='lat' dir='ltr'>classis</span> <span class='ocrx_word' id='word_1_39' title='bbox 888 799 949 828; x_wconf 88' lang='lat' dir='ltr'>to-</span> 
     </span>
     <span class='ocr_line' id='line_1_10' title="bbox 286 846 949 899; baseline 0.002 -15"><span class='ocrx_word' id='word_1_40' title='bbox 286 855 322 884; x_wconf 88' lang='lat' dir='ltr'>ta</span> <span class='ocrx_word' id='word_1_41' title='bbox 345 855 434 893; x_wconf 86' lang='lat' dir='ltr'>erat,</span> <span class='ocrx_word' id='word_1_42' title='bbox 451 855 492 884; x_wconf 87' lang='lat' dir='ltr'>nt</span> <span class='ocrx_word' id='word_1_43' title='bbox 509 849 610 884; x_wconf 86' lang='lat' dir='ltr'>canit</span> <span class='ocrx_word' id='word_1_44' title='bbox 624 846 834 899; x_wconf 65' lang='lat' dir='ltr'>Aeschylus</span> <span class='ocrx_word' id='word_1_45' title='bbox 844 850 949 885; x_wconf 89' lang='lat' dir='ltr'>Pers.</span> 
     </span>
     <span class='ocr_line' id='line_1_11' title="bbox 288 904 947 955; baseline -0.005 -10"><span class='ocrx_word' id='word_1_46' title='bbox 288 907 381 952; x_wconf 82' lang='lat'>339,</span> <span class='ocrx_word' id='word_1_47' title='bbox 415 904 509 953; x_wconf 75' lang='lat'>(345</span> <span class='ocrx_word' id='word_1_48' title='bbox 530 904 690 955; x_wconf 82' lang='lat' dir='ltr'>Blomf.)</span> <span class='ocrx_word' id='word_1_49' title='bbox 725 904 818 943; x_wconf 87' lang='lat' dir='ltr'>duas</span> <span class='ocrx_word' id='word_1_50' title='bbox 847 913 947 942; x_wconf 88' lang='lat' dir='ltr'>certe</span> 
     </span>
     <span class='ocr_line' id='line_1_12' title="bbox 288 960 947 1013; baseline 0.003 -16"><span class='ocrx_word' id='word_1_51' title='bbox 288 968 411 1012; x_wconf 83' lang='lat' dir='ltr'>partes</span> <span class='ocrx_word' id='word_1_52' title='bbox 440 960 692 998; x_wconf 83' lang='lat' dir='ltr'>Athenienses</span> <span class='ocrx_word' id='word_1_53' title='bbox 731 963 801 999; x_wconf 92' lang='lat' dir='ltr'>soli</span> <span class='ocrx_word' id='word_1_54' title='bbox 834 976 947 1013; x_wconf 85' lang='lat' dir='ltr'>prae-</span> 
     </span>
     <span class='ocr_line' id='line_1_13' title="bbox 290 1017 949 1068; baseline 0.003 -14"><span class='ocrx_word' id='word_1_55' title='bbox 290 1019 413 1055; x_wconf 88' lang='lat' dir='ltr'>buisse</span> <span class='ocrx_word' id='word_1_56' title='bbox 446 1017 609 1068; x_wconf 87' lang='lat' dir='ltr'>putandi</span> <span class='ocrx_word' id='word_1_57' title='bbox 636 1024 736 1057; x_wconf 86' lang='lat' dir='ltr'>suut.</span> <span class='ocrx_word' id='word_1_58' title='bbox 785 1021 831 1055; x_wconf 87' lang='lat' dir='ltr'>In</span> <span class='ocrx_word' id='word_1_59' title='bbox 859 1021 949 1056; x_wconf 91' lang='lat' dir='ltr'>uni-</span> 
     </span>
     <span class='ocr_line' id='line_1_14' title="bbox 288 1076 948 1113; baseline 0.003 -2"><span class='ocrx_word' id='word_1_60' title='bbox 288 1088 440 1111; x_wconf 77' lang='lat' dir='ltr'>versum</span> <span class='ocrx_word' id='word_1_61' title='bbox 455 1076 611 1112; x_wconf 75' lang='lat' dir='ltr'>navium</span> <span class='ocrx_word' id='word_1_62' title='bbox 628 1076 872 1113; x_wconf 87' lang='lat' dir='ltr'>multitudine</span> <span class='ocrx_word' id='word_1_63' title='bbox 886 1090 948 1113; x_wconf 90' lang='lat' dir='ltr'>re-</span> 
     </span>
     <span class='ocr_line' id='line_1_15' title="bbox 288 1132 948 1184; baseline 0.003 -17"><span class='ocrx_word' id='word_1_64' title='bbox 288 1133 398 1184; x_wconf 84' lang='lat' dir='ltr'>liquis</span> <span class='ocrx_word' id='word_1_65' title='bbox 427 1133 668 1169; x_wconf 82' lang='lat' dir='ltr'>antecessisse</span> <span class='ocrx_word' id='word_1_66' title='bbox 696 1132 948 1170; x_wconf 85' lang='lat' dir='ltr'>Athenienses</span> 
     </span>
     <span class='ocr_line' id='line_1_16' title="bbox 285 1187 946 1229; baseline 0 -4"><span class='ocrx_word' id='word_1_67' title='bbox 285 1190 413 1225; x_wconf 84' lang='lat' dir='ltr'>scribit</span> <span class='ocrx_word' id='word_1_68' title='bbox 433 1187 627 1226; x_wconf 79' lang='lat' dir='ltr'>Plutarch.</span> <span class='ocrx_word' id='word_1_69' title='bbox 648 1188 899 1226; x_wconf 88' lang='lat' dir='ltr'>Themistocl.</span> <span class='ocrx_word' id='word_1_70' title='bbox 922 1192 946 1229; x_wconf 91' lang='lat'>7</span> 
     </span>
     <span class='ocr_line' id='line_1_17' title="bbox 285 1245 949 1298; baseline 0.002 -16"><span class='ocrx_word' id='word_1_71' title='bbox 285 1246 428 1296; x_wconf 76' lang='lat' dir='ltr'>p.115.</span> <span class='ocrx_word' id='word_1_72' title='bbox 450 1246 513 1282; x_wconf 89' lang='lat' dir='ltr'>Tu</span> <span class='ocrx_word' id='word_1_73' title='bbox 536 1245 637 1286; x_wconf 85' lang='lat' dir='ltr'>conf.</span> <span class='ocrx_word' id='word_1_74' title='bbox 655 1258 810 1298; x_wconf 85' lang='lat' dir='ltr'>quoque</span> <span class='ocrx_word' id='word_1_75' title='bbox 825 1245 949 1283; x_wconf 86' lang='lat' dir='ltr'>Dabl-</span> 
     </span>
     <span class='ocr_line' id='line_1_18' title="bbox 284 1301 852 1353; baseline 0.004 -16"><span class='ocrx_word' id='word_1_76' title='bbox 284 1315 416 1338; x_wconf 87' lang='lat' dir='ltr'>mann.</span> <span class='ocrx_word' id='word_1_77' title='bbox 439 1301 623 1339; x_wconf 89' lang='lat' dir='ltr'>Herodot.</span> <span class='ocrx_word' id='word_1_78' title='bbox 646 1315 734 1353; x_wconf 81' lang='lat' dir='ltr'>pag·</span> <span class='ocrx_word' id='word_1_79' title='bbox 756 1304 852 1343; x_wconf 82' lang='lat'><strong>219.</strong></span> 
     </span>
     <span class='ocr_line' id='line_1_19' title="bbox 343 1354 945 1410; baseline -0.002 -12"><span class='ocrx_word' id='word_1_80' title='bbox 343 1354 619 1410; x_wconf 75' lang='grc' dir='ltr'><em>συνεπλήρουν</em></span> <span class='ocrx_word' id='word_1_81' title='bbox 634 1362 736 1398; x_wconf 84' lang='grc' dir='ltr'><strong><em>τοῖσι</em></strong></span> <span class='ocrx_word' id='word_1_82' title='bbox 755 1355 945 1409; x_wconf 80' lang='grc' dir='ltr'><strong><em>Ἀθηναί-</em></strong></span> 
     </span>
     <span class='ocr_line' id='line_1_20' title="bbox 286 1413 946 1463; baseline -0.003 -9"><span class='ocrx_word' id='word_1_83' title='bbox 286 1427 365 1455; x_wconf 89' lang='grc' dir='ltr'><strong><em>οισι</em></strong></span> <span class='ocrx_word' id='word_1_84' title='bbox 393 1413 462 1462; x_wconf 65' lang='grc' dir='ltr'>τας</span> <span class='ocrx_word' id='word_1_85' title='bbox 493 1415 604 1463; x_wconf 82' lang='grc' dir='ltr'><strong><em>νέας]</em></strong></span> <span class='ocrx_word' id='word_1_86' title='bbox 645 1416 671 1452; x_wconf 92' lang='lat' dir='ltr'>i.</span> <span class='ocrx_word' id='word_1_87' title='bbox 702 1428 736 1452; x_wconf 86' lang='lat' dir='ltr'>e.</span> <span class='ocrx_word' id='word_1_88' title='bbox 765 1429 837 1452; x_wconf 83' lang='lat' dir='ltr'>una</span> <span class='ocrx_word' id='word_1_89' title='bbox 869 1429 946 1453; x_wconf 78' lang='lat' dir='ltr'>cum</span> 
     </span>
     <span class='ocr_line' id='line_1_21' title="bbox 285 1472 946 1510; baseline -0.002 0"><span class='ocrx_word' id='word_1_90' title='bbox 285 1473 552 1510; x_wconf 77' lang='lat' dir='ltr'>Atheniensibus</span> <span class='ocrx_word' id='word_1_91' title='bbox 571 1484 676 1509; x_wconf 78' lang='lat' dir='ltr'>naves</span> <span class='ocrx_word' id='word_1_92' title='bbox 694 1472 867 1510; x_wconf 50' lang='lat' dir='ltr'>militibus</span> <span class='ocrx_word' id='word_1_93' title='bbox 889 1475 946 1509; x_wconf 80' lang='lat' dir='ltr'>in-</span> 
     </span>
     <span class='ocr_line' id='line_1_22' title="bbox 285 1531 944 1582; baseline 0.003 -16"><span class='ocrx_word' id='word_1_94' title='bbox 285 1533 500 1567; x_wconf 75' lang='lat' dir='ltr'>struxerunt.</span> <span class='ocrx_word' id='word_1_95' title='bbox 555 1531 731 1582; x_wconf 81' lang='lat' dir='ltr'>Namque</span> <span class='ocrx_word' id='word_1_96' title='bbox 761 1531 944 1581; x_wconf 77' lang='grc' dir='ltr'><em>πληροῦν</em></span> 
     </span>
     <span class='ocr_line' id='line_1_23' title="bbox 286 1581 944 1638; baseline 0 -16"><span class='ocrx_word' id='word_1_97' title='bbox 286 1593 323 1623; x_wconf 90' lang='lat' dir='ltr'>et</span> <span class='ocrx_word' id='word_1_98' title='bbox 345 1581 553 1636; x_wconf 78' lang='grc' dir='ltr'><strong><em>πλήρωμα,</em></strong></span> <span class='ocrx_word' id='word_1_99' title='bbox 585 1597 684 1638; x_wconf 85' lang='lat' dir='ltr'>quae</span> <span class='ocrx_word' id='word_1_100' title='bbox 711 1587 828 1623; x_wconf 85' lang='lat' dir='ltr'>verba</span> <span class='ocrx_word' id='word_1_101' title='bbox 858 1599 944 1623; x_wconf 90' lang='lat' dir='ltr'>sae-</span> 
     </span>
     <span class='ocr_line' id='line_1_24' title="bbox 285 1641 942 1695; baseline 0.002 -16"><span class='ocrx_word' id='word_1_102' title='bbox 285 1643 369 1694; x_wconf 91' lang='lat' dir='ltr'>pius</span> <span class='ocrx_word' id='word_1_103' title='bbox 382 1642 539 1695; x_wconf 88' lang='lat' dir='ltr'>quidem</span> <span class='ocrx_word' id='word_1_104' title='bbox 553 1641 599 1679; x_wconf 90' lang='lat' dir='ltr'>de</span> <span class='ocrx_word' id='word_1_105' title='bbox 607 1645 728 1680; x_wconf 78' lang='lat' dir='ltr'>nautis</span> <span class='ocrx_word' id='word_1_106' title='bbox 741 1655 784 1680; x_wconf 86' lang='lat' dir='ltr'>ac</span> <span class='ocrx_word' id='word_1_107' title='bbox 797 1645 942 1692; x_wconf 78' lang='lat' dir='ltr'>remigi-</span> 
     </span>
     <span class='ocr_line' id='line_1_25' title="bbox 285 1699 942 1752; baseline 0 -16"><span class='ocrx_word' id='word_1_108' title='bbox 285 1700 347 1737; x_wconf 82' lang='lat' dir='ltr'>bus</span> <span class='ocrx_word' id='word_1_109' title='bbox 380 1699 462 1752; x_wconf 91' lang='lat' dir='ltr'>(qui</span> <span class='ocrx_word' id='word_1_110' title='bbox 483 1700 597 1750; x_wconf 84' lang='lat' dir='ltr'>igitur</span> <span class='ocrx_word' id='word_1_111' title='bbox 618 1701 680 1737; x_wconf 85' lang='lat' dir='ltr'>alii</span> <span class='ocrx_word' id='word_1_112' title='bbox 709 1706 797 1737; x_wconf 90' lang='lat' dir='ltr'>sunt</span> <span class='ocrx_word' id='word_1_113' title='bbox 828 1707 942 1752; x_wconf 87' lang='lat' dir='ltr'>atque</span> 
     </span>
     <span class='ocr_line' id='line_1_26' title="bbox 285 1752 942 1807; baseline -0.002 -11"><span class='ocrx_word' id='word_1_114' title='bbox 285 1756 327 1796; x_wconf 82' lang='grc' dir='ltr'>οἱ</span> <span class='ocrx_word' id='word_1_115' title='bbox 347 1752 530 1807; x_wconf 73' lang='grc' dir='ltr'><strong><em>ἐπιβάται</em></strong></span> <span class='ocrx_word' id='word_1_116' title='bbox 552 1761 844 1807; x_wconf 74' lang='lat' dir='ltr'>propugnatores,</span> <span class='ocrx_word' id='word_1_117' title='bbox 870 1759 942 1795; x_wconf 80' lang='lat' dir='ltr'>mi-</span> 
     </span>
     <span class='ocr_line' id='line_1_27' title="bbox 284 1813 943 1861; baseline 0.003 -12"><span class='ocrx_word' id='word_1_118' title='bbox 284 1813 364 1850; x_wconf 80' lang='lat' dir='ltr'>lites</span> <span class='ocrx_word' id='word_1_119' title='bbox 392 1814 593 1861; x_wconf 76' lang='lat' dir='ltr'>classiarii,</span> <span class='ocrx_word' id='word_1_120' title='bbox 631 1821 673 1851; x_wconf 89' lang='lat' dir='ltr'>ut</span> <span class='ocrx_word' id='word_1_121' title='bbox 699 1813 864 1851; x_wconf 82' lang='lat' dir='ltr'>vidimus</span> <span class='ocrx_word' id='word_1_122' title='bbox 894 1813 943 1851; x_wconf 85' lang='lat' dir='ltr'>ad</span> 
     </span>
     <span class='ocr_line' id='line_1_28' title="bbox 284 1870 944 1920; baseline 0.005 -15"><span class='ocrx_word' id='word_1_123' title='bbox 284 1871 443 1919; x_wconf 61' lang='lat' dir='ltr'>VILOG)</span> <span class='ocrx_word' id='word_1_124' title='bbox 461 1871 736 1920; x_wconf 79' lang='lat' dir='ltr'>intelliguntur,</span> <span class='ocrx_word' id='word_1_125' title='bbox 754 1870 802 1907; x_wconf 85' lang='lat' dir='ltr'>ad</span> <span class='ocrx_word' id='word_1_126' title='bbox 818 1878 944 1908; x_wconf 86' lang='lat' dir='ltr'>utros-</span> 
     </span>
     <span class='ocr_line' id='line_1_29' title="bbox 285 1927 942 1979; baseline 0.003 -16"><span class='ocrx_word' id='word_1_127' title='bbox 285 1940 360 1979; x_wconf 86' lang='lat' dir='ltr'>que</span> <span class='ocrx_word' id='word_1_128' title='bbox 390 1929 504 1963; x_wconf 86' lang='lat' dir='ltr'>etiam</span> <span class='ocrx_word' id='word_1_129' title='bbox 532 1927 693 1965; x_wconf 86' lang='lat' dir='ltr'>subinde</span> <span class='ocrx_word' id='word_1_130' title='bbox 719 1928 851 1964; x_wconf 87' lang='lat' dir='ltr'>referri</span> <span class='ocrx_word' id='word_1_131' title='bbox 877 1941 942 1965; x_wconf 81' lang='lat' dir='ltr'>so·-</span> 
     </span>
     <span class='ocr_line' id='line_1_30' title="bbox 283 1980 944 2037; baseline 0.006 -17"><span class='ocrx_word' id='word_1_132' title='bbox 283 1984 374 2032; x_wconf 85' lang='lat' dir='ltr'>lent,</span> <span class='ocrx_word' id='word_1_133' title='bbox 403 1985 453 2020; x_wconf 87' lang='lat' dir='ltr'>ita</span> <span class='ocrx_word' id='word_1_134' title='bbox 481 1990 524 2020; x_wconf 87' lang='lat' dir='ltr'>ut</span> <span class='ocrx_word' id='word_1_135' title='bbox 547 1982 586 2021; x_wconf 91' lang='lat' dir='ltr'>h.</span> <span class='ocrx_word' id='word_1_136' title='bbox 607 1985 633 2023; x_wconf 93' lang='lat' dir='ltr'>l.</span> <span class='ocrx_word' id='word_1_137' title='bbox 665 1980 944 2037; x_wconf 78' lang='grc' dir='ltr'><strong><em>συνεπλήρουν</em></strong></span> 
     </span>
     <span class='ocr_line' id='line_1_31' title="bbox 284 2039 943 2094; baseline 0.005 -18"><span class='ocrx_word' id='word_1_138' title='bbox 284 2039 331 2077; x_wconf 90' lang='lat' dir='ltr'>de</span> <span class='ocrx_word' id='word_1_139' title='bbox 369 2042 715 2092; x_wconf 79' lang='lat' dir='ltr'>propugnatoribus</span> <span class='ocrx_word' id='word_1_140' title='bbox 745 2055 866 2094; x_wconf 88' lang='lat' dir='ltr'>aeque</span> <span class='ocrx_word' id='word_1_141' title='bbox 899 2055 943 2079; x_wconf 85' lang='lat' dir='ltr'>ac</span> 
     </span>
     <span class='ocr_line' id='line_1_32' title="bbox 283 2095 942 2149; baseline 0.003 -16"><span class='ocrx_word' id='word_1_142' title='bbox 283 2095 331 2133; x_wconf 90' lang='lat' dir='ltr'>de</span> <span class='ocrx_word' id='word_1_143' title='bbox 396 2099 604 2149; x_wconf 77' lang='lat' dir='ltr'>remigibus</span> <span class='ocrx_word' id='word_1_144' title='bbox 675 2099 942 2145; x_wconf 77' lang='lat' dir='ltr'>intellexerim,</span> 
     </span>
     <span class='ocr_line' id='line_1_33' title="bbox 284 2154 941 2206; baseline 0.009 -16"><span class='ocrx_word' id='word_1_145' title='bbox 284 2154 613 2206; x_wconf 80' lang='lat' dir='ltr'>quemadmodum</span> <span class='ocrx_word' id='word_1_146' title='bbox 656 2156 753 2203; x_wconf 90' lang='lat' dir='ltr'>VIII,</span> <span class='ocrx_word' id='word_1_147' title='bbox 782 2155 850 2195; x_wconf 81' lang='lat'>43.</span> <span class='ocrx_word' id='word_1_148' title='bbox 887 2154 941 2196; x_wconf 81' lang='grc'>45</span> 
     </span>
     <span class='ocr_line' id='line_1_34' title="bbox 283 2207 942 2263; baseline -0.002 -14"><span class='ocrx_word' id='word_1_149' title='bbox 283 2207 481 2262; x_wconf 78' lang='grc' dir='ltr'><strong><em>πλήρωμα</em></strong></span> <span class='ocrx_word' id='word_1_150' title='bbox 501 2211 548 2248; x_wconf 88' lang='lat' dir='ltr'>de</span> <span class='ocrx_word' id='word_1_151' title='bbox 575 2212 663 2263; x_wconf 87' lang='lat' dir='ltr'>ipsis</span> <span class='ocrx_word' id='word_1_152' title='bbox 684 2213 843 2249; x_wconf 82' lang='lat' dir='ltr'>navibus</span> <span class='ocrx_word' id='word_1_153' title='bbox 863 2211 942 2248; x_wconf 65' lang='lat' dir='ltr'>una</span> 
     </span>
     <span class='ocr_line' id='line_1_35' title="bbox 283 2266 943 2321; baseline 0.003 -17"><span class='ocrx_word' id='word_1_154' title='bbox 283 2281 373 2304; x_wconf 87' lang='lat' dir='ltr'>cum</span> <span class='ocrx_word' id='word_1_155' title='bbox 393 2266 624 2316; x_wconf 83' lang='lat' dir='ltr'>hominibus,</span> <span class='ocrx_word' id='word_1_156' title='bbox 645 2270 782 2321; x_wconf 90' lang='lat' dir='ltr'>quibus</span> <span class='ocrx_word' id='word_1_157' title='bbox 801 2270 943 2305; x_wconf 88' lang='lat' dir='ltr'>instru-</span> 
     </span>
     <span class='ocr_line' id='line_1_36' title="bbox 283 2326 941 2377; baseline 0 -16"><span class='ocrx_word' id='word_1_158' title='bbox 283 2332 366 2361; x_wconf 85' lang='lat' dir='ltr'>ctae</span> <span class='ocrx_word' id='word_1_159' title='bbox 402 2331 500 2362; x_wconf 87' lang='lat' dir='ltr'>sunt.</span> <span class='ocrx_word' id='word_1_160' title='bbox 568 2326 627 2362; x_wconf 83' lang='lat' dir='ltr'>cf.</span> <span class='ocrx_word' id='word_1_161' title='bbox 657 2327 787 2363; x_wconf 86' lang='lat' dir='ltr'>Lexic.</span> <span class='ocrx_word' id='word_1_162' title='bbox 822 2327 941 2377; x_wconf 88' lang='lat' dir='ltr'>Poly-</span> 
     </span>
     <span class='ocr_line' id='line_1_37' title="bbox 284 2382 940 2435; baseline 0.003 -18"><span class='ocrx_word' id='word_1_163' title='bbox 284 2382 386 2418; x_wconf 89' lang='lat' dir='ltr'>bian.</span> <span class='ocrx_word' id='word_1_164' title='bbox 420 2395 449 2419; x_wconf 90' lang='lat' dir='ltr'>s.</span> <span class='ocrx_word' id='word_1_165' title='bbox 467 2395 505 2422; x_wconf 83' lang='lat' dir='ltr'>v.</span> <span class='ocrx_word' id='word_1_166' title='bbox 540 2382 645 2433; x_wconf 81' lang='lat' dir='ltr'>[pag.</span> <span class='ocrx_word' id='word_1_167' title='bbox 675 2382 798 2431; x_wconf 76' lang='grc'><strong>482],</strong></span> <span class='ocrx_word' id='word_1_168' title='bbox 836 2382 940 2435; x_wconf 89' lang='lat' dir='ltr'>quod</span> 
     </span>
     <span class='ocr_line' id='line_1_38' title="bbox 283 2437 940 2490; baseline 0.005 -17"><span class='ocrx_word' id='word_1_169' title='bbox 283 2438 411 2475; x_wconf 87' lang='lat' dir='ltr'>laudat</span> <span class='ocrx_word' id='word_1_170' title='bbox 432 2437 818 2490; x_wconf 76' lang='lat' dir='ltr'>Schweighaeuserus</span> <span class='ocrx_word' id='word_1_171' title='bbox 838 2447 940 2477; x_wconf 87' lang='lat' dir='ltr'>recte</span> 
     </span>
     <span class='ocr_line' id='line_1_39' title="bbox 283 2496 940 2545; baseline 0.005 -15"><span class='ocrx_word' id='word_1_172' title='bbox 283 2507 456 2543; x_wconf 86' lang='lat' dir='ltr'>monens,</span> <span class='ocrx_word' id='word_1_173' title='bbox 477 2497 729 2545; x_wconf 86' lang='lat' dir='ltr'>Plataeenses‚</span> <span class='ocrx_word' id='word_1_174' title='bbox 751 2496 840 2533; x_wconf 84' lang='lat' dir='ltr'>licet</span> <span class='ocrx_word' id='word_1_175' title='bbox 858 2510 940 2533; x_wconf 91' lang='lat' dir='ltr'>ma-</span> 
     </span>
     <span class='ocr_line' id='line_1_40' title="bbox 284 2551 940 2602; baseline 0.006 -16"><span class='ocrx_word' id='word_1_176' title='bbox 284 2551 315 2586; x_wconf 89' lang='lat' dir='ltr'>ri</span> <span class='ocrx_word' id='word_1_177' title='bbox 346 2551 490 2588; x_wconf 84' lang='lat' dir='ltr'>adsueti</span> <span class='ocrx_word' id='word_1_178' title='bbox 521 2566 601 2590; x_wconf 87' lang='lat' dir='ltr'>non</span> <span class='ocrx_word' id='word_1_179' title='bbox 632 2554 794 2602; x_wconf 84' lang='lat' dir='ltr'>fuerint,</span> <span class='ocrx_word' id='word_1_180' title='bbox 836 2551 940 2590; x_wconf 84' lang='lat' dir='ltr'>haud</span> 
     </span>
     <span class='ocr_line' id='line_1_41' title="bbox 283 2611 942 2658; baseline 0.006 -15"><span class='ocrx_word' id='word_1_181' title='bbox 283 2620 394 2657; x_wconf 80' lang='lat' dir='ltr'>aegre</span> <span class='ocrx_word' id='word_1_182' title='bbox 414 2615 541 2646; x_wconf 83' lang='lat' dir='ltr'>tamen</span> <span class='ocrx_word' id='word_1_183' title='bbox 565 2622 700 2647; x_wconf 86' lang='lat' dir='ltr'>eorum</span> <span class='ocrx_word' id='word_1_184' title='bbox 723 2611 942 2658; x_wconf 81' lang='lat' dir='ltr'>nonnullos,</span> 
     </span>
     <span class='ocr_line' id='line_1_42' title="bbox 284 2667 939 2718; baseline 0.006 -18"><span class='ocrx_word' id='word_1_185' title='bbox 284 2677 434 2716; x_wconf 83' lang='lat' dir='ltr'>quaque</span> <span class='ocrx_word' id='word_1_186' title='bbox 455 2667 493 2700; x_wconf 89' lang='lat' dir='ltr'>in</span> <span class='ocrx_word' id='word_1_187' title='bbox 515 2668 638 2703; x_wconf 81' lang='lat' dir='ltr'>Attica</span> <span class='ocrx_word' id='word_1_188' title='bbox 661 2680 760 2704; x_wconf 83' lang='lat' dir='ltr'>nave</span> <span class='ocrx_word' id='word_1_189' title='bbox 781 2668 939 2718; x_wconf 83' lang='lat' dir='ltr'>remigi-</span> 
     </span>
     <span class='ocr_line' id='line_1_43' title="bbox 283 2721 936 2771; baseline 0.006 -14"><span class='ocrx_word' id='word_1_190' title='bbox 283 2721 352 2758; x_wconf 88' lang='lat' dir='ltr'>bus</span> <span class='ocrx_word' id='word_1_191' title='bbox 373 2723 506 2758; x_wconf 85' lang='lat' dir='ltr'>Atticis</span> <span class='ocrx_word' id='word_1_192' title='bbox 526 2724 665 2760; x_wconf 78' lang='lat' dir='ltr'>mixtos</span> <span class='ocrx_word' id='word_1_193' title='bbox 678 2753 687 2771; x_wconf 89' lang='lat'>,</span> <span class='ocrx_word' id='word_1_194' title='bbox 711 2724 843 2762; x_wconf 82' lang='lat' dir='ltr'>utilem</span> <span class='ocrx_word' id='word_1_195' title='bbox 864 2722 936 2761; x_wconf 88' lang='lat' dir='ltr'>hac</span> 
     </span>
     <span class='ocr_line' id='line_1_44' title="bbox 281 2779 936 2833; baseline 0.008 -19"><span class='ocrx_word' id='word_1_196' title='bbox 281 2779 395 2814; x_wconf 85' lang='lat' dir='ltr'>etiam</span> <span class='ocrx_word' id='word_1_197' title='bbox 414 2780 453 2815; x_wconf 93' lang='lat' dir='ltr'>in</span> <span class='ocrx_word' id='word_1_198' title='bbox 474 2786 579 2829; x_wconf 89' lang='lat' dir='ltr'>parte</span> <span class='ocrx_word' id='word_1_199' title='bbox 591 2793 745 2830; x_wconf 81' lang='lat' dir='ltr'>operam</span> <span class='ocrx_word' id='word_1_200' title='bbox 766 2788 936 2833; x_wconf 86' lang='lat' dir='ltr'>praesta-</span> 
     </span>
     <span class='ocr_line' id='line_1_45' title="bbox 279 2837 935 2886; baseline 0.009 -16"><span class='ocrx_word' id='word_1_201' title='bbox 279 2848 320 2871; x_wconf 88' lang='lat' dir='ltr'>re</span> <span class='ocrx_word' id='word_1_202' title='bbox 340 2837 516 2886; x_wconf 88' lang='lat' dir='ltr'>potuisse.</span> <span class='ocrx_word' id='word_1_203' title='bbox 547 2838 762 2874; x_wconf 83' lang='lat' dir='ltr'>Memorant</span> <span class='ocrx_word' id='word_1_204' title='bbox 781 2839 935 2876; x_wconf 83' lang='lat' dir='ltr'>Platae-</span> 
     </span>
    </p>
   </div>
   <div class='ocr_carea' id='block_1_6' title="bbox 990 560 1697 2877">
    <p class='ocr_par' dir='ltr' id='par_1_6' title="bbox 1004 560 1671 885">
     <span class='ocr_line' id='line_1_46' title="bbox 1008 560 1671 602; baseline 0.006 -4"><span class='ocrx_word' id='word_1_205' title='bbox 1008 576 1115 600; x_wconf 86' lang='lat' dir='ltr'>enses</span> <span class='ocrx_word' id='word_1_206' title='bbox 1147 560 1446 599; x_wconf 83' lang='lat' dir='ltr'>Atheniensibus</span> <span class='ocrx_word' id='word_1_207' title='bbox 1475 565 1516 600; x_wconf 90' lang='lat' dir='ltr'>in</span> <span class='ocrx_word' id='word_1_208' title='bbox 1546 572 1671 602; x_wconf 88' lang='lat' dir='ltr'>certa-</span> 
     </span>
     <span class='ocr_line' id='line_1_47' title="bbox 1006 621 1670 671; baseline 0.008 -16"><span class='ocrx_word' id='word_1_209' title='bbox 1006 622 1111 656; x_wconf 88' lang='lat' dir='ltr'>mine</span> <span class='ocrx_word' id='word_1_210' title='bbox 1142 621 1266 656; x_wconf 84' lang='lat' dir='ltr'>navali</span> <span class='ocrx_word' id='word_1_211' title='bbox 1298 633 1411 671; x_wconf 89' lang='lat' dir='ltr'>opem</span> <span class='ocrx_word' id='word_1_212' title='bbox 1436 629 1670 670; x_wconf 80' lang='lat' dir='ltr'>praestantes</span> 
     </span>
     <span class='ocr_line' id='line_1_48' title="bbox 1005 676 1669 728; baseline 0.005 -15"><span class='ocrx_word' id='word_1_213' title='bbox 1005 676 1284 714; x_wconf 83' lang='lat' dir='ltr'>Demosthenes</span> <span class='ocrx_word' id='word_1_214' title='bbox 1315 691 1346 716; x_wconf 87' lang='lat' dir='ltr'>c.</span> <span class='ocrx_word' id='word_1_215' title='bbox 1370 679 1504 715; x_wconf 86' lang='lat' dir='ltr'>Neaer.</span> <span class='ocrx_word' id='word_1_216' title='bbox 1526 692 1562 728; x_wconf 91' lang='lat' dir='ltr'>p.</span> <span class='ocrx_word' id='word_1_217' title='bbox 1586 680 1669 720; x_wconf 78' lang='lat'>740</span> 
     </span>
     <span class='ocr_line' id='line_1_49' title="bbox 1009 735 1669 786; baseline 0.002 -15"><span class='ocrx_word' id='word_1_218' title='bbox 1009 735 1064 784; x_wconf 86' lang='lat' dir='ltr'>[p.</span> <span class='ocrx_word' id='word_1_219' title='bbox 1089 737 1195 774; x_wconf 70' lang='lat'>1577</span> <span class='ocrx_word' id='word_1_220' title='bbox 1225 748 1334 786; x_wconf 80' lang='lat' dir='ltr'>seqq.</span> <span class='ocrx_word' id='word_1_221' title='bbox 1356 735 1420 782; x_wconf 84' lang='lat' dir='ltr'>R.]</span> <span class='ocrx_word' id='word_1_222' title='bbox 1455 742 1491 772; x_wconf 87' lang='lat' dir='ltr'>et</span> <span class='ocrx_word' id='word_1_223' title='bbox 1522 737 1669 772; x_wconf 87' lang='lat' dir='ltr'>Pausa-</span> 
     </span>
     <span class='ocr_line' id='line_1_50' title="bbox 1005 791 1667 843; baseline 0.006 -17"><span class='ocrx_word' id='word_1_224' title='bbox 1005 793 1086 827; x_wconf 84' lang='lat' dir='ltr'>nias</span> <span class='ocrx_word' id='word_1_225' title='bbox 1117 791 1191 838; x_wconf 91' lang='lat' dir='ltr'>IX,</span> <span class='ocrx_word' id='word_1_226' title='bbox 1225 794 1242 830; x_wconf 82' lang='lat'>1</span> <span class='ocrx_word' id='word_1_227' title='bbox 1277 793 1314 836; x_wconf 63' lang='grc' dir='ltr'>ξ.</span> <span class='ocrx_word' id='word_1_228' title='bbox 1338 793 1390 839; x_wconf 78' lang='lat'>2,</span> <span class='ocrx_word' id='word_1_229' title='bbox 1430 804 1525 843; x_wconf 90' lang='lat' dir='ltr'>quos</span> <span class='ocrx_word' id='word_1_230' title='bbox 1557 792 1667 830; x_wconf 83' lang='lat' dir='ltr'>affert</span> 
     </span>
     <span class='ocr_line' id='line_1_51' title="bbox 1004 846 1255 885; baseline -0.004 0"><span class='ocrx_word' id='word_1_231' title='bbox 1004 846 1255 885; x_wconf 64' lang='lat' dir='ltr'>Valckenaer.</span> 
     </span>
    </p>

    <p class='ocr_par' dir='ltr' id='par_1_7' title="bbox 990 900 1697 2877">
     <span class='ocr_line' id='line_1_52' title="bbox 1064 900 1667 956; baseline 0.002 -13"><span class='ocrx_word' id='word_1_232' title='bbox 1064 905 1283 956; x_wconf 78' lang='grc' dir='ltr'><strong><em>Κορίνθιοι</em></strong></span> <span class='ocrx_word' id='word_1_233' title='bbox 1310 901 1353 943; x_wconf 78' lang='grc' dir='ltr'>δὲ</span> <span class='ocrx_word' id='word_1_234' title='bbox 1381 900 1667 955; x_wconf 77' lang='grc' dir='ltr'><strong><em>τεσσεράκοντα</em></strong></span> 
     </span>
     <span class='ocr_line' id='line_1_53' title="bbox 1004 960 1665 1012; baseline 0 -13"><span class='ocrx_word' id='word_1_235' title='bbox 1004 960 1098 1008; x_wconf 81' lang='grc' dir='ltr'><strong><em>νέας</em></strong></span> <span class='ocrx_word' id='word_1_236' title='bbox 1114 962 1369 1011; x_wconf 78' lang='grc' dir='ltr'><strong><em>παρείχοντο]</em></strong></span> <span class='ocrx_word' id='word_1_237' title='bbox 1399 962 1565 1012; x_wconf 81' lang='lat' dir='ltr'>Intelligi</span> <span class='ocrx_word' id='word_1_238' title='bbox 1576 960 1665 999; x_wconf 89' lang='lat' dir='ltr'>hinc</span> 
     </span>
     <span class='ocr_line' id='line_1_54' title="bbox 1005 1019 1668 1069; baseline 0.003 -15"><span class='ocrx_word' id='word_1_239' title='bbox 1005 1025 1141 1069; x_wconf 83' lang='lat' dir='ltr'>potest,</span> <span class='ocrx_word' id='word_1_240' title='bbox 1169 1019 1372 1056; x_wconf 72' lang='lat' dir='ltr'>Cbrintlu‘os</span> <span class='ocrx_word' id='word_1_241' title='bbox 1394 1020 1527 1055; x_wconf 88' lang='lat' dir='ltr'>ceteris</span> <span class='ocrx_word' id='word_1_242' title='bbox 1549 1019 1668 1056; x_wconf 86' lang='lat' dir='ltr'>Grae-</span> 
     </span>
     <span class='ocr_line' id='line_1_55' title="bbox 1005 1074 1665 1123; baseline 0.002 -11"><span class='ocrx_word' id='word_1_243' title='bbox 1005 1077 1070 1123; x_wconf 90' lang='lat' dir='ltr'>cis,</span> <span class='ocrx_word' id='word_1_244' title='bbox 1103 1077 1134 1112; x_wconf 91' lang='lat' dir='ltr'>si</span> <span class='ocrx_word' id='word_1_245' title='bbox 1169 1076 1215 1112; x_wconf 89' lang='lat' dir='ltr'>ab</span> <span class='ocrx_word' id='word_1_246' title='bbox 1247 1076 1332 1111; x_wconf 90' lang='lat' dir='ltr'>unis</span> <span class='ocrx_word' id='word_1_247' title='bbox 1365 1074 1665 1113; x_wconf 80' lang='lat' dir='ltr'>Atheniensibus</span> 
     </span>
     <span class='ocr_line' id='line_1_56' title="bbox 1005 1131 1668 1170; baseline 0.003 -2"><span class='ocrx_word' id='word_1_248' title='bbox 1005 1131 1174 1169; x_wconf 83' lang='lat' dir='ltr'>discedas</span> <span class='ocrx_word' id='word_1_249' title='bbox 1203 1133 1328 1169; x_wconf 91' lang='lat' dir='ltr'>subito</span> <span class='ocrx_word' id='word_1_250' title='bbox 1359 1132 1407 1169; x_wconf 85' lang='lat' dir='ltr'>ad</span> <span class='ocrx_word' id='word_1_251' title='bbox 1436 1139 1584 1169; x_wconf 83' lang='lat' dir='ltr'>tantam</span> <span class='ocrx_word' id='word_1_252' title='bbox 1604 1147 1668 1170; x_wconf 88' lang='lat' dir='ltr'>re-</span> 
     </span>
     <span class='ocr_line' id='line_1_57' title="bbox 1004 1190 1667 1240; baseline 0.005 -16"><span class='ocrx_word' id='word_1_253' title='bbox 1004 1201 1092 1224; x_wconf 90' lang='lat' dir='ltr'>rum</span> <span class='ocrx_word' id='word_1_254' title='bbox 1121 1190 1319 1225; x_wconf 74' lang='lat' dir='ltr'>navalium</span> <span class='ocrx_word' id='word_1_255' title='bbox 1344 1190 1495 1240; x_wconf 88' lang='lat' dir='ltr'>copiam</span> <span class='ocrx_word' id='word_1_256' title='bbox 1516 1191 1667 1238; x_wconf 81' lang='lat' dir='ltr'>evectis,</span> 
     </span>
     <span class='ocr_line' id='line_1_58' title="bbox 1004 1246 1667 1298; baseline 0.005 -17"><span class='ocrx_word' id='word_1_257' title='bbox 1004 1258 1095 1281; x_wconf 92' lang='lat' dir='ltr'>cum</span> <span class='ocrx_word' id='word_1_258' title='bbox 1115 1246 1245 1296; x_wconf 88' lang='lat' dir='ltr'>paucis</span> <span class='ocrx_word' id='word_1_259' title='bbox 1271 1252 1358 1282; x_wconf 89' lang='lat' dir='ltr'>ante</span> <span class='ocrx_word' id='word_1_260' title='bbox 1380 1248 1488 1284; x_wconf 84' lang='lat' dir='ltr'>annis</span> <span class='ocrx_word' id='word_1_261' title='bbox 1511 1247 1558 1284; x_wconf 91' lang='lat' dir='ltr'>ab</span> <span class='ocrx_word' id='word_1_262' title='bbox 1578 1248 1667 1298; x_wconf 85' lang='lat' dir='ltr'>ipsis</span> 
     </span>
     <span class='ocr_line' id='line_1_59' title="bbox 1005 1301 1667 1340; baseline 0.003 -2"><span class='ocrx_word' id='word_1_263' title='bbox 1005 1301 1208 1338; x_wconf 84' lang='lat' dir='ltr'>Corinthiis</span> <span class='ocrx_word' id='word_1_264' title='bbox 1229 1315 1345 1339; x_wconf 73' lang='lat' dir='ltr'>naves</span> <span class='ocrx_word' id='word_1_265' title='bbox 1357 1305 1524 1339; x_wconf 86' lang='lat' dir='ltr'>mutuari</span> <span class='ocrx_word' id='word_1_266' title='bbox 1545 1305 1667 1340; x_wconf 91' lang='lat' dir='ltr'>coacti</span> 
     </span>
     <span class='ocr_line' id='line_1_60' title="bbox 1003 1359 1663 1408; baseline 0.006 -14"><span class='ocrx_word' id='word_1_267' title='bbox 1003 1365 1138 1404; x_wconf 90' lang='lat' dir='ltr'>essent,</span> <span class='ocrx_word' id='word_1_268' title='bbox 1160 1363 1253 1395; x_wconf 90' lang='lat' dir='ltr'>teste</span> <span class='ocrx_word' id='word_1_269' title='bbox 1284 1359 1481 1397; x_wconf 88' lang='lat' dir='ltr'>Herodoto</span> <span class='ocrx_word' id='word_1_270' title='bbox 1514 1360 1578 1408; x_wconf 89' lang='lat' dir='ltr'>VI,</span> <span class='ocrx_word' id='word_1_271' title='bbox 1609 1361 1663 1400; x_wconf 88' lang='lat'>89</span> 
     </span>
     <span class='ocr_line' id='line_1_61' title="bbox 1002 1413 1663 1467; baseline 0 -15"><span class='ocrx_word' id='word_1_272' title='bbox 1002 1416 1089 1452; x_wconf 84' lang='lat' dir='ltr'>coll.</span> <span class='ocrx_word' id='word_1_273' title='bbox 1118 1413 1343 1466; x_wconf 78' lang='lat' dir='ltr'>Thucydid.</span> <span class='ocrx_word' id='word_1_274' title='bbox 1363 1417 1392 1462; x_wconf 91' lang='lat' dir='ltr'>I,</span> <span class='ocrx_word' id='word_1_275' title='bbox 1413 1415 1481 1463; x_wconf 78' lang='lat'>41,</span> <span class='ocrx_word' id='word_1_276' title='bbox 1501 1417 1663 1467; x_wconf 88' lang='lat' dir='ltr'>praesti-</span> 
     </span>
     <span class='ocr_line' id='line_1_62' title="bbox 1000 1471 1662 1524; baseline 0.002 -16"><span class='ocrx_word' id='word_1_277' title='bbox 1000 1473 1087 1508; x_wconf 88' lang='lat' dir='ltr'>tisse</span> <span class='ocrx_word' id='word_1_278' title='bbox 1108 1486 1149 1508; x_wconf 91' lang='lat' dir='ltr'>re</span> <span class='ocrx_word' id='word_1_279' title='bbox 1168 1473 1308 1509; x_wconf 81' lang='lat' dir='ltr'>navali.</span> <span class='ocrx_word' id='word_1_280' title='bbox 1335 1471 1550 1510; x_wconf 79' lang='lat' dir='ltr'>Corinthios</span> <span class='ocrx_word' id='word_1_281' title='bbox 1569 1486 1662 1524; x_wconf 88' lang='lat' dir='ltr'>pro-</span> 
     </span>
     <span class='ocr_line' id='line_1_63' title="bbox 1000 1529 1661 1582; baseline 0.005 -18"><span class='ocrx_word' id='word_1_282' title='bbox 1000 1530 1105 1565; x_wconf 83' lang='lat' dir='ltr'>xime</span> <span class='ocrx_word' id='word_1_283' title='bbox 1123 1531 1318 1579; x_wconf 85' lang='lat' dir='ltr'>excipiunt</span> <span class='ocrx_word' id='word_1_284' title='bbox 1334 1529 1543 1578; x_wconf 81' lang='lat' dir='ltr'>Aeginetae,</span> <span class='ocrx_word' id='word_1_285' title='bbox 1566 1542 1661 1582; x_wconf 91' lang='lat' dir='ltr'>quos</span> 
     </span>
     <span class='ocr_line' id='line_1_64' title="bbox 999 1587 1662 1624; baseline 0.002 -2"><span class='ocrx_word' id='word_1_286' title='bbox 999 1593 1148 1622; x_wconf 90' lang='lat' dir='ltr'>mature</span> <span class='ocrx_word' id='word_1_287' title='bbox 1168 1587 1268 1623; x_wconf 91' lang='lat' dir='ltr'>inter</span> <span class='ocrx_word' id='word_1_288' title='bbox 1288 1587 1451 1623; x_wconf 88' lang='lat' dir='ltr'>Graecos</span> <span class='ocrx_word' id='word_1_289' title='bbox 1472 1600 1514 1623; x_wconf 90' lang='lat' dir='ltr'>re</span> <span class='ocrx_word' id='word_1_290' title='bbox 1534 1587 1662 1624; x_wconf 81' lang='lat' dir='ltr'>navali</span> 
     </span>
     <span class='ocr_line' id='line_1_65' title="bbox 1000 1642 1660 1693; baseline 0.003 -14"><span class='ocrx_word' id='word_1_291' title='bbox 1000 1644 1204 1680; x_wconf 88' lang='lat' dir='ltr'>eminuisse</span> <span class='ocrx_word' id='word_1_292' title='bbox 1235 1650 1393 1686; x_wconf 84' lang='lat' dir='ltr'>constat.</span> <span class='ocrx_word' id='word_1_293' title='bbox 1431 1642 1660 1693; x_wconf 63' lang='lat' dir='ltr'>Elegarenses</span> 
     </span>
     <span class='ocr_line' id='line_1_66' title="bbox 999 1699 1662 1753; baseline 0.002 -17"><span class='ocrx_word' id='word_1_294' title='bbox 999 1707 1037 1737; x_wconf 91' lang='lat' dir='ltr'>et</span> <span class='ocrx_word' id='word_1_295' title='bbox 1068 1699 1354 1748; x_wconf 80' lang='lat' dir='ltr'>Chalcidenses,</span> <span class='ocrx_word' id='word_1_296' title='bbox 1381 1702 1517 1753; x_wconf 88' lang='lat' dir='ltr'>quibus</span> <span class='ocrx_word' id='word_1_297' title='bbox 1537 1700 1662 1737; x_wconf 84' lang='lat' dir='ltr'>Athe-</span> 
     </span>
     <span class='ocr_line' id='line_1_67' title="bbox 998 1757 1660 1809; baseline 0.002 -17"><span class='ocrx_word' id='word_1_298' title='bbox 998 1757 1148 1794; x_wconf 86' lang='lat' dir='ltr'>nienses</span> <span class='ocrx_word' id='word_1_299' title='bbox 1163 1771 1278 1795; x_wconf 78' lang='lat' dir='ltr'>naves</span> <span class='ocrx_word' id='word_1_300' title='bbox 1294 1759 1515 1809; x_wconf 86' lang='lat' dir='ltr'>praebuere,</span> <span class='ocrx_word' id='word_1_301' title='bbox 1535 1759 1602 1795; x_wconf 75' lang='lat' dir='ltr'>vix</span> <span class='ocrx_word' id='word_1_302' title='bbox 1620 1759 1660 1794; x_wconf 86' lang='lat' dir='ltr'>in</span> 
     </span>
     <span class='ocr_line' id='line_1_68' title="bbox 1000 1816 1660 1866; baseline 0.002 -15"><span class='ocrx_word' id='word_1_303' title='bbox 1000 1827 1159 1851; x_wconf 84' lang='lat' dir='ltr'>censum</span> <span class='ocrx_word' id='word_1_304' title='bbox 1199 1816 1330 1852; x_wconf 82' lang='lat' dir='ltr'>venire</span> <span class='ocrx_word' id='word_1_305' title='bbox 1358 1821 1526 1866; x_wconf 81' lang='lat' dir='ltr'>possunt.</span> <span class='ocrx_word' id='word_1_306' title='bbox 1575 1816 1660 1860; x_wconf 82' lang='lat' dir='ltr'>Quo</span> 
     </span>
     <span class='ocr_line' id='line_1_69' title="bbox 999 1872 1660 1922; baseline 0.002 -15"><span class='ocrx_word' id='word_1_307' title='bbox 999 1873 1121 1922; x_wconf 87' lang='lat' dir='ltr'>magis</span> <span class='ocrx_word' id='word_1_308' title='bbox 1148 1873 1294 1908; x_wconf 88' lang='lat' dir='ltr'>mireris</span> <span class='ocrx_word' id='word_1_309' title='bbox 1315 1872 1485 1920; x_wconf 75' lang='lat' dir='ltr'>Lacones,</span> <span class='ocrx_word' id='word_1_310' title='bbox 1515 1873 1660 1922; x_wconf 89' lang='lat' dir='ltr'>princi-</span> 
     </span>
     <span class='ocr_line' id='line_1_70' title="bbox 999 1929 1660 1979; baseline 0.003 -15"><span class='ocrx_word' id='word_1_311' title='bbox 999 1936 1133 1979; x_wconf 84' lang='lat' dir='ltr'>patum</span> <span class='ocrx_word' id='word_1_312' title='bbox 1154 1930 1336 1966; x_wconf 87' lang='lat' dir='ltr'>Graeciae</span> <span class='ocrx_word' id='word_1_313' title='bbox 1364 1936 1457 1966; x_wconf 89' lang='lat' dir='ltr'>tunc</span> <span class='ocrx_word' id='word_1_314' title='bbox 1478 1929 1660 1979; x_wconf 90' lang='lat' dir='ltr'>temporis</span> 
     </span>
     <span class='ocr_line' id='line_1_71' title="bbox 1000 1984 1660 2034; baseline 0 -12"><span class='ocrx_word' id='word_1_315' title='bbox 1000 1986 1227 2034; x_wconf 87' lang='lat' dir='ltr'>obtinentes,</span> <span class='ocrx_word' id='word_1_316' title='bbox 1250 1985 1384 2023; x_wconf 89' lang='lat' dir='ltr'>decem</span> <span class='ocrx_word' id='word_1_317' title='bbox 1405 1984 1524 2022; x_wconf 88' lang='lat' dir='ltr'>modo</span> <span class='ocrx_word' id='word_1_318' title='bbox 1543 1998 1660 2023; x_wconf 81' lang='lat' dir='ltr'>naves</span> 
     </span>
     <span class='ocr_line' id='line_1_72' title="bbox 999 2041 1660 2094; baseline -0.002 -15"><span class='ocrx_word' id='word_1_319' title='bbox 999 2044 1261 2094; x_wconf 80' lang='lat' dir='ltr'>complevisse,</span> <span class='ocrx_word' id='word_1_320' title='bbox 1290 2056 1333 2080; x_wconf 87' lang='lat' dir='ltr'>ac</span> <span class='ocrx_word' id='word_1_321' title='bbox 1354 2041 1522 2080; x_wconf 88' lang='lat' dir='ltr'>sedecim</span> <span class='ocrx_word' id='word_1_322' title='bbox 1547 2043 1660 2078; x_wconf 86' lang='lat' dir='ltr'>navi-</span> 
     </span>
     <span class='ocr_line' id='line_1_73' title="bbox 999 2099 1659 2150; baseline 0 -15"><span class='ocrx_word' id='word_1_323' title='bbox 999 2099 1069 2136; x_wconf 92' lang='lat' dir='ltr'>bus</span> <span class='ocrx_word' id='word_1_324' title='bbox 1104 2099 1152 2136; x_wconf 90' lang='lat' dir='ltr'>ad</span> <span class='ocrx_word' id='word_1_325' title='bbox 1193 2100 1430 2137; x_wconf 84' lang='lat' dir='ltr'>Salaminem</span> <span class='ocrx_word' id='word_1_326' title='bbox 1469 2111 1659 2150; x_wconf 82' lang='lat' dir='ltr'>pugnasse</span> 
     </span>
     <span class='ocr_line' id='line_1_74' title="bbox 1001 2155 1659 2207; baseline 0 -15"><span class='ocrx_word' id='word_1_327' title='bbox 1001 2157 1114 2203; x_wconf 85' lang='lat' dir='ltr'>(Vm,</span> <span class='ocrx_word' id='word_1_328' title='bbox 1146 2156 1229 2204; x_wconf 81' lang='lat'>43).</span> <span class='ocrx_word' id='word_1_329' title='bbox 1292 2155 1355 2192; x_wconf 85' lang='lat' dir='ltr'>Ad</span> <span class='ocrx_word' id='word_1_330' title='bbox 1392 2162 1659 2207; x_wconf 86' lang='lat' dir='ltr'>paupertatem</span> 
     </span>
     <span class='ocr_line' id='line_1_75' title="bbox 998 2211 1659 2264; baseline -0.002 -15"><span class='ocrx_word' id='word_1_331' title='bbox 998 2214 1157 2250; x_wconf 84' lang='lat' dir='ltr'>civitatis</span> <span class='ocrx_word' id='word_1_332' title='bbox 1184 2214 1408 2264; x_wconf 82' lang='lat' dir='ltr'>Spartanae,</span> <span class='ocrx_word' id='word_1_333' title='bbox 1440 2214 1574 2264; x_wconf 87' lang='lat' dir='ltr'>opibus</span> <span class='ocrx_word' id='word_1_334' title='bbox 1609 2211 1659 2249; x_wconf 85' lang='lat' dir='ltr'>ad</span> 
     </span>
     <span class='ocr_line' id='line_1_76' title="bbox 996 2269 1697 2307; baseline 0 -1"><span class='ocrx_word' id='word_1_335' title='bbox 996 2283 1110 2307; x_wconf 84' lang='lat' dir='ltr'>naves</span> <span class='ocrx_word' id='word_1_336' title='bbox 1121 2269 1368 2307; x_wconf 85' lang='lat' dir='ltr'>exstruendas</span> <span class='ocrx_word' id='word_1_337' title='bbox 1377 2271 1595 2307; x_wconf 67' lang='lat' dir='ltr'>necessariis</span> <span class='ocrx_word' id='word_1_338' title='bbox 1603 2269 1668 2306; x_wconf 90' lang='lat' dir='ltr'>de-</span> <span class='ocrx_word' id='word_1_339' title='bbox 1694 2272 1697 2274; x_wconf 72' lang='grc'>’</span> 
     </span>
     <span class='ocr_line' id='line_1_77' title="bbox 997 2328 1657 2375; baseline 0.002 -12"><span class='ocrx_word' id='word_1_340' title='bbox 997 2328 1225 2375; x_wconf 67' lang='lat' dir='ltr'>stimme-,res</span> <span class='ocrx_word' id='word_1_341' title='bbox 1223 2340 1301 2364; x_wconf 88' lang='lat' dir='ltr'>eras</span> <span class='ocrx_word' id='word_1_342' title='bbox 1315 2328 1404 2364; x_wconf 85' lang='lat' dir='ltr'>licet</span> <span class='ocrx_word' id='word_1_343' title='bbox 1413 2340 1501 2364; x_wconf 89' lang='lat' dir='ltr'>cum</span> <span class='ocrx_word' id='word_1_344' title='bbox 1511 2328 1657 2364; x_wconf 83' lang='lat' dir='ltr'>G.We-</span> 
     </span>
     <span class='ocr_line' id='line_1_78' title="bbox 996 2382 1657 2435; baseline -0.002 -15"><span class='ocrx_word' id='word_1_345' title='bbox 996 2384 1076 2421; x_wconf 85' lang='lat' dir='ltr'>ber-</span> <span class='ocrx_word' id='word_1_346' title='bbox 1116 2386 1189 2433; x_wconf 93' lang='lat' dir='ltr'>(De</span> <span class='ocrx_word' id='word_1_347' title='bbox 1221 2384 1372 2435; x_wconf 69' lang='lat' dir='ltr'>Gytheo</span> <span class='ocrx_word' id='word_1_348' title='bbox 1404 2391 1441 2421; x_wconf 88' lang='lat' dir='ltr'>et</span> <span class='ocrx_word' id='word_1_349' title='bbox 1460 2382 1657 2420; x_wconf 88' lang='lat' dir='ltr'>Lacedae-</span> 
     </span>
     <span class='ocr_line' id='line_1_79' title="bbox 996 2439 1656 2479; baseline -0.003 -2"><span class='ocrx_word' id='word_1_350' title='bbox 996 2442 1216 2478; x_wconf 88' lang='lat' dir='ltr'>moniorum</span> <span class='ocrx_word' id='word_1_351' title='bbox 1229 2442 1334 2478; x_wconf 88' lang='lat' dir='ltr'>rebb.</span> <span class='ocrx_word' id='word_1_352' title='bbox 1346 2442 1483 2479; x_wconf 84' lang='lat' dir='ltr'>navall.</span> <span class='ocrx_word' id='word_1_353' title='bbox 1497 2439 1656 2476; x_wconf 84' lang='lat' dir='ltr'>Heidel-</span> 
     </span>
     <span class='ocr_line' id='line_1_80' title="bbox 995 2497 1655 2549; baseline 0 -15"><span class='ocrx_word' id='word_1_354' title='bbox 995 2499 1101 2548; x_wconf 84' lang='lat' dir='ltr'>berg.</span> <span class='ocrx_word' id='word_1_355' title='bbox 1127 2501 1232 2539; x_wconf 82' lang='lat'><strong>1833</strong></span> <span class='ocrx_word' id='word_1_356' title='bbox 1253 2512 1340 2549; x_wconf 83' lang='lat' dir='ltr'>pag.</span> <span class='ocrx_word' id='word_1_357' title='bbox 1357 2497 1426 2543; x_wconf 83' lang='lat'>48)</span> <span class='ocrx_word' id='word_1_358' title='bbox 1446 2503 1512 2534; x_wconf 90' lang='lat' dir='ltr'>aut</span> <span class='ocrx_word' id='word_1_359' title='bbox 1531 2497 1655 2547; x_wconf 84' lang='lat' dir='ltr'>potius</span> 
     </span>
     <span class='ocr_line' id='line_1_81' title="bbox 997 2554 1654 2606; baseline -0.002 -16"><span class='ocrx_word' id='word_1_360' title='bbox 997 2554 1045 2592; x_wconf 81' lang='lat' dir='ltr'>ad</span> <span class='ocrx_word' id='word_1_361' title='bbox 1055 2556 1130 2606; x_wconf 87' lang='lat' dir='ltr'>Spa</span> <span class='ocrx_word' id='word_1_362' title='bbox 1137 2562 1331 2592; x_wconf 85' lang='lat' dir='ltr'>rtanorum</span> <span class='ocrx_word' id='word_1_363' title='bbox 1339 2555 1550 2605; x_wconf 87' lang='lat' dir='ltr'>ingenium,</span> <span class='ocrx_word' id='word_1_364' title='bbox 1560 2565 1654 2605; x_wconf 91' lang='lat' dir='ltr'>quos</span> 
     </span>
     <span class='ocr_line' id='line_1_82' title="bbox 999 2609 1654 2649; baseline -0.002 -2"><span class='ocrx_word' id='word_1_365' title='bbox 999 2624 1019 2647; x_wconf 86' lang='lat' dir='ltr'>a</span> <span class='ocrx_word' id='word_1_366' title='bbox 1052 2613 1157 2649; x_wconf 90' lang='lat' dir='ltr'>bellis</span> <span class='ocrx_word' id='word_1_367' title='bbox 1192 2613 1391 2649; x_wconf 88' lang='lat' dir='ltr'>maritimis</span> <span class='ocrx_word' id='word_1_368' title='bbox 1441 2609 1654 2647; x_wconf 87' lang='lat' dir='ltr'>abhorren-</span> 
     </span>
     <span class='ocr_line' id='line_1_83' title="bbox 995 2667 1653 2706; baseline -0.002 -2"><span class='ocrx_word' id='word_1_369' title='bbox 995 2674 1052 2706; x_wconf 86' lang='lat' dir='ltr'>tes</span> <span class='ocrx_word' id='word_1_370' title='bbox 1082 2682 1240 2706; x_wconf 86' lang='lat' dir='ltr'>omnem</span> <span class='ocrx_word' id='word_1_371' title='bbox 1266 2668 1314 2706; x_wconf 90' lang='lat' dir='ltr'>ad</span> <span class='ocrx_word' id='word_1_372' title='bbox 1345 2668 1444 2705; x_wconf 86' lang='lat' dir='ltr'>bella</span> <span class='ocrx_word' id='word_1_373' title='bbox 1464 2667 1653 2704; x_wconf 88' lang='lat' dir='ltr'>terrestria</span> 
     </span>
     <span class='ocr_line' id='line_1_84' title="bbox 993 2721 1651 2763; baseline -0.003 -2"><span class='ocrx_word' id='word_1_374' title='bbox 993 2727 1220 2763; x_wconf 82' lang='lat' dir='ltr'>convertisse</span> <span class='ocrx_word' id='word_1_375' title='bbox 1232 2738 1363 2763; x_wconf 87' lang='lat' dir='ltr'>curam</span> <span class='ocrx_word' id='word_1_376' title='bbox 1371 2726 1559 2761; x_wconf 73' lang='lat' dir='ltr'>novimus.</span> <span class='ocrx_word' id='word_1_377' title='bbox 1573 2721 1651 2760; x_wconf 88' lang='lat' dir='ltr'>Sed</span> 
     </span>
     <span class='ocr_line' id='line_1_85' title="bbox 991 2781 1651 2821; baseline -0.005 -3"><span class='ocrx_word' id='word_1_378' title='bbox 991 2783 1108 2821; x_wconf 87' lang='lat' dir='ltr'>Attici</span> <span class='ocrx_word' id='word_1_379' title='bbox 1147 2789 1312 2819; x_wconf 87' lang='lat' dir='ltr'>oratores</span> <span class='ocrx_word' id='word_1_380' title='bbox 1350 2781 1441 2819; x_wconf 90' lang='lat' dir='ltr'>hinc</span> <span class='ocrx_word' id='word_1_381' title='bbox 1481 2781 1651 2818; x_wconf 84' lang='lat' dir='ltr'>maxime</span> 
     </span>
     <span class='ocr_line' id='line_1_86' title="bbox 990 2838 1651 2877; baseline -0.005 -1"><span class='ocrx_word' id='word_1_382' title='bbox 990 2839 1204 2876; x_wconf 87' lang='lat' dir='ltr'>Laconibus</span> <span class='ocrx_word' id='word_1_383' title='bbox 1226 2838 1360 2877; x_wconf 87' lang='lat' dir='ltr'>decem</span> <span class='ocrx_word' id='word_1_384' title='bbox 1391 2840 1477 2876; x_wconf 78' lang='lat' dir='ltr'>istas</span> <span class='ocrx_word' id='word_1_385' title='bbox 1497 2838 1651 2874; x_wconf 81' lang='lat' dir='ltr'>obiece-</span> 
     </span>
    </p>
   </div>
  </div>
 </body>
</html>
