1839 3292
21 655 117 700 122

15 1194 114 1239 123

538 216 696 254 URA
727 216 885 253 NIA.
951 213 1084 252 VIII.
1353 217 1434 256 169

186 328 264 382 τήν
290 326 357 377 δὲ,
390 325 459 368 ἐπὶ
487 322 702 368 Σούνιον·
733 324 813 380 τὴν
842 323 909 372 δὲ,
938 324 1000 374 τῷ
1030 322 1198 372 Αἴαντι,
1231 321 1370 366 αὐτοῦ
1391 323 1434 374 ἐς

158 398 429 448 3Σαλαμῖνα.
484 392 588 447 μετὰ
628 393 674 436 δὲ
711 397 840 436 τοῦτο
880 388 1135 435 διεδάσαντο
1173 389 1255 446 τήν
1295 393 1432 446 ληίην,

183 461 254 504 καὶ
297 460 348 502 τά
389 460 622 513 ἀκροθίνια
651 458 905 514 ἀπέπεμψαν
934 459 976 509 ἐς
1004 457 1229 513 Δελφούς·
1268 458 1315 501 ἐκ
1346 461 1435 500 τῶν

182 527 347 582 ἐγένετο
378 527 570 581 ἀνδριὰς,
602 527 709 582 ἔχων
746 528 791 570 ἐν
820 531 871 582 τῇ
896 527 989 581 χερὶ,
1011 525 1286 581 ἀκρωτήριον
1315 524 1432 579 νηὸς,

182 595 266 638 ἐών
294 595 483 650 μέγαθος
516 597 785 638 δυωκαίδεκα
819 593 1008 649 πηχέων·
1039 593 1209 649 ἑστήκεε
1231 593 1276 635 δὲ
1307 587 1435 642 οὗτος
1448 596 1491 632 55

180 667 233 719 τῇ
271 680 350 717 περ
391 661 414 707 ὁ
457 662 675 705 Μακεδών
705 660 978 713 Ἀλέξανδρος
1007 659 1029 703 ὁ
1059 660 1253 715 χρύσεος.
1313 659 1429 714 Πέμ-
1487 658 1763 727 ffgjdoffiffijffiffi‘g-

181 738 338 782 ψαντες
375 731 421 773 δὲ
457 729 688 783 ἀκροθίνια
716 729 979 785 οί“Ἐλληνες
1009 728 1050 777 ἐς
1070 728 1295 782 Δελφούς,
1327 727 1432 769 ἐπει-
1489 726 1764 754 ῑθῑῑῑῑᾱοωνθῐὶῐὶῑ·

182 795 344 850 ρῶτεον
383 796 460 840 τὸν
506 796 614 840 θεόν
649 801 795 854 κοινῇ,
848 799 884 840 εἰ
918 795 1125 852 λελάβηκε
1165 794 1328 850 πλήρεα
1359 793 1431 836 καὶ

180 863 338 918 ἀρεστὰ
368 865 419 908 τά
450 862 697 919 ἀκροθίνια.
726 863 749 907 ὁ
781 865 848 916 δὲ,
880 864 979 918 παρ’
1005 862 1220 918 Ἑλλήνων
1248 863 1326 917 μὲν
1341 865 1430 904 τῶν
1487 857 1566 896 (577

180 932 336 984 ἄλλων,
369 934 522 988 ἔφησε,
553 933 686 987 ἔχειν·
716 931 814 985 παρ’
838 932 1102 987 Αἰγινητέων
1122 932 1180 984 δὲ,
1213 930 1286 973 οὔ·
1318 928 1428 972 ἀλλά
1445 937 1489 970 61

181 995 355 1042 ἀπαίτεε
388 999 548 1051 αὐτοὺς
574 999 625 1042 τά
654 998 854 1055 ἀριστήϊα
883 1003 959 1054 τῆς
989 999 1036 1042 ἐν
1066 1002 1287 1054 Σαλαμῖνι
1325 1013 1434 1040 ναυ-

179 1067 344 1122 μαχίης.
401 1069 627 1122 Αἰγινῆται
655 1068 699 1110 δὲ
729 1066 987 1121 πυθόμενοι,
1018 1066 1228 1110 ἀνέθεσαν
1253 1065 1435 1119 ἀστέρας

178 1135 401 1188 χρυσέους,
434 1138 476 1177 οἳ
506 1136 575 1178 ἐπὶ
605 1136 726 1177 ἱστοῦ
755 1134 937 1190 χαλκέου
969 1135 1114 1177 ἑστᾶσι
1129 1139 1241 1189 τρεῖς
1272 1134 1340 1176 ἐπὶ
1359 1136 1434 1188 τῆς

179 1204 349 1256 γωνίης,
380 1201 597 1256 ἀγχοτάτω
626 1206 704 1244 τοῦ
734 1205 935 1255 Κροίσεω
955 1206 1177 1257 κρητῆρος.
1237 1199 1361 1243 Meto}
1386 1194 1764 1256 δὲὸὧξῖξξωξῦθξξξξξὲᾞ

178 1267 257 1323 τὴν
288 1271 499 1323 διαίρεσιν
528 1274 600 1323 τῆς
628 1271 749 1323 λη’ίής
779 1269 946 1312 ἔπλωον
976 1272 1019 1312 οἱ
1046 1269 1250 1324 Ἕλληνες
1281 1267 1323 1319 ἐς
1351 1266 1431 1311 τόν
1490 1262 1763 1297 ΒῑθῑῑςθθΝωῚἪθ·

177 1336 365 1390 Ἰσθμὸν,
396 1338 595 1393 ἀριστήϊα
626 1336 835 1386 δώσοντες
869 1338 929 1390 τῷ
959 1335 1175 1393 ἀξιωτάτῳ
1212 1335 1431 1391 γενομένῳ

1490 1296 1765 1362 ἱῖῑιῗίῖιέῗίῖὼῗέῗιιῖη

153 1402 395 1459 ΞἙλλὴνωυ
435 1402 517 1447 ἀνὰ
545 1403 622 1447 τὸν
650 1403 841 1460 πόλεμον
871 1406 1044 1447 τοῦτον.
1103 1402 1162 1455 ὠς
1199 1404 1245 1447 δὲ
1276 1401 1432 1447 ἀπικό-

1491 1364 1520 1390 ni
1549 1371 1631 1389 aram
1657 1364 1764 1390 suffra-

1489 1398 1541 1430 gia
1560 1397 1595 1423 de
1613 1397 1668 1424 hac
1687 1405 1720 1424 re

1491 1431 1617 1465 ferrent,
1653 1431 1687 1457 ob
1716 1438 1763 1456 res

1491 1465 1567 1491 bene
1585 1467 1686 1497 gestas
1704 1463 1764 1497 pri-

1491 1506 1558 1526 mae
1575 1499 1729 1527 darentur.

180 1612 237 1663 τῷ
258 1610 402 1650 Αἴαντι
435 1607 558 1651 αὐτοῦ
587 1610 625 1658 ἐς
645 1614 777 1651 Σαλα-

126 1668 247 1716 μῖνα]
278 1664 403 1707 αὐτοῦ
419 1676 472 1705 est
502 1670 561 1717 ibi,
596 1670 662 1705 ubi
694 1670 774 1708 scil.

124 1721 313 1760 habebant
332 1726 531 1762 stationem
552 1727 707 1776 regressi
728 1727 774 1762 ab

125 1779 365 1829 expeditione
391 1783 430 1817 in
470 1782 632 1819 Andrios
661 1790 775 1834 atque

126 1835 312 1887 Carystios
364 1839 476 1879 facta,
560 1840 684 1876 Verba
734 1838 775 1885 ἐς

126 1894 333 1942 Σαλαμῖνα
392 1908 511 1946 aeque
567 1903 680 1947 atque
737 1895 775 1942 ἐς

123 1942 283 1998 Ἰσθμὸν
305 1957 341 1987 et
367 1949 430 1989 ἐπὶ
455 1947 630 1991 Σούνιον
651 1951 698 1988 ad
729 1947 775 1990 οἷ-

124 2009 311 2044 ναθεῖναι
380 2009 579 2057 pertiuent.
654 2007 776 2044 Affert

124 2062 400 2112 Wesselingius
431 2063 478 2100 ad
511 2063 547 2101 h.
581 2065 606 2102 l.
641 2066 775 2101 similia

124 2119 302 2156 victoriae
358 2128 567 2170 reportatae
621 2120 776 2157 donaria

125 2188 146 2210 e
167 2174 386 2226 Thucydid.
420 2179 466 2223 ΙΙ,
489 2177 554 2217 84.
611 2179 773 2228 Procop.

123 2231 220 2269 Bell.
242 2230 356 2270 Goth.
381 2234 443 2280 lv,
465 2236 532 2273 22.
563 2227 779 2283 ἀκροθίνια

124 2296 210 2324 sunt
230 2289 414 2338 primitiae
427 2289 587 2339 praedae
606 2290 674 2327 diis
685 2304 778 2327 con-

123 2343 324 2381 secrandae
358 2358 379 2381 a
407 2347 610 2383 victoribus
629 2355 781 2398 gratum

126 2402 296 2437 animum
338 2403 630 2451 testificantibus,
669 2412 712 2441 ut
746 2406 777 2451 l,

127 2459 194 2497 86.
218 2459 284 2498 90.
337 2459 429 2494 Mox
449 2460 583 2510 reliqui
604 2456 776 2510 ἑστήκεε,

127 2514 231 2548 cuius
241 2514 323 2549 loco
336 2515 499 2563 Schaef„
514 2529 627 2566 quem
640 2515 775 2554 Matth.

127 2575 165 2606 et
190 2568 355 2607 Bekker.
376 2579 595 2623 sequuntur,
630 2572 776 2624 ἕστηκε.

321 2660 412 2710 Cap.
435 2661 590 2703 cxxn.

181 2734 396 2787 λελάβηκε]
433 2738 515 2775 vid.
543 2739 678 2777 Matth.
710 2741 778 2777 Gr.

127 2794 193 2834 Gr.
219 2796 257 2841 §.
277 2794 370 2835 427.
419 2794 663 2835 Valckenaer.
692 2809 779 2833 ma-

832 1612 953 1649 luerat
970 1607 1180 1662 λελαβήκεε
1199 1617 1242 1648 ut
1252 1611 1396 1656 111‚42.
1416 1611 1491 1647 At-

831 1670 916 1719 tigit
954 1668 1169 1705 Herodotea
1195 1667 1490 1706 Pseudo-plut.

831 1727 867 1763 Il
887 1740 924 1776 p.
949 1728 1026 1766 871
1048 1726 1090 1762 C.

888 1779 934 1821 τά
971 1777 1155 1832 ἀριστήϊα
1183 1783 1254 1832 τῆς
1283 1779 1326 1819 ἓν
1357 1782 1490 1818 Σαλα-

832 1843 917 1889 μῖνι
949 1837 1195 1888 ναυμαχίης]
1248 1837 1359 1873 Couf.
1387 1837 1486 1885 VIII,

832 1898 883 1934 93
923 1901 959 1931 et
998 1894 1190 1935 Plutarch.
1238 1893 1490 1930 Themistocl-

836 1954 885 1991 17
906 1964 992 2001 pag.
1018 1954 1095 1990 120
1117 1951 1159 1988 C.
1197 1951 1391 2001 Aeginetis
1404 1950 1491 1999 pal-

831 2021 936 2043 mam
959 2008 1212 2043 contributam
1234 2021 1313 2043 esse
1344 2013 1490 2043 testau-

831 2071 892 2100 tur
912 2076 1065 2116 quoque
1094 2065 1242 2100 Aelian.
1267 2065 1310 2102 V.
1331 2065 1379 2102 Η,
1401 2064 1489 2108 XII,

834 2124 898 2161 10.
939 2119 1094 2156 Diodor.
1135 2122 1203 2167 XI,
1233 2122 1298 2167 27,
1332 2125 1490 2155 notante

834 2178 1104 2226 VVesselingio.
1135 2196 1190 2203 -—
1232 2177 1276 2211 In
1306 2189 1411 2226 seqq.
1442 2173 1492 2210 ad

834 2247 970 2270 vocem
991 2229 1153 2282 ἀστέρας
1174 2231 1273 2269 conf.
1297 2234 1342 2279 ll,
1360 2231 1403 2275 4,
1425 2231 1491 2267 ubi

834 2290 988 2340 plurimi
1010 2288 1120 2325 codd.
1142 2287 1243 2324 haud
1260 2290 1337 2325 scio
1360 2301 1408 2323 an
1428 2301 1492 2324 re-

835 2354 894 2383 cte
916 2342 1087 2397 ἀστέρων
1107 2358 1175 2395 pro
1196 2346 1300 2394 vulg.
1322 2342 1492 2392 ἄστρων.

890 2405 964 2441 τοῦ
978 2403 1156 2452 Κροίσεω
1172 2400 1385 2451 κρητῆρος]
1404 2399 1491 2437 Vid-

833 2460 862 2506 Ι,
903 2458 952 2498 51
996 2466 1031 2494 et
1072 2457 1118 2494 de
1149 2457 1272 2494 forma
1309 2457 1491 2506 Κροίσεω

832 2513 968 2553 matth.
996 2516 1061 2553 Gr.
1098 2515 1161 2550 Gr.
1186 2515 1222 2559 ξ.
1245 2515 1309 2560 913
1345 2515 1371 2552 2
1402 2525 1490 2563 pag.

1022 2660 1114 2710 cap.
1137 2659 1312 2695 CXXIII.

892 2734 969 2777 οἷνοῖ
1021 2735 1090 2776 τὸν
1140 2733 1339 2786 πόλεμον]
1403 2734 1490 2774 Vid.

835 2793 970 2833 Matth.
1003 2795 1068 2836 Gr.
1099 2794 1161 2831 Gr.
1184 2795 1221 2840 ξ.
1243 2793 1337 2843 579,
1360 2795 1379 2832 1
1404 2805 1492 2843 pag.

1702 1593 1706 1619 ί
