1839 3292
390 180 475 221 202
783 182 1252 222 HERODOTI

234 287 332 335 143
388 285 577 344 »ἀληθὲς
608 287 780 334 οὕδέν.“
843 293 989 333 Ταῦτα
1017 290 1165 342 ἔλεξαν
1205 293 1248 335 οἱ
1278 290 1462 348 ἄγγελοι.

62 353 339 424 ῗῖἓίἒιῖἓῗὲῗψω
393 362 514 402 ναῖοι
545 358 591 400 δὲ

1518 292 1597 338 Ἀθ
1625 321 1644 328 -

629 355 738 410 πρὸς
767 355 844 411 μὲν
875 355 1157 412 Ἀλέξανδρον
1197 357 1484 414 ὑπεκρίναντο
1521 312 1698 406 widi-25

388 426 505 482 „Kat
534 423 658 467 αὐτοὶ
690 422 820 467 τοῦτό
852 440 898 479 γε
929 424 1213 480 ἐπιστάμεθα,
1252 425 1319 469 ὅτι
1347 432 1643 487 πολλαπλησίη

390 493 509 548 „zm-2
538 494 598 548 τῷ
627 490 771 548 Μήδῳ
811 492 996 547 δύναμις
1032 493 1060 548 ἤ
1100 509 1178 547 περ
1216 491 1335 549 ἡμῖν·
1375 493 1480 538 ὥστε
1511 496 1644 540 οὐδὲν

361 562 505 616 9,,δὲει
526 559 654 603 τοῦτό
675 575 722 614 γε
744 558 979 613 ὀνειδίζειν.
1010 560 1098 604 ἀλλ’
1127 561 1255 616 ὅμως,
1287 562 1535 618 ἐλευθερίης
1553 568 1644 617 γλι-

389 629 627 685 ,,χόμενοι,
677 626 956 683 ἀμυνεύμεθα
1004 629 1119 673 οὕτω
1163 629 1277 679 ὅκως
1315 628 1371 671 ἂν
1399 630 1472 672 καὶ
1507 629 1644 673 δυνώ-

389 701 545 751 ,,μεθα.
604 694 868 751 ὁμολογῆσαι
897 698 942 740 δὲ
971 701 1032 754 τῷ
1047 696 1258 753 βαρβάρῳ
1289 698 1392 751 μήτε
1424 697 1479 741 σύ
1510 696 1642 753 ἡμέας
1655 704 1700 738 30

361 767 555 817 3,,πειρῶ
584 763 856 817 ἀναπείθειν,
888 765 988 810 οὔτε
1008 765 1134 822 ἡμέες
1154 764 1405 819 πεισόμεθα.
1462 768 1566 808 Νῦν
1594 765 1642 809 δὲ

387 829 651 886 ,,ἀπάγγελλε
673 834 930 891 Μαρδονίῳ,
949 832 1243 889 ὠςἈθηναῖοι
1259 831 1445 888 λέγουσι,
1477 831 1563 876 ἔστ’
1587 831 1642 876 ὂὶν
1680 843 1681 847 ’

388 899 437 952 ,,ὁ
467 898 587 955 ἥλιος
625 899 704 956 τήν
740 899 879 957 αὐτην
926 900 1032 946 ὁδὸν
1062 903 1106 959 ἴῃ
1140 905 1193 958 τῇ
1229 917 1307 956 περ
1348 902 1420 945 καὶ
1466 904 1552 943 νῦν
1578 900 1642 956 ἔρ·
1685 946 1689 950 ,

521 1064 612 1114 Cap.
635 1063 801 1101 CXLIII.

385 1137 603 1192 Ἀθηναῖοι
615 1139 656 1180 δὲ
675 1138 774 1192 πρός
790 1138 860 1191 μὲν
876 1135 988 1178 Ἀλέ-

330 1199 502 1249 ξανδρον
551 1196 814 1248 ’ὑπεκρίναντο
865 1193 987 1247 τάδε]

329 1256 440 1303 „Hoc
461 1253 623 1291 Aristide
643 1256 739 1290 iusto
751 1253 910 1304 dignum
922 1266 988 1289 au-

330 1318 434 1348 ctore
455 1309 643 1362 huiusque
674 1311 802 1347 aetatis
822 1308 987 1346 Atheni-

330 1368 481 1404 ensibus
490 1380 712 1417 responsum
723 1367 857 1402 merito
872 1367 986 1402 mira-

328 1431 392 1462 tur
404 1425 517 1460 Arist.
529 1422 648 1474 Soph.
668 1424 707 1459 in
719 1421 930 1459 Panathen.
946 1436 984 1472 p,

328 1481 426 1547 251.
456 1476 618 1531 ταύτην,
648 1481 783 1530 inquit,
816 1476 890 1531 ἐγώ
911 1476 984 1528 τήν

328 1531 540 1589 ἀπόκρισιν
587 1551 660 1586 της
699 1535 740 1575 ἐν
788 1538 985 1585 Σαλαμῖνι

328 1593 550 1662 ναυμαχίας
579 1591 645 1631 καὶ
674 1594 753 1631 τῶν
784 1592 984 1643 τροπαίων

331 1645 404 1700 οὐχ
417 1665 536 1701 ηττον
558 1645 602 1696 α’ς,
590 1651 672 1687 ίαν
682 1647 859 1700 ἡγοῦμαι
878 1653 984 1687 θαυ-

327 1705 463 1758 μάσαι.
540 1707 722 1756 Responsi
761 1704 983 1755 dignitatem

323 1765 494 1800 oratione
525 1764 637 1799 nimis
668 1769 856 1812 protracta
886 1775 983 1798 non-

322 1818 419 1856 nihil
451 1821 646 1856 imminuit
679 1817 871 1856 Plutarch.
893 1819 982 1854 Ari-

322 1875 408 1914 stid.
442 1877 528 1925 [10]
559 1891 599 1928 p.
632 1874 711 1916 324
746 1876 822 1913 D.“
868 1875 982 1912 Val-

322 1933 529 1972 ckenaen

383 1986 480 2028 ὥστε
503 1985 622 2029 οὐδὲν
644 1986 720 2028 δέει
742 1983 864 2027 τοῦτο’
882 2002 924 2039 γε
940 1983 983 2027 ὄ-

326 2045 540 2097 νειὸίζειν]
600 2043 983 2095 Schweighaeuserus

326 2101 423 2140 haec
460 2104 512 2140 ita
564 2103 764 2153 expressit:
815 2105 880 2150 „ut
916 2115 984 2138 non

328 2173 413 2210 opas
442 2162 489 2196 sit
516 2160 558 2196 cle
586 2160 652 2196 illa
688 2173 750 2195 nos
774 2171 849 2195 cum
870 2158 983 2195 multa

327 2219 552 2253 ostentatione
571 2216 789 2253 admmeref‘
814 2213 875 2250 Ad
895 2228 982 2252 ver-

321 2273 371 2310 ba
391 2274 543 2323 propius
560 2284 570 2309 :
601 2277 641 2309 ut
668 2274 806 2308 minime
826 2274 981 2321 oporteat

326 2329 390 2366 hoc
401 2330 496 2366 nobis
517 2330 723 2378 exprobrare
738 2342 767 2364 s.
780 2341 866 2364 cuni
884 2341 982 2379 qua-

328 2385 419 2423 dam
439 2387 696 2436 increpatione
719 2383 895 2421 adversus
911 2397 979 2421 nos

327 2441 422 2479 haec
442 2443 609 2493 proferre
629 2443 668 2477 in
687 2440 871 2480 medinm.
893 2440 979 2477 Yid.

326 2499 424 2546 Vm,
446 2502 499 2540 92
521 2506 557 2535 et
577 2511 693 2550 quem
711 2499 837 2545 citant,
872 2499 980 2534 Mus—

326 2567 430 2605 grav.
453 2555 500 2591 ad
514 2554 865 2606 Euripid.0rest.4.
885 2555 981 2591 Lar-

327 2610 461 2648 chorus
472 2614 736 2663 interpretatur
754 2613 888 2661 grossir
898 2623 980 2648 avec

326 2668 494 2717 emphase,
531 2664 736 2715 ὀνειδίζειν
757 2681 846 2706 cum
874 2669 981 2705 Mus-

326 2726 456 2774 gravio
476 2726 709 2775 intelligens:
743 2725 876 2775 efferre,
905 2737 982 2762 am·

323 2780 488 2832 plzficare
518 2784 681 2831 oratione,
722 2789 764 2820 ut
792 2781 983 2831 ἐξονειδί-

1045 1029 1123 1075 ζειν
1163 1027 1264 1079 apud
1289 1030 1400 1068 Dion.
1423 1026 1614 1079 Chrysost.
1637 1028 1699 1065 Or.

1043 1085 1178 1120 XXXI
1199 1097 1284 1135 pag.
1306 1088 1382 1125 321
1405 1086 1454 1121 D.
1494 1085 1572 1121 Nec
1594 1084 1700 1121 aliter

1042 1140 1122 1176 fere
1142 1142 1224 1190 Neg
1203 1142 1288 1188 oris,
1315 1154 1389 1192 quo
1419 1147 1572 1177 auctore
1593 1136 1699 1180 ὄνει-

1045 1197 1137 1244 διζω
1159 1195 1197 1233 h.
1200 1171 1243 1235 Ol.
1267 1203 1321 1233 est
1347 1192 1584 1249 λαμπρύνω,
1616 1196 1699 1247 διη-

1042 1256 1145 1305 γοῦμ
1150 1269 1189 1291 αι
1229 1248 1328 1292 aaa*
1308 1255 1491 1302 ονικῶς,
1553 1252 1700 1293 ἐπιδει-

1042 1311 1201 1355 κτικῶς.

1098 1364 1326 1415 ἐλευθερίης
1360 1359 1611 1416 γλιχόμενοι]
1642 1365 1699 1402 Ita

1042 1423 1174 1473 optimi
1196 1423 1336 1473 quique
1357 1420 1468 1458 codd.
1485 1450 1494 1468 ,
1525 1421 1699 1459 libertatis

1042 1479 1171 1529 cupidi,
1185 1478 1355 1515 libertatis
1365 1478 1535 1515 desiderio
1547 1479 1697 1527 accensi,

1040 1542 1082 1572 ut
1108 1534 1230 1571 reddit
1260 1535 1491 1584 Ivesseling.
1543 1534 1628 1571 Vid.
1648 1536 1696 1583 Π,

1044 1595 1134 1632 102.
1169 1593 1234 1637 111,
1266 1593 1332 1631 72.
1382 1592 1486 1627 Unus
1508 1591 1698 1628 Sancrofti

1041 1648 1163 1685 codex
1178 1643 1434 1697 σκεπτόμενοι
1458 1648 1483 1684 i.
1495 1661 1527 1685 e.
1550 1648 1697 1685 liberta-

1041 1707 1088 1742 tis
1133 1704 1388 1741 considerantes
1425 1704 1601 1741 commoda
1636 1705 1698 1741 vel

1036 1763 1329 1812 praerogativas,
1368 1767 1409 1797 ut
1447 1762 1570 1810 placet
1601 1761 1697 1797 Val-

1039 1817 1253 1865 ckenaerio,
1276 1819 1340 1869 qui
1359 1818 1558 1867 vulgatum
1569 1812 1695 1868 γλιχό-

1039 1890 1149 1926 μενοι
1170 1887 1190 1911 e
1224 1881 1314 1910 nota
1342 1875 1542 1924 marginali
1571 1887 1620 1911 ex
1646 1874 1695 1922 ΙΙ,

1041 1934 1119 1971 102
1141 1930 1458 1981 Γθρθίίῐι“ιΗυΧίεεο
1475 1937 1596 1982 putat.
1617 1931 1695 1967 Mi-

1038 1987 1079 2025 hi
1097 2001 1202 2025 secus
1217 1986 1379 2024 videtur.

1098 2040 1170 2083 ἔστ’
1203 2040 1254 2083 ἂν
1276 2043 1299 2083 ὁ
1332 2040 1443 2094 ἥλιος
1471 2043 1545 2094 τὴν
1569 2038 1696 2093 αὐτήν

1040 2097 1136 2139 ὁδὸν
1158 2116 1194 2139 κ.
1217 2115 1248 2139 τ.
1274 2101 1326 2148 λ.]
1360 2100 1508 2137 Eadem
1528 2100 1606 2136 fere
1623 2098 1695 2135 ha-

1039 2157 1103 2193 bet
1123 2155 1315 2193 Plutarch.
1344 2158 1383 2192 in
1412 2155 1565 2192 Aristid.
1600 2158 1650 2195 10
1672 2168 1694 2192 a

1038 2212 1222 2250 Valcken.
1245 2213 1390 2249 allatus.
1441 2213 1616 2249 Similem
1632 2212 1693 2248 in-

1036 2271 1198 2306 ramenti
1219 2270 1423 2305 formulam
1444 2283 1491 2305 ex
1512 2269 1693 2319 Dionysio

1037 2328 1142 2377 attigi
1173 2325 1220 2362 ad
1251 2326 1313 2371 IV,
1345 2328 1420 2365 201
1451 2326 1536 2362 coll.
1568 2326 1618 2369 V,
1640 2326 1694 2364 92

1037 2385 1073 2428 §.
1094 2387 1129 2423 1.
1170 2381 1269 2419 Add.
1290 2380 1453 2418 Ellendt.
1473 2381 1520 2418 ad
1543 2382 1697 2418 Arrian.⁸

1036 2442 1095 2476 De
1113 2438 1249 2490 exped.
1270 2440 1381 2477 Alex.
1404 2440 1433 2486 Ι,
1453 2441 1476 2478 9
1501 2440 1538 2484 §.
1560 2441 1584 2478 9
1605 2450 1693 2488 pag.

1036 2496 1102 2537 47.
1120 2498 1193 2533 Pro
1212 2490 1454 2546 ἀμυνόμενοι
1474 2493 1577 2531 haud
1597 2506 1692 2545 opus

1036 2566 1126 2590 cnm
1147 2554 1178 2591 V
1181 2552 1417 2589 alckenaerio
1440 2564 1622 2603 reponere
1644 2546 1693 2589 ἆ-

1036 2625 1131 2661 μυν.
1119 2606 1300 2660 εόιιενοι,
1332 2617 1373 2646 ut
1394 2610 1510 2646 futuri
1536 2609 1582 2645 sit
1602 2619 1692 2658 par-

1035 2668 1220 2718 ticipium.
1278 2667 1310 2703 Χ
1312 2665 1364 2703 id.
1384 2664 1516 2705 Matth.
1537 2666 1602 2701 Gr.
1624 2665 1691 2702 Gr.

1036 2737 1075 2775 p.
1099 2726 1200 2763 1117
1230 2730 1265 2760 et
1289 2723 1388 2759 conf.
1418 2720 1599 2760 Herodot.
1627 2720 1690 2766 VI,

1039 2782 1106 2823 88.
1138 2782 1229 2822 108.
1253 2781 1334 2830 VII,
1363 2781 1466 2829 207,
1499 2790 1596 2832 quae
1615 2788 1692 2814 una
