1839 3292
505 213 854 252 URANIA.
911 211 1042 248 V111.
1357 212 1415 250 95

600 325 699 365 Τῶν
741 320 787 364 δὲ
829 318 1069 377 βαρβάρων
1111 319 1136 362 ὁ
1164 316 1291 370 πεζὸς
1319 315 1546 360 ὑπὸδοῑὶῦθε
1564 319 1736 354 dumagun-

1461 355 1521 384 tur,
1542 356 1571 378 et
1581 352 1738 379 terrestri!

1466 383 1625 412 Persarum
1652 394 1739 412 exer-

1466 416 1542 442 citus
1560 418 1589 443 in
1598 417 1740 447 lsthmum

1461 452 1560 476 movet
1578 458 1595 476 a
1613 451 1700 477 Pelo-

1461 483 1612 518 ponnesiis
1631 484 1698 510 dili-

1463 521 1570 550 genter
1588 517 1717 545 custodi-

1464 554 1536 578 tum.

147 332 235 374 τῶν
263 324 534 382 ἀφύλακτον.

145 396 224 452 τὴν
261 397 511 449 παρεοῦσαν
541 389 678 433 νύκτα
708 386 936 442 ἐπορεύετο
974 387 1041 430 ἐπὶ
1069 385 1149 442 τήν
1183 381 1410 427 Πελοπόν-

145 475 305 519 νησον·
335 462 478 504 καίτοι
505 458 558 502 τοὶ
592 456 756 501 δυνατὰ
787 454 929 499 πάντα
957 453 1260 510 ἐμεμηχάνητο,
1291 451 1405 503 ὅκως

117 530 237 576 2κατ’
278 527 458 585 ἤπειρον
496 526 553 582 μὴ
595 526 822 581 ἐσβάλοιεν
861 524 904 566 οἱ
931 522 1161 579 βάρβαροι.
1217 520 1294 571 Ὡς
1320 521 1404 575 γαρ

150 597 372 643 ἐπύθοντο
402 594 580 651 ἰα’χιστα
611 590 962 647 Πελοποννήσιοι
997 588 1102 639 τοὺς
1143 588 1256 644 ἀμφὶ
1284 592 1406 631 Λεω-

146 668 268 711 νίδεα
297 665 342 708 ἐν
375 662 681 719 Θερμοπύλῃσι
709 657 1063 715 τετελευτηκέναι,
1081 654 1407 710 συνδραμόντες
1419 662 1464 697 55

149 734 196 778 ἐκ
224 736 311 776 τῶν
337 733 513 784 πολίων,
546 730 588 782 ἐς
618 729 697 772 τόν
716 727 892 782 Ἰσθμὸν
912 729 1076 780 ἵζοντο·
1109 726 1184 768 καί
1200 735 1280 779 σφι
1301 723 1409 778 ἐπῆν

120 799 389 855 δστρατηγός
426 798 753 854 Κλεόμβροτος,
790 794 813 839 ὁ
840 793 1205 847 Ἀναξανδρίδεω,
1244 792 1410 834 Λεωνί-

149 871 231 912 δεω
273 869 319 911 δὲ
364 867 584 922 ἀδελφεός.
645 863 834 919 ἱζόμενοι
866 863 911 904 δὲ
949 861 995 905 ἐν
1038 863 1100 917 τῷ
1127 859 1308 918 Ἰσθμῷ,
1336 859 1409 902 καὶ

147 934 441 991 συγχώσαντες
480 933 560 991 τήν
588 932 840 987 Σκιρωνίδα
868 928 988 980 ὁδὸν,
1025 928 1130 984 μετὰ
1158 932 1314 979 τοῦτο,
1346 927 1406 978 ὥς
1462 919 1543 961 652

14 340 78 385 71

91 1120 301 1173 optativum
346 1117 524 1170 μέλλοιεν
566 1118 746 1155 continuo

91 1178 250 1229 excipit,
279 1176 356 1214 vid.
377 1174 512 1212 Matth.
534 1177 598 1211 Gr.
622 1176 687 1210 Gr.
710 1174 747 1218 §-

93 1234 173 1274 529
208 1246 293 1284 pag.
320 1234 437 1272 1031.
487 1233 617 1282 Ipsum
643 1230 750 1266 futu-

92 1303 179 1326 rum
209 1290 315 1340 attigi
345 1287 394 1325 ad
422 1290 530 1337 VIII,
571 1287 645 1336 49,
684 1286 749 1322 ubi

95 1346 171 1385 vid.
192 1347 270 1383 citt.

290 1435 382 1485 cap.
412 1434 553 1470 LXXI.

149 1509 369 1565 ἐσβάλοιεν]
405 1514 460 1548 Ita
492 1525 512 1547 e
531 1512 750 1548 Florentino

93 1569 180 1608 dedi
202 1584 291 1607 cum
312 1567 543 1618 Schweigh„
566 1568 682 1604 Gaisf.
715 1574 751 1604 et

92 1626 282 1665 Bekkero.
302 1628 377 1663 Alii
389 1622 629 1677 ἐσβάλλοιεν,
647 1623 750 1676 quod

93 1698 180 1721 oum
191 1685 374 1735 prioribus
402 1689 531 1719 tenent
554 1680 747 1719 Schaefer.

93 1748 130 1778 et
147 1739 350 1790 Matthiae3
386 1741 448 1775 alii
468 1735 689 1790 ἐμβάλοιεν.

148 1797 188 1844 ἐς
207 1794 276 1837 τὸν
288 1793 447 1847 Ἰσθμόν
459 1794 608 1846 ἵζοντο]
630 1795 747 1843 „Ses-

93 1867 167 1891 sum
206 1855 304 1891 ibant
344 1856 381 1890 in
422 1852 631 1890 ΙείΙιιηωηέι
688 1854 745 1888 Ita

92 1909 275 1948 Valcken.
318 1911 415 1947 bene
445 1909 655 1946 adiiciens:
704 1910 743 1945 in

92 1966 279 2004 Isthmum
296 1980 383 2003 cum
417 1965 653 2003 advenissent
680 1966 746 2014 illi,

93 2037 185 2060 mox
205 2025 336 2061 usitata
366 2030 551 2060 structura
573 2022 646 2060 dici
673 2019 746 2069 ἱζό-

94 2095 204 2131 μενοι
227 2079 277 2119 ἒν
300 2082 357 2133 τῷ
380 2076 536 2134 Ἰσθμῷ.
571 2082 628 2116 De
640 2092 747 2130 prae-

92 2137 286 2187 positionis
308 2136 345 2183 ἐς
366 2149 456 2183 usu,
492 2150 589 2189 quae
608 2137 670 2172 ille
691 2137 747 2173 ci-

92 2195 183 2230 tavit
210 2196 249 2241 I,
282 2196 372 2234 199.
411 2195 480 2240 111,
523 2193 619 2241 140,
661 2194 745 2242 alia,

92 2250 136 2287 iis
157 2249 265 2297 adde,
295 2263 393 2302 quae
424 2250 530 2286 attuli
550 2249 597 2286 ad
617 2251 670 2296 V,
694 2253 746 2290 12

95 2313 131 2343 et
163 2308 383 2343 Buttmann.
427 2308 466 2342 in
497 2305 747 2345 Demosthen.

93 2362 249 2400 Midian.
293 2377 331 2414 p.
377 2364 453 2404 175
496 2363 554 2400 ed.
590 2363 747 2401 secund.

96 2419 152 2455 De
181 2420 403 2466 Cleombroto,
443 2421 507 2472 qui
539 2433 621 2457 raro
647 2420 748 2471 apud

96 2482 239 2512 veteres
286 2484 627 2525 commemoratur,
680 2478 748 2514 etsi

96 2538 242 2582 patrem
261 2531 391 2569 habuit
417 2547 547 2584 regem
572 2535 749 2570 fratrem-

96 2602 171 2639 que
215 2589 484 2627 nobilissimum
522 2591 747 2639 Leonidam,

96 2645 197 2682 conf.
218 2645 359 2682 Herod.
379 2648 435 2683 IX
451 2677 460 2693 ‚
482 2650 546 2687 10.

153 2697 416 2752 συγχώσαντες
436 2701 745 2754 τήνΣκιρωνὶὅα

98 2756 206 2806 ὁδὸν]
236 2758 373 2807 „Haud
393 2760 634 2797 incommode
656 2760 745 2798 red-

95 2814 215 2853 ditur:
264 2817 507 2853 obstruxerunt
546 2819 659 2855 viam.-
707 2825 743 2855 at

803 1127 880 1152 non
901 1115 1045 1166 utique,
1065 1120 1106 1150 ut
1117 1111 1327 1150 Larchems
1346 1112 1463 1149 inter-

803 1178 970 1222 pretatus
992 1177 1064 1217 est,
1094 1169 1191 1207 terrci
1209 1169 1380 1218 aclgestci,
1421 1169 1462 1205 in

803 1240 983 1264 saxorum
999 1228 1217 1277 praesertim
1237 1233 1381 1273 monte,
1396 1224 1464 1261 sed

804 1297 1010 1328 saxorum,
1041 1290 1153 1334 puta,
1191 1284 1338 1333 ingenti
1369 1295 1464 1318 con-

805 1342 927 1391 gerie,
955 1353 1052 1391 quae
1072 1340 1209 1376 muniti
1239 1340 1326 1376 valli
1347 1339 1464 1375 ratio-

806 1410 898 1433 nem
926 1395 1101 1444 haberet,
1151 1408 1226 1447 quo
1261 1396 1466 1432 interclusa

806 1454 919 1490 fuerit
940 1454 1000 1490 via
1031 1459 1067 1489 et
1097 1452 1276 1504 prohibiti
1303 1451 1465 1488 adscen-

807 1509 959 1558 dente53
1007 1510 1079 1546 nisi
1117 1511 1240 1559 potius
1279 1509 1466 1559 intelligas

806 1568 986 1604 subrutam
1024 1571 1056 1603 et
1091 1566 1246 1603 dirutam
1287 1578 1357 1603 esse
1386 1578 1466 1603 vtae

805 1626 1049 1670 munitionem,
1079 1624 1131 1659 ita
1158 1629 1200 1660 ut
1228 1629 1265 1659 et
1291 1623 1398 1659 fossis
1427 1629 1466 1659 et

804 1683 924 1717 ruinis
970 1683 1179 1731 intercepta
1226 1680 1287 1716 via
1328 1680 1464 1719 esset.“

806 1737 1186 1786 Sclewez'glcaeus.
1217 1737 1256 1773 in
1274 1738 1464 1774 Lex.He—

802 1794 886 1832 rod.
906 1808 933 1831 s.
955 1809 989 1833 v.
1012 1797 1195 1845 συγχοῦν.
1228 1795 1360 1844 Lange
1376 1807 1464 1830 ver-

801 1852 938 1888 nacule
986 1850 1148 1888 reddidit
1171 1863 1180 1888 :
1233 1851 1464 1889 verscliiitten.

814 1909 878 1945 Via
901 1908 1072 1952 Scironis,
1095 1907 1141 1944 de
1163 1921 1236 1960 qua
1260 1907 1338 1948 vid,
1360 1909 1466 1944 Pau-

803 1979 883 2002 san.
913 1967 951 2013 Ι,
985 1964 1037 2005 4-4
1068 1966 1104 2010 §.
1143 1968 1193 2005 10
1223 1978 1302 2016 seq.
1334 1965 1465 2016 ibique

805 2023 962 2059 Siebelis
996 2034 1082 2072 pag.
1115 2021 1208 2062 157.
1250 2022 1376 2059 Strab.
1407 2022 1464 2057 IX

803 2092 890 2130 pag.
921 2080 997 2119 391
1029 2092 1057 2117 s,
1088 2081 1168 2118 600
1197 2079 1245 2115 A.
1276 2086 1313 2115 et
1342 2080 1464 2114 Kruse

803 2137 901 2172 Hell.
924 2137 960 2181 Ι,
993 2138 1018 2175 2
1038 2148 1124 2185 pag.
1149 2137 1224 2175 321
1249 2148 1325 2187 seq.
1375 2136 1461 2170 Me-

802 2194 901 2243 garis
932 2190 1120 2228 Isthmum
1141 2193 1354 2242 petentibus
1385 2198 1464 2228 erat

801 2248 1036 2301 permeanda
1059 2247 1257 2285 exordiens
1283 2262 1358 2300 quo
1378 2249 1462 2285 loco

801 2308 993 2357 Megarica
1027 2305 1162 2343 desinit
1190 2306 1362 2356 planities
1396 2318 1464 2341 ru-

803 2377 945 2415 pesque
967 2369 1175 2413 exsurgunt
1186 2363 1382 2409 Moluriae,
1397 2363 1463 2398 ubi

804 2428 912 2471 porta
933 2421 1104 2457 Scironia
1127 2433 1224 2471 quae
1256 2420 1464 2456 vocabatur

806 2478 897 2514 olim
921 2484 1110 2514 exstructa
1132 2484 1222 2514 erat.
1281 2474 1376 2512 Inde
1396 2489 1463 2511 su·-

804 2548 873 2585 per
891 2535 1064 2584 scopulos
1093 2545 1261 2584 saxaque
1298 2532 1463 2570 Scironia

806 2604 903 2642 quae
928 2591 1105 2627 dicuntur
1136 2603 1156 2626 a
1178 2590 1359 2638 Scirone,
1396 2603 1462 2626 ce·-

801 2649 1003 2684 leberrimo
1044 2648 1211 2694 latrone,
1257 2647 1322 2698 qui
1371 2646 1462 2682 inde

801 2711 1082 2755 praetereuntes
1135 2704 1300 2754 rapuisse
1347 2710 1462 2754 atque

800 2761 1029 2798 interfecisse
1050 2761 1189 2808 fertur,
1219 2762 1279 2796 via
1301 2759 1463 2797 ducebat

801 2831 867 2854 sex
900 2819 1067 2856 milliarr.
1100 2820 1288 2855 Romanu.
1319 2817 1367 2854 ad
1395 2818 1464 2853 Ki-
