1839 3292
252 207 337 250 898
802 205 1183 245 COMMENTATIO

937 374 976 419 §.
1023 377 1065 416 8.

368 490 426 525 De
459 487 625 525 fontibus
663 484 841 524 historiae
867 484 1107 523 Herodoteae
1137 483 1272 523 dicturi
1308 487 1581 538 proficiscimur
1609 503 1631 526 e
1660 489 1747 527 loco

256 546 409 584 classico
431 547 477 592 11,
502 546 568 592 99,
592 542 695 580 unde
715 544 905 595 triplicem
926 544 1004 579 fere
1025 544 1247 580 narrationis
1275 544 1423 581 fontem
1443 546 1556 583 fuisse
1575 547 1748 598 scriptori

255 604 412 652 colligas
449 608 623 638 accurate
657 600 883 638 discernenti
914 601 1013 637 iuter
1043 613 1086 636 ea
1103 630 1112 648 ‚
1158 614 1256 652 quae
1277 613 1298 637 a
1318 615 1358 638 se
1386 602 1467 652 ipso
1487 604 1564 640 visa
1588 610 1624 640 et
1652 617 1748 640 con-

255 666 383 709 specta
412 659 538 695 retulit
571 655 700 707 (ὅψις)
734 665 770 694 et
791 659 888 694 inter
909 670 975 705 ea,
1007 670 1103 709 quae
1134 671 1182 694 ex
1214 658 1292 694 aliis
1315 658 1540 696 sciscitando
1569 661 1749 710 cognovit

255 715 446 767 (ἷστοοίη)
481 722 517 752 et
537 713 702 766 denique
718 715 815 750 inter
836 727 890 761 ea,
922 727 1019 766 quae
1039 727 1105 751 sua
1124 715 1238 782 ipsius
1258 716 1437 765 opinione
1457 714 1592 753 ductus
1620 718 1749 754 statuit

256 769 451 823 (γνωμῃ).
508 772 660 809 Verba
650 784 761 822 ipsa
751 770 931 807 afferam:
964 770 1071 823 μέχρι
1103 770 1174 822 μὲν
1203 769 1347 811 τούτου
1381 769 1477 822 ὄψις
1506 787 1546 812 τε
1575 770 1650 824 ἐμή
1679 771 1747 812 καὶ

255 824 396 882 γνώμη
427 826 494 868 καὶ
531 828 682 879 ἱστορίη
713 830 836 866 ταῦτα
864 824 1031 878 λέγουσα
1064 827 1167 867 ἐστι·
1208 825 1253 867 ‘to‘
1295 826 1337 867 δὲ
1375 824 1456 869 «ind
1494 830 1634 878 τοῦδε,
1671 830 1750 869 Αἰ-

255 887 450 952 γυπτιόυς
480 884 638 936 ε’ρχοιιαι
668 881 812 936 λόγους
841 883 987 936 ἐρέων,
1036 882 1136 923 navo)
1166 881 1213 923 τοὶ
1238 882 1412 936 ἤκουον·
1463 884 1677 937 προσέσται
1706 884 1750 926 δὲ

257 938 416 981 αὐτοῖσί
445 957 482 980 τι
511 942 579 980 καὶ
608 956 679 992 της
708 940 805 991 ἐμῆς
833 938 965 991 όψιος.
1022 940 1084 978 Ad
1119 955 1216 993 quae
1241 943 1343 979 conf.
1364 949 1460 983 nott
1482 956 1570 993 pag.
1593 946 1671 984 701
1698 944 1748 980 T.

256 998 290 1037 I.
316 1001 415 1035 Nam
435 998 654 1050 ubicunque
673 997 888 1035 Herodotus
908 1010 986 1034 non
1002 1011 1176 1049 expresse
1197 997 1320 1046 addit,
1341 1013 1380 1036 se
1401 1000 1447 1036 ab
1469 1000 1548 1036 aliis
1568 999 1749 1037 edoctum

255 1054 351 1093 haec
383 1068 581 1101 enarrare,
622 1056 702 1105 ipse
732 1053 827 1091 haec
856 1056 1062 1105 inspexisse
1080 1054 1247 1107 indeque
1279 1057 1448 1093 retulisse
1468 1056 1659 1107 putandus
1680 1064 1749 1098 est.

256 1113 517 1163 Quaecunque
538 1111 617 1148 aliis
635 1111 765 1149 debuit
780 1119 843 1148 aut
863 1110 1016 1148 aliunde
1037 1119 1191 1163 accepta
1210 1113 1348 1160 retulit,
1379 1125 1423 1148 ea
1443 1125 1521 1150 non
1541 1114 1612 1150 nisi
1630 1113 1748 1162 fonte,

257 1183 307 1206 ex
323 1182 398 1221 quo
419 1176 645 1217 manarunt,
673 1168 840 1205 indicato
856 1169 950 1205 solet
970 1167 1116 1216 afferre,
1136 1167 1279 1205 addens
1300 1170 1461 1206 verbum
1483 1170 1583 1220 φασί
1601 1177 1667 1207 aut
1685 1169 1750 1209 λέ-

255 1238 372 1279 γουσι
392 1233 456 1262 aut
471 1226 593 1262 simile
613 1225 726 1277 quid:
758 1225 861 1262 unde
881 1226 942 1263 vel
960 1227 1140 1262 itinerum
1162 1227 1207 1262 ab
1222 1225 1416 1263 Herodoto
1436 1227 1624 1263 factorum
1642 1228 1749 1264 testi-

255 1285 387 1320 monia
407 1281 511 1319 haud
534 1295 617 1319 raro
640 1283 759 1334 repeti
779 1296 887 1333 posse
906 1296 1018 1333 supra
1029 1284 1063 1328 ξ.
1080 1287 1104 1324 7
1127 1281 1304 1320 vidimus.
1334 1284 1385 1320 Et
1412 1282 1507 1320 haec
1529 1290 1608 1321 tam
1620 1290 1750 1334 aperta

255 1341 374 1392 inque
403 1340 607 1390 conspicuo
627 1342 759 1391 posita,
790 1347 832 1376 ut
851 1353 965 1376 nemo
985 1341 1198 1391 quisquam,
1219 1341 1290 1377 nisi
1310 1347 1588 1391 praeoccupato
1607 1340 1749 1378 iudicio

255 1404 389 1447 captus
406 1427 416 1446 ‚
447 1398 659 1447 intelligere
679 1404 865 1449 nequeat:
897 1396 991 1433 illud
1011 1410 1100 1433 vero
1127 1398 1279 1447 gravius
1310 1405 1424 1449 atque
1447 1396 1635 1434 difficilius
1654 1410 1750 1434 con-

255 1456 438 1502 stituere,
487 1455 517 1490 si
558 1467 652 1505 quos
678 1455 769 1491 alios
800 1461 994 1505 praeterea
1022 1454 1144 1491 fontes
1175 1456 1309 1491 Noster
1336 1454 1489 1503 adierit,
1537 1455 1568 1491 si
1588 1455 1750 1491 aliorum

255 1512 394 1561 scripta
415 1511 646 1547 consuluerit
667 1518 703 1548 et
723 1512 827 1548 exiis
856 1509 959 1547 haud
979 1523 1101 1561 pauca
1128 1510 1191 1547 hic
1220 1512 1295 1548 illic
1314 1512 1353 1548 in
1374 1525 1461 1548 suos
1484 1511 1599 1548 libros
1624 1518 1751 1549 trans-

255 1569 404 1605 tulerit:
435 1569 655 1618 praesertim
676 1581 765 1605 cum
792 1575 879 1604 ante
899 1567 1138 1604 Herodotum
1168 1569 1293 1618 plures
1324 1576 1468 1605 constet
1496 1569 1610 1606 fuisse
1637 1569 1751 1619 logo-

255 1623 421 1675 graphos
442 1625 519 1661 sive
541 1638 669 1660 rerum
701 1625 900 1675 scriptores
917 1654 926 1671 ‚
972 1625 1109 1676 quibus
1136 1625 1222 1675 ipsis
1251 1627 1432 1662 Nostrum
1462 1624 1749 1677 quodammodo

255 1694 455 1718 accensere
471 1682 594 1721 liceat.
651 1683 730 1718 Hos
750 1694 840 1718 vero
859 1683 890 1718 si
910 1680 1124 1718 Herodotus
1143 1683 1374 1718 consuluerit
1396 1683 1484 1718 etin
1505 1695 1617 1719 usum
1636 1695 1751 1719 suum

255 1737 490 1786 adhibuerit,
524 1737 682 1774 indicari
708 1738 839 1790 utique
877 1745 1178 1775 consentaneum
1207 1746 1260 1775 est
1292 1752 1312 1775 a
1337 1740 1519 1790 scriptore
1541 1739 1682 1791 alioqui
1709 1739 1750 1775 111

255 1796 392 1832 talibus
412 1802 493 1831 tam
512 1802 702 1832 accurato.
760 1798 811 1832 At
839 1796 904 1831 vix
925 1796 1046 1831 ullum
1067 1802 1214 1832 certum
1235 1795 1345 1833 huius
1371 1798 1424 1832 rei
1449 1797 1597 1846 uspiam
1629 1801 1751 1834 exstat

254 1853 477 1902 vestigium,
517 1853 587 1888 nisi
616 1852 792 1889 Hecataei
826 1850 986 1900 Milesii,
1026 1852 1073 1889 de
1103 1865 1179 1904 quo
1215 1854 1395 1890 continuo
1428 1866 1560 1890 sumus
1599 1851 1748 1902 dicturi,

254 1911 493 1946 mentionem
514 1907 589 1945 huc
609 1908 749 1945 referre
772 1909 901 1945 malis:
932 1922 1024 1945 nam
1054 1908 1158 1961 quod
1180 1908 1227 1945 ad
1248 1909 1431 1947 Xanthum
1452 1910 1658 1961 respexisse
1678 1923 1751 1948 vo-

254 1966 339 2003 lunt
360 1964 599 2002 Herodotum
620 1967 649 2013 I,
680 1968 745 2013 93,
778 1965 824 2002 de
845 1978 890 2002 eo
911 1979 1015 2002 1111110
1035 1979 1114 2003 11011
1137 1965 1285 2012 dicam,
1316 1966 1355 2004 id
1389 1980 1511 2003 unum
1533 1973 1634 2004 certo
1657 1967 1751 2018 poni

254 2035 364 2088 posse
384 2029 507 2071 ratus,
538 2022 807 2060 Herodotum
797 2036 835 2058 111
856 2024 913 2074 L)
918 2021 1054 2059 dorum
1083 2024 1195 2060 rebus
1216 2023 1432 2060 enarrandis
1452 2022 1599 2060 Xanthi
1612 2025 1750 2074 scripta

254 2081 416 2116 minime
437 2081 672 2130 compilasse.
732 2080 789 2117 Cf.
810 2081 859 2118 T.
877 2082 949 2130 Ip.
968 2083 1062 2120 236.
1121 2082 1198 2117 Nec
1217 2081 1324 2117 aliter
1351 2082 1547 2118 statuerim
1574 2079 1621 2117 de
1653 2081 1751 2118 Cha-

255 2149 336 2173 rone
355 2136 607 2186 Lampsaceno,
628 2138 684 2173 uti
709 2137 786 2173 iam
816 2135 894 2172 dixi
915 2135 962 2172 ad
985 2138 1014 2184 I,
1038 2139 1116 2177 160
1138 2138 1187 2174 Τ.
1209 2139 1225 2172 I
1245 2151 1281 2187 p.
1303 2138 1384 2178 358
1413 2128 1499 2174 coll.
1519 2137 1587 2182 VI,
1609 2140 1676 2178 87.
1697 2137 1749 2176 Τ.

254 2194 309 2230 III
333 2206 421 2243 pag.
453 2196 534 2233 272
565 2201 678 2245 atque
716 2193 762 2230 de
784 2193 992 2235 Hellayzzstco
1026 2195 1131 2229 cuius
1163 2194 1276 2230 libros
1299 2201 1340 2230 ut
1362 2193 1554 2230 Herodoto
1576 2195 1750 2244 cognitos

254 2250 368 2286 fuisse
389 2256 575 2297 statuam,
617 2249 945 2302 quemadmodum
977 2249 1203 2301 quibusdam
1237 2251 1418 2300 placuisse
1444 2249 1569 2298 video,
1600 2252 1665 2288 abs
1685 2264 1750 2288 me

254 2306 458 2357 impetrare
498 2305 602 2343 haud
635 2320 788 2357 possum
805 2336 814 2353 ,
846 2320 935 2343 011111
966 2314 1067 2343 certa
1089 2305 1200 2343 huius
1221 2309 1275 2342 rei
1294 2306 1432 2343 indicia
1455 2306 1576 2344 desint
1596 2309 1747 2345 omnia:

254 2364 376 2400 immo
406 2370 508 2399 recte
535 2362 632 2399 mihi
659 2371 821 2400 statuere
849 2362 997 2399 videtur
1025 2362 1257 2401 Dahlmann.
1288 2362 1355 2413 (iu
1376 2363 1557 2401 Herodot.
1579 2378 1617 2415 p.
1640 2366 1748 2413 127),

257 2427 294 2457 et
318 2420 581 2469 HeUanicum,
623 2422 687 2472 qui
709 2419 900 2456 Herodoto
924 2420 995 2456 fuit
1014 2433 1092 2456 non
1113 2422 1233 2457 inulto
1255 2421 1401 2469 iunior,
1442 2428 1479 2458 et
1508 2421 1749 2458 Herodotum

256 2477 307 2513 ita
328 2477 537 2528 scripsisse,
567 2484 609 2513 ut
628 2484 763 2513 neuter
783 2477 934 2513 alterius
960 2480 1098 2527 scripta
1119 2479 1272 2526 cognita
1292 2477 1479 2517 habuerit.
1539 2479 1623 2524 Quo
1645 2485 1681 2514 et
1699 2479 1749 2514 11-

256 2533 322 2569 lud
343 2535 456 2582 facit,
489 2533 592 2586 quod
612 2535 737 2571 SturZ.
759 2533 805 2570 ad
827 2534 1012 2570 Hellanici
1032 2535 1210 2583 fragium.
1232 2548 1269 2585 p.
1294 2537 1355 2581 16,
1380 2536 1594 2572 observasse
1612 2533 1748 2573 video:

256 2590 494 2627 Herodotum
516 2592 682 2642 primum
701 2591 772 2628 sibi
793 2590 910 2627 videri
933 2603 1124 2641 exponere
1145 2590 1192 2627 de
1228 2594 1493 2629 constitutione
1519 2592 1748 2643 reipublicae

256 2647 468 2683 Laconicae
505 2649 568 2696 YI,
600 2648 666 2695 55,
698 2649 872 2700 quamvis
903 2648 1126 2684 eStrabone
1159 2655 1307 2698 pateat,
1345 2650 1421 2685 iam
1441 2649 1683 2686 Hellanicum
1703 2660 1748 2684 ea

259 2701 306 2739 de
327 2716 366 2738 re
383 2705 513 2753 egisse.
570 2705 696 2756 Atque
718 2705 818 2742 iden]
840 2705 965 2743 Stin-z,
987 2705 1012 2741 l.
1033 2704 1059 2741 l.
1081 2718 1118 2755 p.
1145 2708 1305 2745 13—16
1326 2706 1414 2742 talia
1435 2705 1555 2754 affert,
1575 2719 1596 2742 e
1612 2705 1748 2757 quibus

258 2759 497 2796 Herodotum
530 2763 654 2811 potius
683 2763 728 2798 ab
760 2762 956 2798 l‘iellanico
988 2762 1236 2812 compilatum
1260 2762 1373 2799 fuisse
1403 2764 1591 2799 coniicias.
1647 2762 1748 2798 Hinc

258 2828 349 2855 vero
371 2815 612 2855 diiudicanda
633 2826 754 2871 erunt,
786 2832 884 2872 quae
903 2819 1105 2870 Dionysius
1125 2819 1460 2858 Halicarnassensis
1475 2818 1524 2856 ad
1544 2819 1749 2857 Cn.Pom-·
