1839 3292
256 441 355 487 105
413 436 604 493 πώγωνα
635 437 783 492 μέγαν.
815 445 946 480 τοῦτο
978 439 1024 482 δέ
1056 451 1134 494 σφι
1165 439 1228 489 ὁὶς
1256 440 1337 494 ἤδη
1370 441 1548 495 ἐγένετο.

83 502 241 538 Digressum
248 506 364 534 dener

83 539 214 578 maligno.
253 543 274 567 Α
303 542 361 569 Pa-

84 579 126 598 nu
129 580 187 599 »nlo
216 581 362 610 mflngonc

85 604 155 631 oiim
190 613 284 635 emtus
313 618 361 636 ex-

85 644 257 676 aeriusquv,
284 643 362 670 Susa

84 663 257 709 deducitur,
272 677 319 703 ubi

85 706 191 734 xerxis

85 748 158 774 prae
177 746 288 769 caeteri
283 753 306 770 is
323 744 362 770 si-

83 775 112 802 bi
132 775 276 804 eunuchis
292 785 361 806 cou-

86 809 180 839 tiliat-

229 696 295 735 iim·
280 718 362 737 rii-m

417 193 499 240 144

813 193 1276 233 HERODOTI

416 302 570 348 κεόυσι
607 306 684 358 τῆς
725 302 899 354 πόλιος,
931 302 1058 360 μέλλῃ
1087 321 1127 346 τι
1156 304 1276 356 ἐντός
1307 300 1471 360 χρόνον
1505 303 1681 349 ἔσεσθαι

413 369 622 427 χαλεπὸν,
663 368 757 412 τότε
796 369 823 425 ἦ
866 372 975 427 ἱρείη
1016 370 1175 416 αὐτόθι
1213 375 1287 426 τῆς
1313 369 1544 428 Ἀθηναίης
1574 372 1677 428 φύει
1692 376 1738 414 55

1604 438 1678 483 Ἐκ

420 505 588 549 τούτων
618 503 671 559 δὴ
700 508 788 547 τῶν
822 506 1060 561 Πηδασέων
1080 506 1103 550 ό
1131 506 1385 561 Ἑρμότιμος
1414 502 1490 562 ἦν·
1521 510 1582 565 τῷ
1604 523 1679 564 με·

418 575 541 629 γίστη
570 573 678 623 τίσις
706 572 789 628 ἤδη
821 572 1072 630 α’δικηθέντι
1103 574 1268 629 ἐγένετο
1299 572 1477 616 πάντων
1515 577 1604 616 τῶν
1632 572 1680 630 ἡ·
1738 587 1819 627 668

738 639 901 685 ἁλόντα
930 643 1014 698 γάρ
1054 642 1190 686 αὐτὸν
1219 641 1304 686 ὑπὸ
1336 641 1577 696 πολεμίων,
1607 641 1681 684 καὶ

419 708 707 764 πωλεόμενον,
742 708 916 754 ὠνέεται
941 710 1201 762 Πανιώνιος,
1233 710 1343 766 ἀνὴρ
1375 714 1494 760 Χῖος,
1526 705 1575 758 ὂς
1604 706 1739 762 τήνδο

389 775 526 832 Ξζόην
566 775 853 832 κατεστήσατο
901 777 980 821 ἀπ’
1011 779 1149 834 ἔργων
1193 776 1506 821 ἀνοσιωτάτων.

420 645 513 697 μεῖς
549 641 686 696 ἴδμεν.

1568 774 1683 826 ὅκως

417 846 500 902 γάρ
532 843 735 899 κτήσαιτο
766 848 925 897 παῖδας
956 848 1088 898 εἴδεος
1118 846 1412 901 ἐπαμμένους,
1442 845 1680 901 ἐκτάμνων,

419 912 603 970 ἀγινέων
634 910 791 956 ἐπώλεε
820 913 861 964 ἐς
875 914 1041 972 Σάρδις
1067 931 1112 959 τε
1140 915 1213 959 καὶ
1232 916 1423 971 Ἔφεσον
1451 913 1682 971 χρημάτων

362 1178 467 1217 seqq.
492 1166 532 1211 Ι,
566 1163 643 1204 175
676 1158 760 1210 (ubi
793 1156 871 1197 vid.
904 1156 1022 1208 nott.)

362 1228 483 1259 exstat
501 1220 597 1273 τρίς.

596 1309 690 1359 Cap.
713 1305 790 1343 CV.

432 1404 478 1436 ος
519 1384 593 1439 τῆν
629 1384 729 1453 ζόην
758 1379 1022 1432 κατεστήσατο

363 1440 439 1484 απ’
505 1444 630 1494 ε’ργων
706 1436 1022 1488 αιοσιωτοῖτων]

362 1502 484 1538 Paulo
505 1502 604 1536 infra
621 1497 745 1536 dicit'
730 1513 770 1537 εκ
795 1493 937 1535 τούτου
952 1512 1024 1545 την

363 1553 460 1607 ζόην
500 1560 706 1595 ποιεῖσθαι
745 1561 781 1589 et
807 1555 913 1599 un,
947 1555 1024 1593 106

363 1609 442 1652 ἅττ’
484 1613 610 1664 ε’ργων
645 1626 716 1650 τον
754 1611 842 1661 βίον
880 1624 1024 1658 κτησα-

363 1674 482 1717 σθαι;
513 1671 624 1706 vitam
649 1671 845 1704 sustentare
877 1666 1026 1716 facino—

362 1727 459 1763 ribus
481 1730 632 1762 maxi'me
651 1726 782 1774 impiis-
835 1724 900 1759 Tu
921 1722 1021 1758 cont.

361 1784 418 1830 11,
451 1784 501 1822 36
529 1790 566 1819 et
590 1781 637 1818 de
668 1783 705 1817 vi
738 1780 1022 1830 praepositionis

363 1834 444 1878 ἆπό
465 1840 541 1875 citt.
583 1837 630 1874 ad
661 1838 750 1883 Vll,
779 1839 846 1876 28.
893 1837 1023 1872 Locu-

361 1896 508 1932 tionem
523 1895 647 1940 εἴδεος
666 1893 916 1944 ἐπαμμένους
934 1893 1022 1928 atti-

362 1953 403 2002 gi
423 1950 471 1987 ad
498 1953 535 1998 l,
569 1952 646 1991 199
679 1957 717 1986 et
746 1948 898 1986 crudele
922 1948 1022 1985 istud

360 2009 560 2058 negotium
579 2005 824 2044 exscindeudi
843 2006 1022 2056 genitalia

359 2077 430 2115 per
459 2065 590 2101 Asiam
628 2063 840 2101 factitatum
870 2061 920 2099 ad
954 2063 1020 2111 111,

359 2120 429 2161 48.

430 2225 441 2241 θ
519 2230 530 2244 ι
627 2230 638 2246 9
693 2226 704 2241 1
806 2229 818 2246 9
923 2226 931 2239 '

416 2246 588 2283 αγινεων
621 2234 767 2272 suentes
800 2247 841 2278 ες
868 2231 1020 2283 Σαρδις

358 2301 399 2326 τε
424 2286 681 2336 καὶ’Έφεσον
714 2283 926 2339 χρημάτων
952 2303 1020 2339 με-

358 2341 509 2396 γάλων]
541 2346 713 2381 Ducebat
742 2346 803 2381 ille
823 2346 902 2383 scil.
924 2358 1021 2394 pue—

358 2413 420 2438 ros
441 2408 617 2438 castratos
645 2400 782 2439 Sardes
802 2399 1021 2451 Ephesum-

359 2470 455 2509 que,
495 2459 558 2494 ubi
587 2470 649 2494 eos
686 2457 805 2494 mult&
838 2457 1020 2495 venderet

360 2514 537 2564 pecuuiai.
596 2516 767 2566 Utroque
801 2516 905 2551 euim
933 2516 1018 2552 loco

360 2583 546 2620 maguum
575 2584 771 2608 servorum
805 2579 918 2623 atque
953 2585 1023 2608 eu-

359 2626 573 2664 nuchorum
589 2628 716 2664 forum
732 2629 1023 2665 commercium-

361 2695 434 2733 que
474 2684 514 2719 in
554 2686 674 2722 varias
708 2684 799 2722 inde
837 2687 1023 2722 interioris

358 2742 581 2789 praesertim
615 2742 727 2779 Asiae
756 2749 879 2793 partes
902 2741 1023 2778 dedu-

359 2802 524 2834 ctorum.
579 2799 645 2847 Iu·
667 2812 773 2851 seqq.
804 2813 825 2835 e
852 2799 1022 2851 pluribus

1079 1155 1191 1195 codd.
1234 1155 1322 1194 dedi
1351 1155 1559 1209 ἐνορχίων,
1600 1164 1643 1195 ut
1674 1157 1738 1204 VI,

1082 1216 1155 1261 32,
1193 1214 1259 1250 ubi
1298 1215 1360 1250 aiii
1399 1214 1603 1266 ἐνορχὲων.
1677 1212 1741 1250 Ad

1080 1284 1197 1322 quem
1237 1271 1366 1307 locum
1403 1270 1499 1308 haec
1545 1270 1740 1321 adscripsit

1089 1326 1401 1365 Valckenaer.
1458 1329 1563 1376 „Cur
1611 1334 1741 1364 autem

1080 1385 1217 1420 Persae
1238 1380 1457 1434 εὐνούχους
1470 1384 1634 1424 ἐποίουν
1647 1380 1740 1430 τούς

1081 1438 1240 1487 καλούς,
1266 1442 1453 1477 rationem
1478 1440 1603 1478 reddit
1623 1442 1739 1479 Dion.

1083 1496 1273 1548 Chrysost.
1309 1499 1371 1534 Or.
1402 1499 1480 1534 XX
1520 1512 1558 1548 p.
1580 1500 1661 1538 270
1693 1497 1738 1534 Β.

1083 1553 1159 1591 νῑά.
1188 1552 1330 1590 Herod.
1371 1555 1444 1601 VI,
1484 1557 1536 1594 32
1571 1555 1740 1590 Brisson.

1080 1612 1137 1646 De
1165 1623 1271 1660 regn.
1298 1611 1402 1649 Pers.
1437 1611 1475 1646 11
1502 1624 1541 1660 p.
1559 1610 1653 1650 295.
1693 1611 1740 1646 Iu

1079 1665 1152 1703 hac
1202 1666 1356 1703 historia
1375 1696 1384 1714 ‚
1450 1674 1603 1717 propter
1651 1679 1741 1703 cru-

1080 1722 1323 1771 delissimam,
1360 1736 1476 1775 quam
1497 1722 1544 1759 de
1563 1724 1740 1760 Panionii

1078 1780 1203 1817 liberis
1223 1782 1368 1828 sumsit,
1388 1780 1597 1817 vindictam
1618 1780 1740 1817 lecto-

1078 1838 1180 1874 ribus
1233 1838 1337 1873 nulla
1388 1837 1524 1887 dignus
1577 1835 1740 1887 adpare-

1078 1894 1132 1930 bit
1170 1894 1430 1930 Hermotimus
1467 1892 1738 1941 misericordia,

1078 1963 1195 2001 quam
1215 1951 1256 1986 in
1276 1950 1362 1986 ficta
1383 1949 1649 2001 Xenophontis
1665 1950 1740 2001 Cy-

1077 2006 1258 2057 ropaedia
1286 2007 1396 2043 facile
1420 2007 1588 2044 movebit
1609 2006 1739 2043 Gada-

1076 2065 1174 2100 tas.“
1233 2065 1406 2101 Narravit
1444 2071 1573 2100 autem
1604 2065 1739 2100 Noster

1076 2118 1171 2157 haec
1191 2133 1306 2156 unam
1329 2133 1414 2156 eam
1431 2122 1479 2157 ob
1509 2132 1674 2167 causam,
1695 2125 1738 2156 ut

1074 2177 1198 2223 τίσιος
1210 2178 1308 2214 illius
1321 2179 1400 2213 vim
1414 2178 1618 2226 insigniore
1628 2189 1738 2212 com-

1076 2234 1254 2283 probaret
1291 2235 1489 2284 exemp103
1527 2245 1624 2284 quae
1654 2233 1738 2284 ipsa

1076 2289 1181 2326 haud
1202 2291 1273 2326 alia
1301 2290 1380 2326 fere
1405 2297 1458 2327 est
1488 2296 1601 2341 atque
1621 2288 1737 2340 νέμε-

1077 2358 1150 2393 σις,
1173 2359 1271 2398 quae
1294 2360 1408 2383 suum
1430 2348 1568 2398 cuique
1592 2344 1735 2392 tribuit,

1076 2404 1170 2440 iusta
1208 2405 1414 2455 uuicuique
1450 2417 1493 2440 ac
1524 2402 1652 2439 debita
1673 2415 1738 2439 re·-

1075 2473 1302 2507 muueraus,
1344 2462 1445 2497 bona
1476 2461 1608 2507 bonis,
1634 2458 1737 2495 mala

1076 2518 1185 2553 malis
1222 2517 1444 2568 rependens.
1503 2518 1602 2554 Hinc
1634 2517 1736 2553 Her-

1079 2576 1284 2610 motimuiu
1325 2575 1555 2621 x*111,106
1601 2574 1737 2610 Noster

1080 2629 1272 2667 dicentem
1285 2632 1396 2668 facit:
1429 2625 1584 2676 ἐδοκεές
1602 2643 1642 2668 τε
1661 2633 1735 2668 θε-

1081 2702 1152 2733 ους
1177 2684 1312 2736 λήσειν
1337 2684 1403 2728 οἶα
1427 2687 1609 2738 ἕιιηχανω
1624 2680 1734 2724 τότε·

1081 2743 1124 2782 οἴ
1138 2757 1180 2782 σε
1198 2757 1420 2795 ποιησαντα
1445 2739 1601 2790 ανόσια,
1622 2736 1733 2795 νόμῳ

1080 2800 1222 2841 δικαίω
1246 2799 1484 2854 χρεώμενοι,
1521 2793 1734 2852 νπήγαγον
