1839 3292
375 199 461 240 370

768 201 1236 238 HERODOTI

369 306 476 364 „1350
506 308 556 352 τὸ
586 308 713 364 τέρας
741 312 897 352 τοῦτο·
934 308 989 352 οὐ
1016 308 1101 364 γάρ
1124 309 1193 352 σοὶ
1209 309 1397 366 πὲφῃνε·
1430 307 1517 353 ἀλλ’
1541 310 1639 366 ἐμοὶ

657 376 668 391 θ

367 379 601 434 »σημαίνει
647 395 670 420 ο
720 378 767 420 ἐν
794 377 1049 420 Ἐλαιοῦντι
1078 379 1405 430 Πρωτεσίλεως,
1456 378 1523 421 ὅτι
1560 380 1636 422 καὶ

368 446 584 498 „nemeis
613 446 687 487 καὶ
712 444 886 500 τάριχος
915 444 999 487 ἐών
1028 443 1222 500 δύναμιν
1249 444 1360 498 πρὸς
1387 449 1506 488 θεῶν
1551 446 1635 502 ἔχει

339 512 478 565 4,,τόν
519 512 748 557 ἀδικέοντα
789 515 1000 558 τίνεσθαι.

1057 517 1142 557 νῦν
1173 510 1237 557 οἷν
1267 512 1429 556 ἄποινά
1460 515 1504 556 οῖ
1532 513 1633 558 τάδε
1646 522 1692 557 90

366 581 531 634 ,,ἐθε’λω
570 581 805 626 ἐπιθεῖναι·
845 579 944 625 ἀντὶ
976 580 1056 636 μὲν
1095 581 1327 638 χρημάτων
1353 584 1441 625 τῶν
1476 580 1634 637 ἔλαβον

367 650 442 704 „ix
471 653 552 693 τοῦ
585 652 699 704 ἷροῦ,
731 649 885 693 ἑκατὸν
915 651 1106 694 τάλαντα
1135 655 1394 693 καταθεῖναι
1433 652 1493 707 τῷ
1520 654 1634 708 θεῷ·

366 716 495 771 ,,οΞντὶ
516 716 550 761 δ’
585 718 806 773 ἐμεωυτοῦ
836 720 909 761 καὶ
942 723 1022 762 τοῦ
1049 720 1205 769 παιδὸς
1236 717 1453 761 ἀποδώσω
1478 717 1636 761 τάλαν-

339 793 451 839 5,,τα
486 785 688 843 διηκόσια
714 785 1011 842 Ἀθηναίοισι,
1052 785 1424 843 περιγενόμενος.“
1488 789 1636 829 Ταῦτα

365 853 669 909 ὑπισχόμενος,
699 854 776 897 τὸν
807 854 1048 910 στρατηγὸν
1070 854 1335 903 Ξάνθιππον
1366 852 1448 897 οὐκ
1478 854 1688 898 ἔπειθε.95

365 924 410 966 οἷ
421 924 503 978 γὰρ
514 920 780 965 Ἐλαιούσιοι
792 925 852 978 τῷ
871 925 1153 980 Πρωτεσίλεῳ
1166 922 1446 979 τιμωρέοντες
1457 921 1634 967 ἐδέοντό

365 1006 442 1045 μιν
453 990 908 1046 καταχρησθῆ·ναι,καὶ
928 990 1067 1034 αὐτοῦ
1087 995 1166 1034 τοῦ
1186 995 1429 1047 στρατηγοῦ
1447 992 1582 1049 ταύτῃ
1605 990 1630 1035 ὁ

338 1057 473 1115 6νᾷος
485 1057 625 1113 ἔφερε.
654 1057 952 1113 ἀπαγαγόντες
974 1059 1019 1102 δὲ
1032 1058 1169 1103 αὐτὸν
1181 1060 1222 1110 ἐς
1241 1060 1319 1116 τὴν
1339 1058 1474 1115 ἀκτὴν
1494 1061 1536 1111 ἐς
1554 1059 1633 1117 τὴν

364 1126 527 1182 Ξέρξης
557 1127 691 1179 ἔζευξε
719 1124 798 1169 τὸν
828 1125 981 1180 πόρον,
1011 1128 1054 1170 οἱ
1081 1126 1127 1171 δὲ
1159 1128 1335 1183 λέγουσι
1363 1127 1431 1170 ἐπὶ
1456 1127 1533 1171 τὸν
1562 1144 1633 1171 κο-

364 1195 510 1239 λωνὸν
537 1193 618 1239 τὸν
645 1193 758 1249 ὑπὲρ
787 1193 1010 1239 Μαδύτου
1038 1194 1204 1249 πόλιος,
1235 1197 1393 1240 σανίδα
1411 1207 1633 1251 προσπασ-

362 1381 539 1436 πέφῃνε]
561 1381 967 1432 αιῖραναίίίηῒεῑρτεΐει-

304 1447 368 1477 tur
389 1438 758 1489 Schweighaeuser„
791 1453 838 1475 ex
859 1446 969 1475 ante-

305 1495 527 1534 cedentibus
537 1509 730 1533 assumens
750 1495 875 1547 τέρας.
895 1497 969 1532 At-

304 1554 390 1604 tigit
429 1552 534 1590 idem
570 1560 792 1604 portentum
833 1551 968 1589 Philo-

304 1616 453 1658 stratus,
468 1609 517 1647 ad
537 1611 618 1658 Vll,
632 1612 682 1650 33
700 1609 887 1657 laudatus,
901 1611 968 1646 ubi

304 1664 349 1706 τό
369 1663 526 1719 τάριχος
545 1663 768 1717 οἷναβιῶναι
788 1667 966 1717 legimus.

303 1724 399 1760 Mox
419 1738 508 1761 cum
531 1722 668 1761 Matth.
696 1725 835 1760 retinui
866 1724 967 1763 τίνε-

304 1784 403 1820 σθαι
444 1781 615 1829 (ulcisci,
653 1793 799 1830 poenam
827 1781 966 1831 luere).

299 1838 408 1874 Unus
429 1838 621 1875 Sancrofti
634 1838 727 1874 liber
743 1836 962 1884 σινέεσθαι,

298 1901 341 1931 ut
361 1895 430 1943 lX,
451 1898 513 1942 13,
546 1896 609 1931 alii
630 1895 827 1943 σίνεσθαι,
858 1894 962 1946 quod

297 1951 426 2001 ipsum
473 1965 563 1988 cum
611 1950 817 1989 Schaefero
857 1951 962 1989 dedit

297 2007 515 2046 Bekkerus.
553 2007 850 2046 Valckenaerius
879 2022 961 2045 ma-

296 2065 421 2102 luerat
441 2066 656 2105 τίννυσθαι
675 2067 700 2103 i.
719 2080 751 2104 e.
774 2070 960 2117 τιμωρεῖ-

298 2126 408 2170 σθαι,
430 2135 507 2174 quo
526 2123 608 2173 ipso
627 2122 763 2160 eadem
782 2124 822 2159 in
834 2136 874 2159 re
884 2123 961 2160 uti-

296 2185 359 2216 tur
377 2181 542 2218 Pausan.
566 2181 632 2228 ΙΙΙ,
654 2179 679 2220 4
703 2182 739 2227 ξ.
762 2180 800 2221 5.

353 2232 504 2275 ἄποινά
537 2235 579 2275 οἷ
598 2233 694 2275 τάδε
725 2236 849 2276 ἐθέλω
873 2235 960 2276 ἔπι-

294 2291 458 2344 θεῖναι]
480 2294 537 2330 Ita
557 2292 739 2331 exhibens
757 2293 960 2344 Schweig-

294 2348 427 2386 haeus.
448 2350 489 2386 in
509 2357 601 2386 nota
628 2351 680 2387 ait
707 2352 777 2387 sibi
806 2351 957 2400 probari

295 2407 445 2444 Pauwii
489 2408 749 2444 coniecturam
803 2404 955 2445 ἄποινά

294 2478 350 2512 μο
366 2479 392 2511 ι,
438 2476 556 2515 quam
577 2463 741 2500 eandem
760 2465 800 2500 in
820 2466 956 2500 Latina

294 2521 468 2557 versione
489 2522 690 2571 expressit:
729 2534 824 2558 nunc
841 2523 956 2570 igitur

295 2589 358 2624 ego
382 2577 471 2614 lianc
493 2579 664 2628 milez'z'pse
678 2578 856 2626 mulctam,
881 2577 953 2627 qud

294 2633 460 2671 redimam
482 2635 642 2685 culpam,
679 2635 755 2672 volo
778 2637 952 2684 irrogare.

293 2688 388 2725 Mihi
410 2689 512 2727 haud
529 2705 623 2742 opus
640 2691 791 2730 videtur
811 2705 833 2729 a
852 2693 956 2729 libris

293 2746 440 2796 scriptis
475 2746 680 2786 discedere.
739 2747 848 2787 Nunc
880 2751 957 2798 igi-

294 2806 366 2851 tur,
398 2803 521 2855 inquit
548 2807 772 2858 Artayctes‚
793 2807 876 2844 haec
904 2819 959 2843 re-

1024 1381 1206 1420 demtionis
1220 1384 1339 1432 pretia
1357 1384 1402 1420 εἰ
1431 1379 1494 1435 (οἴ
1510 1382 1533 1419 i.
1556 1396 1590 1420 e.
1611 1377 1687 1421 mi·-

1024 1442 1092 1493 τῷ,
1125 1440 1334 1476 Protesilao
1370 1440 1467 1488 scil.)
1510 1439 1687 1490 adponam

1024 1510 1055 1533 s.
1097 1497 1238 1545 solvam,
1277 1503 1463 1548 tanquam
1500 1497 1687 1533 mulctam

1023 1554 1103 1591 scil.
1124 1552 1219 1590 mihi
1238 1561 1374 1604 sponte
1393 1555 1613 1604 irrogatam.
1641 1552 1686 1592 ἆ·

1023 1625 1145 1650 ποινα
1186 1611 1356 1647 invenies
1385 1612 1448 1659 VI,
1480 1612 1548 1651 79.
1598 1609 1686 1649 ἔπι-

1022 1671 1159 1706 θεῖναι
1180 1681 1248 1703 cur
1267 1667 1408 1713 solvere,
1437 1667 1584 1717 pendere
1604 1680 1684 1704 esse

1021 1731 1138 1775 neget
1158 1723 1561 1775 Schweighaeuserus,
1579 1722 1684 1761 haud

1022 1782 1208 1831 intelligo.
1276 1781 1340 1818 Sic
1369 1794 1464 1818 mox
1498 1784 1684 1820 καταθεῖ-

1022 1854 1089 1878 ναι
1119 1839 1284 1888 ‹Ieponere
1313 1840 1351 1874 iu
1383 1837 1445 1875 dei
1473 1839 1553 1875 scil.
1581 1845 1683 1875 tem-

1018 1896 1096 1948 plo,
1116 1894 1156 1931 id
1178 1902 1233 1932 est
1258 1896 1401 1933 solvere.
1439 1895 1522 1940 Quo
1544 1894 1682 1931 eodem

1016 1965 1129 1991 sensu
1149 1952 1237 1989 alibi
1253 1949 1524 2005 καταβάλλειν.
1554 1952 1612 1990 Cf.
1629 1953 1680 2001 11,

1019 2010 1114 2050 159.

1073 2063 1350 2119 τιμωρέοντες]
1365 2065 1565 2103 ulturiscil.
1585 2066 1679 2102 Pro-

1017 2124 1194 2160 tesilaum
1218 2124 1265 2159 ab
1299 2125 1481 2174 Artaycta
1519 2124 1678 2159 laesum.

1016 2179 1078 2216 Ad
1098 2181 1261 2217 verbum
1281 2181 1606 2230 καταχρησθῆναι
1627 2179 1676 2216 cf.

1016 2243 1112 2275 nott.
1135 2235 1183 2273 ad
1203 2237 1266 2284 IV,
1295 2236 1384 2276 146.
1440 2237 1499 2272 De
1519 2235 1677 2287 Ilffctclyto

1017 2293 1097 2330 dixi
1117 2292 1167 2330 ad
1181 2294 1262 2337 vn,
1284 2294 1351 2332 33.

1073 2351 1216 2389 σανίδα
1270 2347 1675 2401 προσπασσαλεύσαν-

1012 2408 1092 2455 τες]
1124 2406 1210 2444 vid.
1232 2407 1312 2453 VH,
1335 2409 1386 2447 33
1425 2407 1556 2459 ibique
1577 2413 1674 2444 nott.

1012 2465 1169 2516 Aliquot
1189 2464 1274 2500 libri
1292 2463 1470 2510 σανίδας.
1529 2465 1594 2500 Tu
1623 2464 1672 2501 cf.

1010 2519 1106 2558 haec
1144 2522 1375 2558 excitantem
1413 2519 1586 2559 Eustath.
1623 2519 1672 2557 ad

1011 2577 1145 2630 Odys&
1165 2592 1203 2629 p.
1226 2580 1345 2623 1923,
1367 2575 1419 2617 46
1429 2591 1458 2614 s-
1470 2579 1551 2617 780
1565 2576 1670 2615 med·

1011 2634 1122 2680 Quod
1161 2647 1250 2673 vero
1286 2632 1670 2684 Schweighaeuserus

1010 2693 1071 2729 vel
1091 2688 1191 2744 πρός
1213 2698 1300 2728 ante
1328 2691 1471 2730 σανίδα
1498 2691 1669 2727 inseren-

1012 2747 1104 2786 dum
1127 2750 1187 2786 vel
1222 2749 1356 2788 σανίδι
1383 2746 1668 2785 rescribendum

1012 2813 1140 2844 censet
1160 2807 1218 2856 (in
1239 2805 1343 2859 quod
1362 2803 1467 2842 idem
1483 2802 1667 2842 inciderat
