1839 3292
362 174 447 214 344}
765 174 1227 211 I-IERODOTI

362 283 471 336 δρου
513 281 799 337 ἐπισπόμενος
839 282 907 324 ἐπὶ
947 282 1155 337 Μιλήτου
1191 283 1391 326 κτιστύν·
1441 284 1635 327 ἐνθαῦτα
1692 292 1775 332 736

361 350 438 400 τοὶς
468 366 511 393 τε
542 350 642 399 νέας
676 349 936 401 ἀνείρυσαν,
967 348 1038 390 καὶ
1068 349 1378 403 περιεβάλοντο
1411 352 1537 404 ἕρκος
1556 352 1629 395 καὶ
1642 360 1689 393 25

361 420 501 460 λίθων
531 418 601 459 καὶ
642 416 804 468 ξύλων,
846 416 1025 469 δένδρεα
1062 416 1321 468 ἐκκόψαντες
1358 417 1521 473 ἥμερα,
1562 419 1635 461 καὶ

331 486 576 535 Ξσκόλοπας
606 485 704 538 περὶ
721 484 769 527 τό
802 484 925 538 ἕρκος
953 483 1205 540 κατέπηξαν.
1266 485 1340 527 καὶ
1369 485 1635 537 παρεσκευά-

363 553 467 594 δατο
529 550 585 602 ὡς
627 551 1049 608 πολιορκησόμενοι,
1123 553 1197 595 καὶ
1253 551 1313 603 ὠς
1368 552 1634 608 νικήσοντες,

361 618 428 663 ἐπ’
461 619 710 676 α’μφότερα·
746 621 1042 676 ἐπιλεγόμενοι
1072 621 1155 675 γάρ
1187 620 1578 674 παρεσκευάζοντο.

232 697 300 742 98
471 691 525 732 Οἱ
563 689 848 744 δὲἝ’λληνες,
893 687 948 740 ὠς
994 689 1212 732 ἐπύθοντο
1254 689 1489 744 οἰχωκότας
1525 688 1692 740 τούςδο

29 758 307 832 ῗξξῖξῑέὴξιὲζθζῐῗ]
364 756 618 813 βαρβάρους
647 757 689 809 ἐς
718 757 798 813 τήν
833 756 1034 814 ἤπειρον,
1064 756 1255 814 ἤχθοντο
1284 756 1342 809 ὥς
1373 757 1635 814 ἐκπεφευγό-

304 964 360 1012 V,
396 963 463 1005 65.
493 964 725 1014 VVesseIing.
757 962 804 1001 de
829 966 969 1002 Ionum

304 1021 533 1071 migratione
572 1022 781 1073 Miletoque
816 1021 969 1059 condita

305 1079 395 1114 citat
414 1079 579 1115 Pausan.
602 1079 669 1115 VII
684 1107 693 1125 ,
722 1080 749 1117 2
770 1078 806 1123 ξ.
834 1082 851 1117 1
875 1093 969 1130 seq„

306 1135 372 1170 ubi
393 1142 519 1170 tamen
533 1136 636 1171 nulla
647 1133 796 1171 Philisti
809 1137 968 1182 mentio,

306 1192 433 1228 strab.
455 1193 543 1227 XIV
557 1194 686 1242 p.633
707 1204 801 1243 seq.,
820 1194 901 1233 938
911 1206 968 1244 sq

305 1249 368 1285 cui
383 1246 444 1284 Ιιίο
457 1248 690 1298 CodrIfilius,
707 1249 878 1285 coloniae
890 1248 971 1286 dux

305 1312 465 1342 vocatur
486 1302 659 1355 Νηλεύς.
719 1306 818 1342 Cum
844 1308 971 1344 Hero-

306 1360 397 1398 doto
427 1362 516 1398 facit
538 1363 764 1410 Pausanias,
799 1364 866 1399 ubi
899 1378 970 1400 ex-

304 1425 377 1455 stat
400 1415 582 1466 Νειλεύς.
621 1419 705 1456 vid.
724 1419 898 1457 Eustath.
921 1420 970 1458 ad

305 1474 440 1527 Odyss.
471 1489 559 1526 pag.
590 1478 691 1516 1681
728 1484 764 1512 et
789 1478 966 1516 perizon.

305 1531 354 1569 ad
377 1533 524 1571 Aelian.
548 1534 593 1570 V.
615 1534 661 1568 H.
684 1534 792 1581 VIII,
816 1533 855 1573 5.

362 1587 428 1628 ε’πὶ
456 1585 646 1640 Μιλήτου
671 1587 850 1639 κτιστύν]
884 1590 968 1629 κτί-

306 1656 392 1692 σιν,
424 1647 648 1683 observante
672 1645 873 1694 Valcken.,
904 1645 965 1684 hic

304 1700 421 1739 habet
439 1702 611 1740 Eustath.
632 1703 672 1738 in
696 1705 853 1755 Dionys,
875 1705 969 1752 823,

307 1760 373 1810 qui
394 1760 580 1797 sinceram
608 1761 774 1796 sormam
808 1756 970 1799 κτιστύν

305 1818 470 1854 servavit
501 1816 548 1854 ad
576 1820 734 1856 Homer.
776 1818 819 1855 Il.
860 1819 969 1865 XIX,

304 1886 393 1923 pag.
419 1872 546 1922 1245,
580 1873 633 1914 40
666 1873 713 1910 de
744 1872 800 1910 his
830 1875 971 1911 Ionum

305 1929 438 1966 formis
468 1937 645 1968 tractans.
701 1930 853 1967 Eodem
881 1945 972 1982 per-

306 1986 430 2023 tinent
457 1987 504 2024 ab
538 1986 676 2025 eodem
695 1986 971 2025 Valckenaerm

307 2043 441 2081 allata:
484 2040 705 2096 Λωμητύς·
746 2041 970 2096 κατασκευή

307 2099 411 2151 apud
449 2100 617 2153 Hesych.
668 2103 685 2138 I
728 2114 814 2153 pag.
850 2101 971 2142 1054·

307 2154 508 2209 φραστύς·
529 2157 683 2207 σκέψις,
701 2157 838 2198 ἔννοια
860 2157 970 2208 (ibid.

308 2215 344 2250 11
392 2227 483 2265 pag.
526 2216 647 2264 1523)
704 2210 970 2266 Ἀφραστύες·

308 2266 516 2310 οἷσυνεσίαι
539 2271 641 2321 apud
662 2271 821 2309 Suidam
843 2274 859 2307 I
879 2284 966 2322 pag.

308 2329 404 2368 398-
424 2322 666 2374 Ἀποδαστύς
687 2328 787 2379 apud
800 2327 966 2380 Hesych.

307 2385 323 2418 Ι
358 2397 447 2434 pag.
469 2383 547 2425 458
588 2385 717 2436 ibique
753 2392 849 2421 nott.
881 2386 968 2422 coll.

307 2441 407 2481 Plut,
429 2442 465 2477 ΙΙ
495 2454 583 2492 pag.
605 2444 684 2481 933
707 2443 763 2487 E,
797 2442 862 2478 ubi
890 2454 969 2480 σω-

308 2495 557 2547 φρονιστύος.
615 2497 732 2548 Apud
753 2497 894 2534 Herod.
922 2499 966 2547 V,

309 2556 333 2594 6
356 2552 542 2604 ληϊστύς,
579 2555 648 2602 IV,
679 2555 733 2596 75
766 2558 968 2593 καταπλα-

309 2607 401 2656 στύς
449 2612 509 2659 (ut
548 2611 742 2648 Mediceus
783 2611 966 2661 exhibet),

308 2680 406 2718 quae
443 2675 602 2717 tangens
640 2668 743 2705 idem
782 2667 967 2706 Valcken.

308 2722 356 2760 ad
383 2725 425 2772 I,
466 2725 518 2764 85
548 2724 653 2762 addit
688 2725 966 2762 Callimachum

306 2793 396 2831 prae
431 2782 585 2819 caeteris
622 2783 743 2833 poetis
771 2784 859 2820 talia
890 2783 966 2820 fre-

1026 972 1249 1017 quentasse,
1284 965 1322 1001 in
1347 967 1453 1004 cuius
1482 968 1611 1017 paucis
1627 981 1689 1004 re-

1025 1023 1151 1074 liquiis
1186 1023 1429 1060 inveniantur
1471 1039 1689 1075 αρπακτυς,

1027 1075 1218 1127 διωκτυς,
1251 1076 1482 1144 γελαστυς,
1526 1093 1689 1130 μαστυς,

1027 1131 1198 1185 οἷλητυς,
1241 1129 1455 1182 οϊστευτύς.
1513 1138 1598 1174 Alia
1617 1136 1690 1174 hu-

1026 1191 1193 1229 iusmodi
1213 1193 1427 1229 vocabula
1418 1206 1457 1228 ιιι
1477 1188 1525 1239 υ’ς
1542 1207 1691 1231 exeun-

1026 1250 1100 1298 tia,
1133 1250 1179 1285 ab
1201 1251 1354 1286 Ionibus
1376 1251 1596 1300 praesertim
1615 1252 1690 1288 sre-

1028 1313 1209 1358 quentata
1263 1308 1386 1343 attulit
1427 1307 1691 1346 Hemsterhus.

1028 1362 1077 1400 ad
1105 1364 1265 1400 Lucian.
1296 1365 1395 1400 Dial.
1415 1365 1528 1403 Mort.
1550 1365 1621 1414 VI,
1649 1367 1690 1405 3-

1028 1422 1080 1458 Τ.
1100 1421 1136 1456 ΙΙ
1156 1433 1246 1471 pag.
1269 1418 1348 1461 433
1371 1420 1433 1463 ed.
1453 1422 1539 1473 Bip.

1081 1529 1420 1583 παρεσκευάδατο]
1442 1533 1591 1572 Eadem
1609 1535 1690 1572 for-

1024 1604 1089 1628 ma
1130 1591 1205 1638 IX,
1257 1594 1356 1638 100,
1405 1591 1508 1628 unde
1549 1593 1691 1630 excitat

1024 1646 1161 1685 Matth.
1183 1648 1250 1684 Gr.
1272 1648 1337 1684 Gr.
1355 1649 1391 1693 ξ.
1414 1648 1518 1696 204,
1548 1649 1585 1687 b.
1607 1656 1690 1686 not.

1026 1708 1053 1745 2
1080 1717 1168 1756 pag.
1192 1707 1285 1745 378.
1331 1703 1394 1740 Ad
1423 1706 1586 1742 verbum
1619 1721 1691 1744 πο-

1027 1757 1344 1828 λιορκησόμενοι
1352 1760 1429 1800 vid.
1451 1769 1546 1798 nott.
1571 1761 1619 1799 ad
1643 1763 1689 1811 V,

1028 1820 1095 1859 34.
1127 1819 1245 1869 Seqq.
1277 1811 1344 1858 ἐπ’
1378 1813 1586 1870 αμφότερα
1603 1818 1690 1859 ε’πι-

1027 1871 1236 1926 λεγόμενοι
1254 1871 1329 1926 γᾶρ
1348 1873 1688 1926 παρεσκευάζοντο

1027 1932 1178 1969 valent:
1227 1931 1277 1968 ael
1329 1935 1515 1982 utramque
1563 1935 1693 1984 parati

1029 1992 1147 2036 erant,
1187 2000 1257 2026 rem
1294 1990 1411 2027 animo
1453 1994 1626 2028 versantes
1657 2004 1689 2028 s.

1028 2049 1205 2085 curantes.

1211 2135 1302 2186 Cap.
1332 2136 1501 2173 XCVIII.

1083 2211 1262 2264 ἤχθοντο
1284 2208 1338 2260 οἷς
1366 2211 1684 2267 ἐκπεφευγότων]

1027 2271 1138 2307 Conf.
1174 2278 1269 2308 nott.
1302 2270 1350 2307 ad
1379 2272 1492 2319 VIII,
1535 2275 1613 2313 109
1649 2280 1688 2310 et

1024 2327 1071 2364 ad
1102 2328 1235 2364 verba:
1278 2326 1320 2365 ἐν
1350 2323 1497 2382 οἷπορίῃ
1535 2329 1686 2379 εἴχοντο

1023 2391 1118 2424 nott.
1148 2383 1196 2421 ad
1217 2385 1322 2430 VIII,
1345 2384 1407 2424 52.
1441 2384 1548 2421 Unde
1569 2387 1684 2423 iutel-

1023 2442 1173 2491 ligitnr,
1229 2442 1547 2492 praepositionem
1581 2441 1624 2482 ἐν
1662 2457 1683 2479 e

1027 2497 1173 2534 duobus
1209 2497 1320 2534 codd.
1350 2498 1447 2534 bene
1480 2512 1502 2535 a
1534 2498 1683 2536 Sohae-

1024 2556 1104 2591 fero
1119 2584 1129 2601 ‚
1152 2568 1265 2606 quem
1288 2557 1422 2592 merito
1438 2556 1573 2607 reliqui
1594 2555 1683 2594 edd.

1025 2612 1143 2648 secuti
1164 2619 1264 2659 sunt,
1287 2625 1365 2648 esse
1387 2620 1606 2650 assumtam.
1626 2635 1682 2640 ——

1025 2665 1069 2715 ὅ,
1116 2683 1152 2706 τι
1200 2667 1363 2707 ποιέωσι
1401 2677 1475 2706 est:
1514 2671 1681 2720 quidnam

1020 2726 1181 2776 facerent
1203 2739 1233 2762 s.
1250 2726 1375 2775 facere
1392 2726 1561 2763 deberent.
1581 2728 1680 2763 Nam

1023 2781 1288 2821 deliberativas
1318 2790 1372 2820 est
1406 2784 1679 2831 coniunctivus‚
