1839 3292
326 171 411 210 360
725 172 1190 209 HERODOTI

326 278 415 323 κατ’
447 277 550 323 ἄλλο
581 280 661 335 μὲν
692 279 841 331 οὐδὲν,
884 279 1154 335 φοβεόμενος
1182 282 1224 323 δὲ
1242 279 1502 337 Ἄμηστριν,
1534 280 1592 337 μὴ

327 348 400 390 καὶ
435 349 534 400 πρὶν
563 347 876 403 κατεικαζούσῃ
907 347 960 389 τὰ
989 347 1219 402 γινόμενα,
1266 348 1381 391 οὕτω
1422 348 1651 403 ἐπευρε-4ο

328 420 392 472 θῇ
422 415 650 471 πρήσσων·
683 413 790 458 ἀλλὰ
818 413 942 464 πόλις
973 430 1015 456 τε
1047 414 1217 463 ἐδίδου,
1258 416 1331 457 καὶ
1362 416 1526 470 χρυσὸν
1543 414 1593 457 ἅ-

330 489 500 534 πλετον,
531 484 602 526 καὶ
634 482 820 536 στρατὸν
848 486 927 525 τοῦ
957 482 1101 537 ἔμελλε
1134 479 1278 532 οὐδεὶς
1291 481 1434 535 ἄρξειν
1466 481 1594 538 ἀλλ’ἢ

300 552 494 606 5ἐκείνη·
567 551 788 606 Περσικόν
839 551 884 593 δὲ
938 550 1077 604 κάρτα
1126 546 1149 591 ὁ
1198 549 1379 604 στρατὸς
1437 551 1595 604 δῶρον.

331 617 419 662 ἀλλ’
450 617 505 662 ου’
534 619 616 675 γὰρ
648 620 813 668 ἔπειθε,
845 620 963 662 διδοῖ
989 618 1038 660 τὸ
1069 620 1223 672 φᾶρος,
1274 615 1300 671 ἡ
1334 617 1399 668 δὲ,
1430 620 1652 672 nepam-45

332 687 412 742 ρής
442 688 575 731 ἐοῦσα
605 691 666 746 τῷ
697 687 847 741 δώρῳ,
889 684 1041 741 ἐφόρεέ
1071 701 1114 728 τε
1141 685 1214 727 καὶ
1251 683 1477 740 ἀγάλλετο·
1523 684 1597 728 καὶ

169 757 268 801 110
326 754 607 812 ἡ”Αμηστρις
636 754 906 799 πυνθάνεταί
936 769 1010 808 μιν
1041 753 1240 808 ἔχουσαν.
1280 756 1520 801 »Μαθοῦσα
1539 752 1586 796 δὲ

0 821 199 883 Λίᾞξξῑᾞξζχ
222 830 273 884 {22
330 823 378 866 τό
411 824 685 880 ποιεύμενον,
720 826 772 878 τῇ
801 822 879 877 μὲν
907 821 1082 877 γυναικὶ
1122 819 1258 877 ταύτῃ
1290 819 1374 864 οὐκ
1419 817 1500 875 εἶχε
1532 819 1597 874 ἔγ-

0 865 120 925 ffistffifl’
331 907 484 935 κοτον·
523 894 550 947 ἦ
581 892 626 936 δὲ
657 891 885 944 ἐλπίζουσα
914 888 995 944 τὴν
1024 887 1185 944 μητέρα
1220 888 1354 944 αὐτῆς
1385 886 1497 931 εἶναι
1528 889 1595 930 αἰ-

328 961 425 1016 τίην
455 960 528 1002 καὶ
557 963 696 1003 ταῦτα
731 959 900 1014 ἐκείνην
929 955 1148 1013 πρήσσειν,
1177 961 1231 1013 τῇ
1254 959 1488 1000 Μασίστεω
1515 972 1596 1010 yv-

301 1028 452 1071 Ξναικὶ
491 1028 695 1084 ἐβούλευε
742 1026 940 1079 ὄλεθρον.
999 1023 1226 1079 φυλάξασα
1274 1025 1319 1068 δὲ
1349 1025 1428 1068 τόν
1458 1022 1656 1078 ἅνδραὸο

332 1095 412 1138 τόν
452 1095 616 1151 ἑωυτῆς
655 1094 821 1150 Ξέρξην
860 1092 1093 1148 βασιλήϊον
1135 1094 1313 1136 δεῖπνον
1342 1091 1601 1146 προτιθέμε-

330 1178 434 1206 νον·
467 1167 609 1215 (τοῦτο
641 1163 687 1206 δὲ
711 1163 760 1206 τὸ
793 1164 971 1205 δεῖπνον
999 1162 1368 1215 παρασκευάζεται
1384 1160 1496 1211 ἅπαξ
1518 1162 1602 1203 τοῦ

334 1231 564 1282 ἐνιαυτοῦ,
618 1231 666 1275 ἐν
695 1228 836 1287 ἡμέρῃ
867 1233 920 1286 τῇ
960 1228 1127 1284 ἐγένετο
1159 1229 1380 1284 βασιλεύς·
1432 1229 1604 1284 οὕνομα

333 1299 380 1342 δὲ
410 1303 468 1356 τῷ
500 1301 662 1356 δείπνῳ
692 1298 834 1355 τούτῳ
866 1296 1075 1352 Περσιστὶ
1102 1296 1192 1351 μὲν,
1225 1297 1387 1351 τυκτά,
1416 1295 1525 1341 κατὰ
1556 1297 1603 1340 δὲ

1727 738 1748 754 ἱ

332 1366 414 1423 τήν
441 1365 671 1424 Ἑλλήνων
699 1371 919 1423 γλῶσσαν,
960 1364 1146 1407 τέλειον·
1188 1364 1284 1407 τότε
1313 1367 1386 1409 καὶ
1426 1364 1505 1422 τὴν
1535 1381 1602 1408 κε·
1659 1371 1742 1414 742

332 1434 479 1491 φαλὴν
509 1440 669 1492 σμᾶται
696 1439 867 1492 μοῦνον
889 1432 1120 1491 βασιλεὺς,
1159 1433 1232 1476 καὶ
1266 1432 1440 1490 Πέρσας
1470 1433 1601 1490 δωρέ-
1614 1439 1658 1475 56

278 1636 337 1669 tur
356 1633 448 1670 talia
472 1647 593 1682 agens.
613 1653 669 1660 —
702 1633 747 1669 In
768 1646 874 1686 seqq.
897 1633 935 1674 ἒ-

276 1690 391 1728 &mov
424 1697 477 1727 est
509 1690 656 1737 obtulit,
698 1703 733 1727 se
769 1690 936 1728 daturum

269 1747 455 1796 pollicitus
486 1751 548 1794 est,
578 1753 669 1783 nota
689 1749 794 1784 verbi
824 1747 936 1785 huius

278 1810 477 1852 potestate.
523 1802 585 1840 Ad
605 1804 743 1840 verba:
766 1799 791 1842 οἷ
806 1801 866 1844 λλ’
887 1799 935 1844 οὗ

277 1856 354 1910 γάρ
387 1859 522 1899 ἔπειθε
550 1860 652 1897 conf.
693 1860 827 1899 Matth.
871 1863 937 1900 Gr.

279 1917 346 1953 Gr.
375 1918 413 1962 ξ.
446 1916 526 1958 615
558 1930 645 1967 pag.
677 1916 784 1957 1242
818 1925 855 1955 et
893 1919 940 1955 G.

277 1974 487 2010 Hermann.
519 1973 567 2011 ad
588 1975 714 2023 Viger.
737 1987 825 2026 pag.
847 1977 942 2016 811.

278 2028 381 2067 Add.
411 2029 596 2068 Herodot.
626 2032 696 2081 IX,
720 2033 788 2072 93.
845 2032 943 2070 Ver-

278 2087 373 2123 bum
426 2083 671 2140 ἀγάλλεσθαι
727 2089 833 2139 attigi
892 2086 942 2125 ad

278 2144 342 2192 IV,
365 2142 433 2185 64.

517 2235 610 2286 cap.
632 2235 715 2272 CX.

336 2308 412 2352 οὐκ
444 2309 521 2364 εἶχε
559 2313 747 2366 ἔγκοτον]
783 2315 840 2350 De
870 2312 942 2350 hac

278 2370 470 2407 locutione
504 2371 605 2408 conf.
637 2372 701 2418 111,
731 2372 796 2412 59.
840 2369 940 2406 Add.

277 2426 494 2464 Blomfield.
517 2429 681 2464 Glossar.
701 2426 749 2464 ad
762 2426 941 2478 Aeschyl.

281 2481 498 2536 Choephor.
528 2487 595 2525 37.
650 2485 696 2519 In
725 2498 832 2536 seqq.
853 2497 942 2520 ver—

282 2540 374 2576 bum
397 2537 609 2589 φυλάξασα
643 2542 732 2578 citat
753 2539 890 2578 Suidas
911 2554 941 2577 s.

281 2609 317 2632 v.
339 2598 391 2632 111
414 2612 448 2647 p.
471 2597 564 2638 642.
621 2596 708 2636 Vid.
724 2599 756 2646 Ι,
776 2598 829 2638 49
850 2597 941 2649 ibiq.

282 2659 376 2689 nott.
397 2655 496 2697 VIII,
516 2655 555 2694 9,

339 2708 381 2749 ἐν
410 2708 539 2762 ἡμέρῃ
573 2714 624 2765 τῇ
653 2708 802 2762 ἐγένετο
828 2711 942 2762 βασι-

283 2764 400 2816 λεύς]
441 2767 540 2803 Mate
572 2767 614 2807 ἐν
642 2768 680 2804 iu
712 2766 942 2820 quibusdam

995 1633 1188 1671 omissum.
1218 1630 1344 1669 Affert
1365 1629 1584 1669 Herodotea
1602 1632 1662 1669 A-

994 1690 1178 1728 thenaeus
1205 1690 1269 1737 IV,
1300 1691 1353 1728 27
1383 1702 1471 1740 pag.
1505 1687 1584 1729 146
1615 1690 1662 1726 Β.

994 1746 1080 1786 vid.
1115 1745 1162 1783 de
1196 1744 1257 1782 die
1289 1747 1388 1795 regis
1420 1745 1537 1782 natali
1563 1752 1663 1782 nott.

996 1803 1044 1841 ad
1065 1805 1094 1847 1,
1120 1805 1210 1842 133.
1268 1803 1399 1852 Ipsum
1420 1802 1503 1838 festi
1518 1814 1663 1838 nomeu

1003 1855 1134 1899 Τυκτοῖ
1157 1858 1393 1911 quidvaleat,
1415 1860 1496 1895 aliis
1517 1857 1664 1910 disqui-

999 1915 1163 1953 rendum
1195 1917 1428 1966 permittam.
1489 1915 1661 1966 Scaliger

1001 1975 1148 2011 Canon.
1180 1974 1278 2023 Isag.
1299 1974 1351 2009 III
1372 1987 1410 2023 p.
1432 1973 1514 2012 260
1541 1985 1664 2023 expo-

999 2037 1125 2068 suerat
1145 2029 1321 2066 thronum.
1350 2030 1426 2066 Alii
1447 2028 1566 2068 aliter.
1603 2029 1662 2067 Cf.

999 2085 1160 2126 Reland.
1183 2087 1279 2123 Diss.
1291 2085 1337 2122 de
1357 2093 1430 2124 vet.
1452 2085 1544 2136 ling.
1556 2087 1663 2124 Pers.

998 2143 1147 2195 p.257.
1179 2143 1370 2180 Creuzerus
1402 2141 1496 2178 haec
1518 2141 1662 2179 adscri-

998 2201 1092 2251 psit:
1135 2200 1380 2249 „Attigerunt
1408 2197 1512 2235 hunc
1533 2199 1662 2235 locum

998 2259 1222 2306 interpretes
1245 2253 1426 2307 Hesychii
1446 2255 1481 2289 ΙΙ
1502 2270 1539 2306 p.
1556 2257 1662 2296 1360

1000 2321 1037 2350 et
1068 2325 1156 2362 pag.
1186 2312 1304 2352 1432.
1335 2310 1494 2348 photius
1515 2326 1553 2362 p.
1570 2311 1661 2358 526

999 2370 1117 2406 Dobr.
1134 2375 1170 2405 et
1190 2369 1293 2418 Lips.
1316 2364 1490 2407 Τυκτόν·
1533 2383 1662 2420 χειρο-

998 2426 1181 2475 ποίητον,
1221 2424 1325 2475 quod
1363 2423 1411 2460 ad
1443 2424 1577 2476 Odyss.
1615 2421 1660 2475 ρ’,

999 2485 1080 2523 206
1093 2480 1205 2518 trahit
1216 2480 1458 2518 schleusner.
1470 2482 1508 2517 in
1525 2482 1661 2518 Anim-

999 2539 1163 2576 adverss.
1184 2551 1272 2589 pag.
1293 2538 1389 2579 463·
1448 2540 1533 2589 Ego
1563 2537 1661 2574 nihil

999 2596 1184 2646 exputo.“

1057 2652 1218 2701 σμᾶται]
1248 2651 1270 2688 ἰ.
1298 2665 1332 2688 e.
1370 2655 1554 2700 smegmnte
1600 2651 1660 2689 de-

999 2712 1120 2758 tergit.
1182 2707 1270 2745 vid.
1295 2710 1372 2745 citt.
1395 2708 1442 2745 ad
1460 2710 1522 2756 IV,
1543 2709 1595 2748 73
1623 2713 1659 2743 et

1000 2766 1210 2803 casaubon.
1234 2764 1281 2801 ad
1296 2763 1438 2803 Athen.
1458 2766 1482 2802 l.
1497 2766 1522 2802 l.
1544 2765 1658 2801 Plura
