1839 3292
475 224 939 264 CALLIOPE.
1001 223 1080 260 IX.

1319 226 1403 264 209

121 336 357 396 Ξδηλᾱίσειν
395 334 512 378 ἐόντι
547 334 594 378 ἐν
630 331 843 387 Σάρδισι,
887 331 953 375 ὅτι
987 331 1076 387 ἔχοι
1103 329 1296 387 Ἀθήνας.
1355 330 1404 383 ὃς

157 406 256 451 ου’δὲ
284 402 379 446 τότε
410 400 673 457 ἀπικόμενος
691 401 732 451 ἐς
760 399 840 456 τὴν
864 398 1058 455 Ἀττικὴν
1089 395 1186 452 εὗρε
1215 398 1320 449 τούς
1344 396 1405 441 Ἀ-

150 472 380 529 θηναίους,
411 469 496 513 ἀλλ’
528 470 574 513 ἔν
603 485 646 512 τε
674 472 892 523 Σαλαμῖνι
907 466 1010 518 τοὺς
1029 469 1253 516 πλείστους
1281 466 1404 509 ἐπυν-

148 538 309 583 θάνετο
352 535 481 589 εἶναι,
522 538 568 580 ἔν
594 552 639 579 τε
676 540 775 592 τῇσι
809 536 962 590 νηυσί’
1003 535 1136 588 αἱρέει
1164 550 1208 577 τε
1239 534 1459 591 έρῆμον35

149 606 200 650 τὸ
249 607 369 649 ἄστυ.
426 603 453 660 ἡ
486 604 531 647 δὲ
560 603 758 659 βασιλέος
789 604 950 656 αἵρεσις
992 601 1034 651 ἐς
1067 600 1145 655 τὴν
1173 599 1406 660 ὑστεραίην

149 673 230 730 τὴν
259 672 524 725 Μαρδονίου
555 671 858 724 ἐπιστρατηίην
894 668 1136 724 δεκάμηνος
1164 668 1344 724 ἐγένετο.

63 754 97 799 4
259 739 371 783 Ἐπεὶ
390 739 434 782 δὲ
455 738 500 781 έν
516 735 724 793 Ἀθήνῃσι
753 737 915 792 ἐγένετο
946 736 969 780 ὁ
999 735 1271 790 Μαρδόνιος,
1304 739 1403 794 πέμ·
1458 751 1533 780 Inde
1557 753 1734 784 Mardonius

151 824 221 852 πει
250 808 292 858 ἐς
309 810 536 862 Σαλαμῖνα
558 806 863 860 Μουρυχίδην,
886 803 1024 859 ἄνδρα
1047 803 1394 861 Ἑλλησπόντιον,
1450 787 1733 863 ἦατῗέέῗιᾞιῖεῃᾞι-

149 874 340 930 φέροντα
368 874 470 924 τούς
503 873 665 923 αὐτοὺς
697 872 855 927 λόγους
892 871 995 923 τοὺς
1026 872 1098 915 καὶ
1123 870 1396 927 Ἀλέξανδρος
1411 855 1733 929 [rogetiqffliAfffissfrssn'

119 940 176 986 26
215 941 432 985 Μακεδών
455 949 566 985 τοῖσι
589 940 857 996 Ἀθηναίοισι
890 939 1215 994 διεπόρθμευσε.
1261 945 1399 986 ταῦτα
1457 923 1733 986 ἓῖἶῐῖῗῗιοῇἓῖῗιῗῖ

149 1008 196 1053 δὲ
223 1007 271 1052 vd
296 1008 502 1066 δεύτερον
531 1007 776 1063 ἀπέστελλε,
817 1007 1012 1064 προέχων
1047 1008 1127 1064 μὲν
1158 1011 1246 1053 τῶν
1269 1007 1400 1066 Ἀθη-

94 1240 215 1280 usque
255 1227 303 1264 ad
329 1227 441 1264 Asiae
457 1233 594 1264 terram
627 1227 751 1265 conti-

94 1292 251 1321 nentem
283 1284 510 1335 Sardesque.
548 1283 634 1321 vid.
655 1291 751 1321 nott.

97 1340 146 1377 ad
165 1342 255 1388 VII,
288 1343 378 1381 182.
423 1342 545 1385 Quem
574 1348 661 1377 ante
681 1353 753 1378 vo·-

98 1410 183 1434 cem
194 1391 370 1446 Ἀθήνας
383 1397 619 1444 Schaeferus‚
637 1410 751 1448 quem

97 1455 266 1505 sequitur
289 1452 423 1493 Manli,
438 1482 448 1500 ‚
482 1460 673 1503 receperat
693 1466 751 1489 ar-

97 1511 256 1547 ticulum
279 1506 367 1557 τοὶς,
385 1522 488 1559 ‘eum
508 1510 644 1560 reliqui
664 1509 751 1547 edd.

99 1567 316 1604 omiserunt.
335 1586 390 1593 —
405 1567 462 1602 De
482 1564 630 1616 duplice
651 1580 690 1605 τε
709 1567 750 1602 in

97 1635 203 1674 seqq.
241 1621 341 1661 conf.
376 1622 487 1659 allata
522 1621 570 1659 ad
603 1622 692 1672 VII,
723 1624 749 1663 8

153 1734 191 1781 ἐς
203 1731 276 1785 τήν
298 1732 527 1786 ὑστεραίην]
549 1735 605 1771 Ita
624 1748 644 1770 e
658 1735 750 1771 Flo-

96 1793 243 1828 rentino
259 1820 269 1839 ‚
305 1792 383 1828 aliis
414 1790 530 1828 edidit
550 1789 751 1841 Schweig-

96 1846 320 1896 haeuserus‚
382 1861 498 1899 quem
546 1848 660 1889 Gaisf,
714 1855 750 1885 et

96 1903 230 1941 Matth.
250 1912 473 1955 sequuntur.
524 1906 557 1940 E
577 1904 748 1941 Mediceo

98 1961 252 2012 aliisque
281 1962 371 1997 olim
399 1968 651 2011 propagatum
671 1968 750 1998 erat

97 2011 279 2068 ὑστέρην,
301 2016 404 2068 quod
419 2024 521 2053 tenet
537 2016 748 2066 Bekkerus‚

97 2074 281 2124 probante
311 2072 540 2121 Schaefero‚
573 2075 637 2126 qui
665 2076 749 2124 Ap-

98 2137 215 2180 parat.
235 2128 430 2167 Demosth.
449 2132 484 2166 11
503 2143 590 2180 pag.
610 2130 690 2171 428
709 2144 749 2167 se

98 2187 217 2223 vereri
238 2188 309 2233 ait,
340 2194 380 2223 ut
400 2185 619 2237 Schweigh.
648 2194 748 2223 recte

100 2240 242 2280 dederit
260 2240 331 2293 τὴν
353 2241 587 2294 ὑστεραίην,
609 2244 749 2295 quique

99 2298 196 2335 bene
223 2299 364 2336 attendi
394 2301 498 2337 iubet
529 2300 577 2337 ad
613 2302 753 2337 articu-

100 2354 181 2390 lum
199 2353 270 2406 τήν
286 2357 462 2393 iteratum
480 2370 551 2394 nec
570 2357 648 2393 ullo
669 2370 754 2394 mo-

103 2408 151 2446 do
195 2411 410 2452 delendum.
464 2413 567 2450 Infra
610 2415 688 2462 IX,
726 2416 750 2454 8

104 2479 234 2504 omnes
279 2469 386 2517 libri,
436 2477 621 2521 quantum
660 2471 749 2516 scio,

103 2521 142 2568 ἐς
166 2520 237 2572 τήν
257 2522 487 2577 ὑστεραίην,
529 2533 564 2563 et
580 2528 657 2574 IX,
700 2525 749 2566 15

105 2580 157 2631 τῇ
188 2577 388 2631 ὑστεραίῃ.
445 2583 542 2619 Hinc
580 2589 682 2620 recte.
710 2584 750 2618 in

102 2634 293 2673 Plutarch.
315 2636 559 2676 Themistocl.
584 2641 632 2679 18
656 2640 750 2676 Sin-

101 2692 196 2728 tenis
235 2691 369 2744 (quem
402 2694 502 2735 conf,
532 2707 619 2745 pag.
653 2695 750 2744 119)

102 2750 267 2798 reposuit
316 2746 389 2797 τήν
420 2746 648 2802 ὑστεραίαν,
684 2752 751 2789 ubi

102 2805 216 2854 vulgo
236 2802 306 2855 τὴν
331 2803 512 2855 ὑστέραν.

157 2863 378 2899 Ηειωυοτ.
398 2861 466 2900 lv.

1041 1260 1130 1312 cap.
1159 1261 1224 1299 IV.

860 1333 974 1377 Ἐπεὶ
989 1336 1030 1378 δὲ
1044 1361 1098 1366 -
1125 1338 1272 1391 ἐγένετο
1293 1339 1316 1381 ὅ
1336 1343 1459 1395 Μαρ-

806 1390 955 1443 δόνιος]
986 1397 1199 1432 Articulum
1219 1395 1239 1436 ὁ
1260 1411 1279 1433 e
1299 1399 1459 1435 Floren-

805 1452 885 1487 tino
927 1458 963 1488 et
983 1452 1172 1489 Sancrofti
1207 1454 1302 1490 libro
1336 1468 1460 1505 nuper

807 1506 978 1544 additum
1018 1510 1224 1546 omiserunt
1260 1509 1457 1551 Schaefer.

807 1571 841 1600 et
850 1563 999 1612 Matth„
1013 1567 1078 1616 qui
1096 1565 1214 1602 iidem
1228 1568 1340 1603 etiam
1352 1569 1458 1619 vulg.

805 1622 1061 1673 ΙἉουριχίδην
1095 1623 1353 1672 retinuerunt,
1393 1625 1460 1661 ubi

804 1690 907 1714 nunc
939 1677 1061 1714 editur
1082 1681 1360 1730 Μουρυχίδην.
1401 1681 1459 1719 Cf.

805 1735 919 1770 etiam
944 1733 1080 1775 Matth.
1107 1736 1169 1773 Gr.
1193 1737 1258 1773 Gr.
1289 1738 1325 1782 §.
1347 1740 1396 1778 91
1419 1751 1460 1789 p.

809 1790 900 1831 195,
956 1792 1124 1828 Verbum
1172 1789 1461 1845 διεπόρθμευσε

807 1844 969 1897 (attulit)
990 1847 1064 1886 h.l.
1084 1862 1161 1885 non
1183 1850 1460 1900 sineinsignio-

807 1904 838 1939 ri
874 1903 1038 1955 quadam
1068 1906 1106 1942 vi
1137 1904 1351 1943 adhibitum
1380 1921 1459 1945 esse

806 1967 921 2010 patet.
978 1963 1100 2014 ταῦτα
1137 1975 1204 2012 pro
1236 1960 1302 2001 διοῖ
1337 1966 1460 2003 ταῦτα

808 2017 1021 2068 (propterea)
1064 2019 1182 2069 accipi
1213 2020 1295 2056 vult
1327 2033 1459 2057 censor

804 2074 971 2110 lenensis
995 2077 1098 2115 1828
1120 2076 1302 2125 (Erga'nz.
1319 2077 1377 2113 Bl.
1398 2090 1457 2115 nr.

803 2128 856 2170 45
878 2143 962 2180 pag·
980 2129 1076 2178 348)
1096 2132 1206 2182 plura
1226 2133 1297 2169 alia
1318 2132 1364 2169 de
1384 2131 1458 2170 hoc

802 2199 873 2223 usu
894 2188 1074 2224 excitans.

860 2242 1038 2295 προέχων
1056 2241 1127 2295 μὲν
1143 2246 1221 2283 τῶν
1234 2239 1461 2297 Ἀθηναίων

807 2294 856 2338 ου’
879 2301 1013 2349 φιλίας
1031 2297 1209 2352 γνώμας]
1239 2302 1458 2354 ,,προε’χων,

806 2369 877 2392 usu
898 2358 1057 2405 rariore,
1078 2370 1157 2394 non
1178 2358 1280 2395 aliud
1301 2371 1343 2396 ac
1363 2356 1459 2409 πρό-

807 2427 919 2464 τερον
940 2412 1057 2464 ἔχων,
1089 2426 1165 2451 cum
1184 2417 1255 2452 iam
1275 2419 1378 2452 antea
1394 2416 1458 2453 ha-

807 2470 896 2506 beret
913 2477 1113 2521 nossetque
1134 2469 1228 2508 adeo
1240 2501 1249 2518 ,
1270 2472 1460 2509 Athenien-

807 2527 895 2562 sium
913 2527 1089 2573 consulta,
1113 2527 1210 2563 haud
1225 2540 1308 2564 sane
1328 2530 1457 2567 amica.

810 2582 974 2628 Φιλίους
1009 2578 1150 2633 λόγους
1179 2582 1227 2619 ad
1260 2597 1349 2620 eum
1370 2597 1458 2620 mo-

808 2637 899 2674 dum
923 2640 1014 2686 VII,
1048 2641 1125 2678 163
1155 2646 1190 2676 et
1218 2640 1324 2688 VIII,
1366 2642 1457 2682 106.

807 2695 916 2732 Conf.
946 2693 1142 2731 Abreschii
1178 2695 1459 2735 Animadverss.

804 2752 844 2787 in
864 2750 1041 2789 Aeschin.
1062 2752 1118 2799 ΙΙ,
1154 2753 1245 2792 32.“
1290 2752 1458 2791 Wesse-

805 2808 923 2856 ling.
941 2829 995 2835 —
1023 2806 1085 2845 Ad
1104 2821 1264 2859 sequens
1287 2806 1458 2862 ὑπήσειν

1135 2863 1185 2904 14
