1839 3292
597 235 628 271 Ι.
658 233 819 269 INDEX
847 232 1040 270 RERUM.
1480 234 1562 275 501

126 346 169 387 11,
194 342 384 379 143—146.
420 341 547 375 Graeci
571 352 614 375 ex
636 342 789 376 homini-

123 393 186 425 bus
210 395 305 423 natos
329 390 418 422 Deos
441 391 475 421 et
510 388 709 422 hominibus
740 388 789 421 si-

123 437 223 470 miles
253 434 393 475 habent,
431 434 458 475 Ι,
483 433 562 467 131.
601 434 791 467 Graecani-

123 493 182 515 cus
210 480 352 523 Iupiter,
386 480 446 520 ΙΧ,
471 480 504 512 7.
531 479 586 512 dei
621 480 790 513 Graeciae

121 538 220 571 praes
206 526 306 566 sides,
352 526 394 565 V,
441 525 498 558 92.
546 525 600 558 dei
649 525 791 559 Graecis

121 583 331 614 communes,
366 571 428 611 lx,
463 570 519 605 90.
563 571 606 604 cf.
640 572 699 612 11,
732 571 790 604 68.

119 619 286 652 festorum
328 617 540 650 Graecorum
572 617 713 650 nomina
753 616 788 649 in

121 664 264 698 eandem
283 663 439 696 desinunt
462 662 623 702 literam,
656 663 685 703 Ι,
708 661 787 695 148.

120 710 192 743 vid.
226 709 374 742 Festum.
435 708 559 740 Graeci
584 708 688 749 diem,
721 718 790 750 quo

123 756 301 788 defunctus
324 759 374 787 est
390 759 501 797 pater,
520 753 645 786 festum
664 757 786 798 agunt,

123 801 185 843 IV,
217 801 262 834 26
295 803 364 833 not.
408 799 568 832 vestitum
611 799 792 832 Minervae

123 852 157 880 et
191 845 332 883 aegidas
365 855 386 877 a
420 845 575 888 Libyssis
612 845 789 887 adoptant,

122 892 184 932 IV,
207 890 284 924 189.
309 891 420 923 Graec
404 901 522 923 ¹*orum
546 894 578 923 et
609 891 786 935 Lydorum

120 939 216 981 leges
247 936 389 976 similes,
419 936 447 977 Ι,
479 934 534 968 94.
574 936 788 970 Graecorum

123 993 249 1016 coenae
271 993 293 1015 a
310 980 420 1014 Persis
443 986 647 1023 contemtae,
667 983 695 1025 Ι,
706 982 786 1015 133.

107 1028 167 1063 cf.
191 1028 251 1068 IX,
280 1026 337 1060 82.
363 1008 788 1072 Graeci111d02615mpi

121 1085 179 1106 cos
202 1074 388 1113 celebrant,
413 1077 447 1106 et
469 1085 536 1106 non
561 1074 603 1106 de
633 1074 789 1117 pecuniis

122 1119 181 1154 sed
215 1120 257 1152 de
283 1119 380 1151 oleae
410 1130 536 1152 corona
571 1121 788 1160 contendunt,

124 1165 219 1208 VIII,
243 1164 299 1198 26.
322 1175 506 1205 puerorum
532 1166 708 1199 amoribus
731 1166 789 1198 de-

122 1211 198 1249 diti,
221 1211 248 1251 I,
273 1210 350 1243 135).
375 1228 419 1234 -—
453 1211 586 1243 Merces
616 1211 792 1254 accipiunt

123 1268 145 1290 a
169 1256 410 1296 Phoenicibus,
434 1256 462 1296 Ι,
486 1257 517 1289 1.
542 1257 603 1297 ΙΙΙ,
620 1257 697 1290 107.
712 1257 790 1290 111.

125 1302 251 1336 Graeci
288 1302 366 1335 inde
391 1313 412 1334 a
436 1303 684 1336 Psammitieho
706 1314 791 1346 rege

124 1360 204 1380 cum
249 1347 431 1392 Aegyptiis
477 1349 687 1382 commercia
726 1349 792 1381 ha-

123 1395 215 1435 bent,
250 1394 294 1434 ΙΙ,
328 1392 406 1427 154.
440 1394 484 1426 cf.
509 1406 538 1426 c.
563 1394 643 1428 152.
679 1395 792 1428 solam

123 1439 311 1475 Naucratin
346 1439 538 1482 emporium
568 1441 719 1481 habent,
744 1440 791 1481 II,

124 1485 205 1519 178.
239 1485 317 1518 179.
359 1496 380 1518 a
412 1486 594 1529 Cambysis
625 1490 792 1529 tempore,

124 1533 318 1574 frequentes
349 1531 385 1563 in
421 1531 621 1575 Aegyptum
651 1533 793 1566 veniunt

125 1582 159 1610 et
193 1577 365 1610 mercandi
401 1581 434 1610 et
467 1578 637 1611 militandi
677 1588 791 1618 causa,

125 1623 188 1663 III,
212 1622 289 1656 139.
314 1623 358 1655 cf.
385 1622 430 1662 ΙΙ,
448 1622 514 1656 154
539 1627 572 1656 et
594 1623 656 1664 III,
679 1623 703 1657 4
722 1628 793 1657 not.

126 1668 250 1701 Gracci
273 1669 336 1700 sub
364 1668 596 1702 Psammenito
630 1669 792 1709 militant,

124 1714 187 1754 III,
212 1713 266 1746 11.
290 1714 505 1747 Graecorum
535 1714 706 1758 scriptura
738 1714 791 1747 di-

123 1770 225 1793 versa
252 1759 297 1792 ab
329 1760 532 1804 Aegyptiis,
563 1761 620 1801 ΙΙ,
643 1760 687 1794 36
719 1764 791 1794 not.

124 1807 338 1839 Graecorum
347 1807 590 1840 commercium
601 1818 678 1840 cum
689 1805 792 1840 Ponti

125 1850 252 1885 Euxini
272 1851 410 1892 accolis,
421 1853 495 1894 vll,
505 1853 572 1885 147
588 1856 656 1885 not.
683 1853 794 1885 Grae-

126 1908 188 1930 cae
210 1896 396 1930 sententiae
418 1898 545 1938 Persis,
571 1898 648 1931 aliis
675 1899 793 1932 tribu-

126 1946 194 1984 tae,
212 1942 275 1983 III,
298 1943 343 1976 71
366 1947 435 1976 not.
459 1943 516 1979 72.
541 1943 585 1977 80
611 1947 679 1977 not.
706 1944 747 1984 V,
771 1943 794 1977 4

126 1992 195 2023 not.
222 1989 261 2025 V,
284 1987 340 2022 24.
367 1989 440 2030 VII,
463 1989 507 2022 10
531 1989 595 2032 §.4
617 1993 686 2022 not.
710 1989 792 2023 coll.

127 2033 204 2074 VII,
224 2033 291 2066 102
314 2038 383 2068 not.
408 2039 441 2067 et
463 2034 541 2068 152.
568 2037 722 2069 Graecae
737 2047 794 2067 re-

126 2080 276 2124 ligiones
298 2084 332 2113 et
355 2091 466 2121 sacra,
493 2081 536 2114 ad
559 2081 645 2114 alias
675 2085 794 2124 gentes

126 2126 306 2166 translata,
329 2127 401 2168 vlt,
420 2125 465 2160 53
476 2130 544 2160 not.
569 2127 691 2160 Graeci
702 2138 793 2170 qua-

127 2172 196 2204 lem
247 2171 395 2214 reipubl.
445 2173 591 2206 liberam
632 2178 792 2206 naturam

128 2217 350 2258 constituunt,
382 2218 445 2259 ΙΙΙ,
477 2218 521 2252 80
554 2222 625 2251 not.
666 2218 793 2252 Graeci

128 2262 165 2295 in
198 2263 393 2297 nominibus
416 2264 629 2308 imponendis
661 2265 793 2308 aliquid

130 2313 296 2350 spectant,
321 2309 379 2350 VI,
401 2309 446 2343 63
469 2315 538 2344 not.
574 2311 700 2344 Graeci
734 2322 795 2344 ne-

131 2353 185 2386 fas
207 2355 334 2388 habent
356 2366 453 2389 sacra
477 2368 540 2390 sua
571 2368 648 2389 cum
673 2357 796 2390 alieni-

133 2398 232 2441 genis
261 2402 525 2444 communicare,
558 2403 615 2443 vl,
647 2402 692 2436 81
723 2406 793 2439 not.

135 2444 261 2478 Gaeci
284 2446 380 2480 triste
401 2452 532 2490 putant,
556 2449 686 2482 nullam
715 2460 796 2492 pro-

133 2490 204 2523 lem
230 2490 526 2533 habere‚v1,86
549 2497 580 2537 ς.
604 2494 637 2528 3.
668 2494 795 2528 Graeci

132 2540 311 2579 parentum
336 2539 507 2581 culpam‘
497 2552 531 2573 m
556 2552 614 2581 pos
600 2540 698 2574 teris
728 2552 795 2583 pu-

133 2581 202 2614 niri
232 2586 373 2624 putant,
404 2585 478 2627 VII,
503 2585 570 2618 137
600 2590 670 2620 not.
715 2587 795 2620 coll.

132 2626 210 2660 134.
237 2628 362 2661 Graeci
384 2630 503 2663 Asiam
516 2632 701 2666 incolentes
719 2633 795 2676 (re-

133 2678 322 2714 censentur,
347 2674 608 2721 1‚142-15o.)
632 2680 770 2712 aCroes
774 2689 794 2712 o

131 2719 278 2760 subacti,
302 2719 328 2759 Ι,
351 2720 397 2754 26
419 2733 489 2765 seq.
526 2723 734 2767 Lydorum'
723 2736 796 2758 im-

133 2765 230 2808 perio
253 2776 274 2799 a
296 2745 409 2800 P'ersis
435 2779 564 2811 everso,
599 2770 723 2804 Sardes
746 2771 796 2803 le-

132 2815 235 2855 gatos
256 2811 395 2848 mittunt
415 2814 461 2848 ad
483 2794 633 2859 Cyrum,
665 2817 695 2860 Ι,
717 2816 796 2852 141.

891 340 952 384 qui
976 336 1261 374 Lacedaemoniis
1285 340 1484 374 contemtim
1507 353 1563 376 re-

891 386 1046 429 spondet,
1070 385 1100 426 I,
1123 384 1192 419 152
1215 395 1285 427 seq.
1325 385 1514 430 Cambyses
1543 399 1563 420 e

895 431 1040 466 Graecis
1061 431 1160 464 Iones
1183 435 1216 464 et
1238 430 1384 464 Aeolen.
1374 443 1432 471 es,
1455 442 1476 464 a
1500 443 1563 484 pa-

894 482 948 513 tre
971 489 1034 521 pro
1059 477 1168 510 servis
1192 480 1361 520 acceptos,
1387 488 1502 510 fecum
1526 476 1563 510 in

892 525 1014 567 Aegyp
1018 527 1090 556 tum
1114 522 1221 563 ducit,
1243 522 1288 563 ΙΙ,
1314 522 1348 555 1.
1370 522 1432 563 ΙΙΙ,
1461 522 1491 555 1.
1505 521 1561 556 25.

891 570 1001 602 Dario
1024 569 1058 601 in
1069 569 1163 601 bello
1175 567 1341 611 Scythico
1364 572 1500 611 pontem
1526 568 1562 601 iu

891 615 979 648 Istro
1014 614 1146 647 sactum
1181 614 1384 655 custodiunt,
1418 613 1481 654 IV,
1504 613 1562 648 97.

891 658 1311 749 {fflicihtiiC-Alrigtnglogiii.
1339 660 1563 748 aucilorleffrsilfs,

892 751 1041 786 29—37.
1067 750 1164 783 Iones
1188 750 1449 784 Atheniensium
1483 762 1561 794 ope,

892 798 1020 831 Sardes
1044 796 1196 839 capiunt,
1220 797 1261 837 V,
1288 795 1356 829 100
1378 808 1448 839 seq.
1480 796 1562 830 inde

893 844 1032 877 Bellum
1057 842 1247 883 Persicum,
1270 842 1314 875 cf.
1330 843 1369 882 V,
1388 842 1434 876 97
1449 845 1481 875 et
1493 842 1562 876 vid.

888 890 1122 924 Athenienses.
1157 907 1202 912 —
1249 887 1384 921 Graeci
1419 888 1561 922 Asiatici

887 936 999 968 denuo
1022 945 1044 968 a
1065 933 1181 968 Persis
1202 934 1356 974 subacti,
1382 934 1440 971 VI.
1464 933 1563 966 31—

891 981 937 1014 33
962 985 994 1014 et
1019 991 1134 1024 praec.
1158 991 1188 1012 c.
1204 978 1260 1013 42.
1286 979 1462 1014 aGraecis
1473 980 1562 1024 (Eu-

891 1038 1014 1069 ropam
1048 1026 1293 1069 incolentibus)
1333 1025 1461 1059 Darius
1493 1030 1563 1060 ter-

890 1084 967 1106 ram
990 1075 1023 1106 et
1046 1082 1172 1115 aquam
1196 1071 1320 1115 poscit,
1352 1071 1408 1114 51,
1433 1071 1490 1106 48.
1514 1071 1561 1104 cf.

890 1119 968 1161 1‘11,
995 1117 1040 1151 32
1065 1123 1098 1151 et
1122 1116 1188 1150 131
1212 1128 1304 1160 seqq.
1328 1118 1453 1162 Pugna
1483 1117 1564 1150 Ma-

890 1164 1064 1205 rathonia,
1097 1164 1157 1204 VI,
1196 1163 1264 1195 111
1299 1174 1392 1206 seqq.
1436 1163 1564 1197 Darius

891 1221 1018 1243 novam
1089 1209 1340 1252 expeditionem
1396 1209 1560 1242 adversus

893 1256 1045 1289 Graecos
1067 1259 1178 1298 parat,
1201 1255 1322 1297 V11‚1.
1347 1266 1453 1298 quam
1472 1255 1564 1288 Xer-

892 1313 951 1336 xes
977 1300 1129 1344 suscipit,
1163 1311 1192 1332 c.
1228 1300 1352 1336 8-19,
1394 1302 1440 1337 cf.
1487 1299 1563 1339 Vll,

892 1347 962 1381 239
995 1351 1028 1380 et
1060 1358 1134 1389 cap.
1159 1345 1238 1379 138.
1281 1347 1395 1380 Xerxe
1447 1346 1563 1380 adhuc

893 1393 1060 1427 Sardibus
1081 1397 1250 1432 versante,
1275 1392 1401 1425 Graeci
1425 1396 1565 1426 mutuas

893 1438 1092 1473 inimicitias
1128 1437 1336 1479 dissolvunt,
1378 1438 1455 1480 VII,
1496 1435 1564 1471 145

894 1497 966 1528 seq.
1003 1496 1111 1526 eoque
1145 1484 1329 1517 Graeciam
1360 1483 1433 1517 iam
1463 1483 1565 1517 inva-

894 1532 1006 1571 dente,
1030 1530 1090 1563 alii
1106 1541 1224 1562 eorum
1239 1529 1351 1563 Persis
1375 1535 1503 1564 terram
1528 1532 1565 1563 et

893 1588 1020 1619 aquam
1045 1577 1137 1615 dant,
1165 1576 1242 1616 VII,
1267 1574 1346 1608 138.
1371 1576 1416 1608 cf.
1442 1587 1471 1610 c.
1483 1574 1563 1608 178.

893 1622 998 1656 ceteri
1022 1622 1086 1654 hos
1109 1621 1276 1662 Delphico
1300 1622 1364 1653 deo
1387 1621 1564 1654 deciman-

894 1669 956 1701 dos
971 1667 1096 1708 iurant,
1121 1667 1197 1707 VII,
1208 1666 1286 1700 132.
1312 1667 1437 1700 Graeci
1446 1667 1564 1700 Thra-

892 1715 984 1747 ciam
1027 1713 1215 1747 incolentes
1247 1724 1326 1746 cum
1358 1714 1474 1747 Xerxe
1497 1711 1563 1745 mi-

892 1760 1007 1800 litant,
1052 1759 1126 1798 VII,
1171 1757 1251 1794 185.
1282 1759 1327 1792 cf.
1368 1759 1462 1800 vm,
1506 1757 1564 1793 66.

894 1805 1018 1839 Graeci
1044 1805 1190 1838 meliora
1213 1805 1404 1845 sentientes,
1428 1805 1564 1848 legatos

893 1852 930 1885 in
952 1852 1122 1884 Isthmum
1147 1850 1298 1891 mittunt,
1337 1851 1397 1894 qui
1420 1862 1482 1893 pro
1506 1860 1565 1882 sa-

894 1898 966 1931 lute
991 1896 1161 1930 Graeciae
1184 1896 1386 1936 deliberent,
1410 1897 1484 1935 vn,
1494 1895 1563 1928 172

896 1944 945 1976 cf.
967 1941 1044 1975 145.
1081 1941 1204 1985 Argivi
1228 1941 1429 1976 societatem
1453 1942 1563 1975 Grae-

895 1999 1015 2022 corum
1064 1990 1233 2027 recusant,
1277 1999 1308 2020 c.
1352 1987 1420 2021 148
1470 1998 1563 2029 seqq.

895 2036 1108 2067 Graecorum
1142 2033 1250 2076 legati
1276 2033 1311 2065 in
1335 2033 1492 2066 Siciliam
1519 2033 1563 2065 ad

893 2081 1060 2114 Gelonem
1085 2079 1191 2117 missi,
1201 2090 1229 2111 c.
1242 2078 1409 2123 153seqq.
1436 2077 1564 2112 Graeci

895 2137 917 2160 a
940 2126 1145 2169 Corcyraeis
1169 2125 1335 2165 frustrati,
1358 2137 1388 2160 c.
1414 2124 1494 2158 168.
1528 2127 1563 2158 et

895 2184 917 2207 a
939 2172 1170 2212 Cretensibus,
1204 2183 1234 2204 c.
1259 2170 1326 2203 169
1349 2182 1418 2213 seq.
1450 2171 1562 2203 Thes-

894 2219 985 2252 salos
1026 2217 1137 2251 socios
1174 2216 1347 2253 amittunt,
1380 2229 1410 2250 c.
1450 2215 1564 2249 172-

894 2263 973 2299 174.
1009 2265 1201 2299 Decernunt
1230 2263 1274 2296 ad
1306 2262 1565 2306 Thermopylas

895 2315 930 2344 et
953 2309 1179 2343 Artemisium
1203 2309 1391 2342 barbarum
1422 2307 1565 2341 introitu

893 2356 931 2390 in
969 2355 1155 2389 Graeciam
1187 2354 1383 2397 prohibere,
1431 2366 1462 2387 c.
1495 2352 1565 2386 173

895 2413 989 2445 seqq.
1015 2400 1142 2435 Graeci
1154 2401 1198 2434 ad
1207 2400 1465 2444 Thermopylas
1478 2399 1564 2433 Per-

895 2460 973 2483 sam
1005 2450 1215 2491 exspectant,
1254 2446 1322 2479 202
1352 2450 1424 2479 not.
1469 2456 1564 2486 seqq

896 2505 980 2528 mox
1002 2494 1044 2526 de
1064 2497 1204 2534 receptu
1223 2493 1427 2533 consultant,
1454 2503 1482 2524 c.
1496 2490 1565 2523 207

896 2551 955 2582 seq
958 2540 1037 2573 ..cf
1061 2551 1092 2572 c.
1114 2538 1182 2572 219
1206 2549 1298 2581 seqq.
1323 2538 1403 2571 222.
1439 2535 1565 2569 Graeci

896 2552 1098 2629 ΟΙξἮψίοοε
1134 2584 1235 2617 ludos
1273 2587 1402 2628 agunt,
1449 2583 1565 2616 Xerxe

896 2632 1052 2665 Thermo
1054 2631 1154 2674 pylas
1197 2632 1438 2674 expugnante,
1475 2627 1561 2661 VIII

897 2677 954 2711 26.
986 2677 1032 2712 cf.
1066 2676 1139 2719 ἱΠ,
1161 2675 1241 2710 206.
1264 2695 1310 2700 —-
1352 2676 1565 2709 Graecorum

897 2723 1017 2757 classis
1048 2722 1092 2756 ad
1125 2721 1362 2761 Artemisium,
1402 2720 1493 2762 VIII,
1541 2718 1564 2752 1

896 2781 968 2812 seq.
992 2768 1034 2801 de
1055 2779 1155 2811 recep
1159 2772 1195 2801 tu
1227 2767 1271 2801 ad
1301 2767 1471 2801 Isthmum
1504 2765 1564 2799 de-

899 2815 1061 2857 liberant,
1083 2825 1114 2848 c.
1136 2812 1160 2848 4
1182 2812 1561 2856 et18.cf.c.492eqq.
