1839 3292
413 235 482 271 DE
511 233 636 271 VITA
665 232 738 269 ET
769 231 1002 269 SCRIPTIS
1030 232 1310 272 HERODOTI.
1514 239 1598 279 429

122 347 271 385 alterius
297 345 450 383 nomine
479 345 629 383 Archiae
658 345 835 382 enotavit.
892 346 1020 397 Atque
1038 343 1141 381 hunc
1166 342 1328 381 Archiae
1357 359 1386 382 s.
1408 346 1598 386 Sancrofti

120 406 258 441 librum
277 403 414 438 iterum
435 409 562 451 postea
584 401 863 451 diligentissime
885 409 921 438 et
941 402 1215 438 accuratissime
1231 402 1389 438 contulit
1410 403 1596 441 Gaisford.

120 459 238 510 „Inde
258 459 401 494 factum
423 464 498 504 est,
539 459 587 494 ait
616 457 719 494 idem
745 457 932 494 Gaisford.
956 458 1118 495 Praefat.
1142 471 1178 508 p.
1201 459 1369 494 XXXVI
1398 457 1456 495 ed.
1480 460 1595 509 Lips.,

119 523 162 552 ut
179 528 257 551 non
278 514 392 550 modo
415 521 532 550 errata
554 513 741 565 quaedam
762 515 959 562 corrigere,
990 513 1056 550 sed
1076 521 1117 550 ut
1136 514 1315 551 lectiones
1335 513 1438 551 haud
1458 527 1596 565 paucas

117 570 298 608 hactenus
321 572 472 607 omissas
493 583 580 606 cum
601 571 751 620 publico
772 571 1054 606 communicare
1074 571 1276 620 potuerim.
1333 572 1448 607 Plura
1467 571 1513 607 de
1524 570 1596 608 hoc

118 627 248 665 codice
279 626 478 663 edisserere
507 624 601 661 nihil
629 627 772 661 attinet.
828 627 935 662 Licet
965 626 1068 661 enim
1097 628 1286 676 permulta
1304 639 1407 664 nunc
1427 628 1597 677 protule-

116 684 202 732 rim,
235 696 397 735 quorum
418 681 555 718 iudicio
577 683 654 718 eius
671 680 817 717 indoles
841 682 975 718 certius
997 694 1113 732 quam
1133 689 1244 718 antea
1264 684 1496 731 innotescat,
1533 696 1596 720 sa-

116 741 162 777 tis
191 747 320 776 tamen
352 745 516 775 correcte
548 737 595 773 de
625 738 702 774 eius
730 737 956 787 praestantia
986 736 1167 774 iudicasse
1194 737 1289 774 mihi
1317 738 1494 776 videntur
1525 741 1597 777 viri

118 795 266 834 eruditi.
321 796 448 846 Atque
476 794 578 830 istius
601 793 756 844 quidem
784 793 921 830 codicis
948 807 1020 843 ope
1040 807 1118 830 una
1147 808 1235 830 cum
1256 795 1479 833 lectionibus
1500 797 1597 832 alio-

116 865 202 889 rum
228 850 400 888 codicum
416 851 498 901 plus
512 851 684 887 minusve
707 849 906 900 diligenter
927 851 1122 900 excerptis,
1153 851 1267 888 verba
1288 853 1449 889 auctoris
1469 853 1596 903 aliqua

115 909 248 945 saltem
268 921 316 943 ex
334 914 438 957 parte
458 906 505 943 ad
525 908 708 943 veriorem
729 909 951 956 scripturam
971 920 1149 943 revocare
1169 913 1324 944 conatus
1343 910 1466 946 sum.“
1497 909 1595 945 Cum

113 963 285 1001 Mediceo
317 963 446 1000 codice
478 964 670 1015 alteroque
690 964 907 999 Florentino
933 964 1028 999 libro
1049 961 1152 999 haud
1181 976 1266 1000 raro
1298 967 1485 1016 conspirat
1504 978 1596 1015 pro-

113 1020 254 1072 basque
282 1021 460 1056 lectiones
480 1019 605 1067 affert,
632 1034 704 1056 nec
724 1027 852 1056 tamen
869 1020 1172 1070 antiquissimum
1193 1026 1230 1056 et
1259 1022 1447 1071 optimum
1484 1020 1595 1057 dixe-

113 1077 186 1113 rim
199 1075 388 1124 codicem,
420 1083 461 1112 ut
481 1077 604 1126 placet
623 1079 703 1112 viro
735 1075 845 1112 docto
864 1077 904 1111 in
919 1074 1193 1125 Ephemeridd.
1213 1078 1378 1114 lenenss.
1405 1080 1549 1118 181711
1560 1092 1594 1115 r.

116 1135 196 1173 162
215 1147 250 1183 p.
277 1133 370 1173 353.
428 1134 602 1182 Namque
620 1133 969 1182 interpolationibus
997 1146 1075 1168 non
1096 1146 1235 1170 vacuus
1257 1141 1331 1182 est,
1364 1135 1497 1185 quibus
1527 1135 1595 1172 iis-

114 1188 203 1225 dem
232 1202 318 1226 cum
347 1189 491 1225 laboret
537 1189 802 1225 J'z'mlobonensis
837 1188 992 1240 quidam
1021 1190 1127 1237 liber,
1165 1191 1269 1226 cuius
1300 1191 1477 1227 lectiones
1503 1204 1592 1228 cum

112 1246 368 1295 Wesselingio
388 1245 491 1281 fuere
508 1247 827 1294 communicatae,
849 1244 952 1281 haud
971 1246 1047 1282 scio
1067 1259 1115 1281 an
1136 1245 1183 1282 ad
1206 1260 1322 1282 unam
1354 1246 1593 1299 eandemque

112 1302 296 1338 familiam
316 1309 474 1352 uterque
496 1302 616 1338 codex
636 1303 764 1338 referri
787 1301 941 1349 debeat,
973 1303 1038 1337 ubi
1061 1303 1163 1338 enim
1185 1315 1205 1338 a
1227 1302 1410 1351 Mediceo,
1432 1305 1592 1340 Floren-

113 1359 214 1405 tino,
244 1359 323 1394 aliis
345 1357 498 1394 discedit
519 1359 707 1394 Sancrofti
725 1359 839 1404 liber,
862 1371 950 1394 cum
974 1358 1255 1395 Vindobonensi
1275 1360 1370 1396 libro
1392 1361 1592 1410 conspirat.

113 1415 218 1460 Quae
237 1427 327 1451 vero
343 1413 443 1451 hisce
466 1413 656 1451 codicibus
676 1416 895 1451 communia
914 1416 1153 1464 reperiuntur
1172 1415 1324 1462 menda,
1365 1429 1408 1452 ea
1428 1418 1592 1467 reliquo-

112 1484 199 1507 rum
218 1470 393 1507 codicum
415 1470 538 1507 adhuc
564 1473 802 1520 cognitorum
820 1484 892 1520 ope
915 1472 995 1507 tolli
1016 1479 1232 1522 nequeunt,
1259 1484 1378 1522 quum
1399 1472 1446 1508 ad
1466 1475 1591 1523 priora

111 1534 281 1578 tempora
301 1529 488 1578 librosque
508 1529 716 1577 primitivos
736 1528 958 1578 pertineant.
1014 1528 1064 1564 Et
1087 1527 1183 1564 hanc
1209 1529 1255 1564 ob
1277 1541 1428 1565 causam
1448 1530 1498 1566 T.
1518 1531 1535 1565 I
1549 1543 1589 1580 p.

112 1584 194 1623 852
214 1583 262 1620 ad
281 1585 327 1630 11,
353 1586 430 1624 158
449 1583 640 1631 dixeram,
677 1583 794 1621 videri
827 1583 1064 1622 Herodoteos
1085 1584 1231 1621 codices
1257 1583 1381 1622 adhuc
1410 1587 1590 1636 supersti-

110 1646 165 1676 tes
188 1653 236 1675 ex
255 1653 330 1675 una
350 1640 490 1676 familia
511 1640 710 1678 oriundos:
740 1641 811 1677 nisi
830 1640 940 1678 huius
949 1642 1114 1678 familiae
1134 1640 1225 1678 duas
1244 1642 1335 1679 velis
1347 1643 1476 1692 stirpes
1495 1655 1590 1679 con-

109 1697 280 1743 stituere,
310 1709 471 1748 quarum
493 1698 607 1733 altera
628 1697 842 1734 Mediceum
864 1711 906 1734 ac
935 1698 1221 1746 Florentinum,
1256 1699 1372 1735 altera
1406 1699 1590 1736 Sancrof—

109 1754 255 1789 tianum
277 1761 312 1789 et
330 1752 662 1790 vindobonensem
686 1755 824 1791 librum
854 1753 1170 1805 comprehendat:
1203 1767 1436 1806 quamquam
1464 1754 1591 1792 Medi-

110 1811 167 1845 cei
189 1816 225 1845 et
245 1810 451 1846 Florentini
469 1811 509 1845 in
522 1809 625 1847 haud
645 1811 773 1860 paucis
793 1811 883 1847 locis
907 1812 1060 1861 reperiri
1079 1811 1350 1848 dissensionem
1379 1810 1483 1847 haud
1502 1825 1589 1848 sum

109 1867 270 1905 nescius.
327 1867 426 1902 Hinc
463 1873 536 1903 tres
567 1866 743 1903 codicum
773 1867 905 1903 classes
937 1867 1114 1917 distingui
1147 1869 1228 1905 vult
1257 1881 1390 1904 censor
1420 1869 1588 1905 lenensis

111 1921 239 1969 (1817
259 1935 316 1958 nr.
342 1924 416 1961 161
439 1936 477 1972 p.
499 1923 611 1971 352),
643 1930 825 1974 quatenus
845 1924 898 1959 illi
923 1924 1001 1960 scil.
1023 1925 1143 1973 magis
1163 1923 1211 1960 ad
1230 1925 1420 1972 Ionicam,
1441 1925 1589 1974 epicam

111 1990 154 2014 ac
174 1978 368 2028 vulgarem
397 1977 597 2014 dialectum
625 1980 820 2016 inclinant.
879 1981 964 2029 Ego
993 1980 1115 2015 nolim
1139 1980 1230 2016 certi
1259 1979 1351 2031 quid
1382 1982 1420 2016 in
1441 1979 1497 2017 his
1519 1980 1589 2017 de-

109 2033 231 2081 finire,
255 2047 351 2085 quae
373 2047 489 2085 quam
507 2036 649 2072 lubrica
671 2043 707 2072 et
727 2037 869 2072 incerta
892 2037 988 2084 sint,
1021 2049 1136 2072 nemo
1162 2049 1241 2072 non
1260 2037 1447 2086 intelligit.

222 2092 280 2126 De
314 2091 438 2127 Veneto
468 2090 617 2139 codice,
647 2094 752 2128 cuius
777 2093 958 2129 lectiones
987 2092 1170 2144 quasdam
1196 2105 1216 2128 e
1247 2093 1400 2128 Zanetti
1429 2092 1587 2143 catalog.

108 2147 208 2184 Bibl.
231 2146 272 2183 S.
292 2148 410 2183 Marci
429 2148 478 2186 T.
495 2149 530 2183 II
548 2162 585 2198 p.
601 2150 675 2188 169
697 2148 850 2185 exhibet
869 2150 1114 2199 Wesselingii
1134 2148 1246 2185 editio
1266 2162 1386 2200 usque
1411 2147 1458 2185 ad
1478 2150 1507 2196 I,
1521 2152 1586 2197 32,

109 2204 216 2253 plura
245 2204 420 2253 nuspiam
453 2206 573 2254 reperi
602 2212 743 2242 notata.
800 2207 946 2253 Restat,
976 2213 1019 2242 ut
1049 2205 1096 2241 de
1124 2206 1300 2241 Parisinis
1316 2204 1426 2243 codd.
1450 2204 1587 2252 dicam,

111 2272 272 2310 quorum
291 2266 364 2296 tres
384 2261 423 2295 in
443 2261 685 2310 Wesselingii
705 2275 815 2298 usum
836 2263 990 2299 collatos
1011 2269 1047 2299 et
1065 2263 1104 2298 in
1126 2263 1203 2298 eius
1219 2260 1381 2298 editione
1395 2260 1587 2299 distinctos

110 2315 322 2352 invenimus
351 2317 465 2366 signis
491 2318 539 2354 A.
563 2318 607 2355 Β.
631 2318 674 2354 C.
729 2320 862 2370 Neque
891 2331 981 2355 vero
1009 2319 1095 2355 satis
1116 2325 1329 2354 accuratam
1349 2331 1427 2354 esse
1447 2316 1586 2354 horum

110 2371 347 2407 voluminum
367 2373 617 2420 collationem,
647 2375 726 2424 ipse
744 2375 1020 2425 VVesselingius
1039 2377 1114 2410 iam
1138 2381 1364 2426 conquestus
1380 2381 1457 2410 erat
1473 2387 1483 2421 3
1503 2381 1587 2424 post

113 2439 228 2477 quem
254 2426 460 2465 Larcherus
489 2430 528 2465 in
558 2433 836 2468 commentariis
865 2433 939 2468 suis
975 2433 1118 2468 Gallico
1147 2443 1321 2467 sermone
1342 2430 1390 2466 ad
1410 2429 1587 2467 Herodo-

111 2490 194 2519 tum
210 2485 422 2534 conscriptis
441 2487 641 2522 nonnullas
661 2485 723 2523 hic
752 2488 828 2524 illic
847 2488 1026 2524 lectiones
1049 2502 1096 2524 ex
1115 2486 1250 2524 iisdem
1269 2488 1405 2524 attulit.
1460 2488 1586 2523 Accu-

111 2540 225 2576 ratius
244 2540 327 2575 illos
346 2553 421 2576 una
441 2554 529 2578 cum
543 2543 658 2579 tribus
679 2544 757 2579 aliis
778 2541 1128 2593 Schweighaeuseri
1149 2550 1282 2593 rogatu
1306 2543 1464 2580 contulit
1484 2544 1585 2580 Gor-

111 2595 251 2644 giades,
273 2596 436 2632 Graecus
455 2596 584 2647 homo,
601 2642 608 2646 .
622 2601 889 2651 variarumque
903 2601 1196 2651 uniuscuiusque
1215 2598 1353 2636 codicis
1377 2599 1584 2637 lectionum

110 2652 255 2688 libellos
274 2659 461 2701 separatos
481 2653 841 2706 Schweighaeusero
862 2657 1075 2703 transmisit,
1104 2657 1144 2691 in
1165 2657 1268 2692 cuius
1289 2655 1490 2692 editionem
1505 2663 1583 2693 tota

110 2706 205 2744 haec
235 2709 383 2744 collatio
403 2717 551 2759 recepta
572 2719 648 2760 est3
678 2726 802 2764 neque
817 2719 945 2748 tamen
964 2713 1024 2748 vel
1039 2713 1090 2749 sic
1112 2711 1247 2748 desunt
1265 2712 1358 2760 loci,
1387 2712 1427 2748 in
1447 2713 1582 2764 quibus

111 2763 204 2815 quid
231 2765 270 2800 in
298 2762 371 2800 hoc
400 2765 478 2801 sive
504 2766 567 2803 illo
589 2768 683 2806 libro
703 2770 938 2815 inveniatur,
969 2767 1103 2804 dubius
1124 2767 1276 2804 haereas
1305 2772 1523 2819 praesertim
1541 2770 1582 2804 in

110 2820 266 2871 singulis
297 2819 522 2873 quibusdam
551 2823 702 2876 formis,
730 2825 1077 2874 terminationibus,
1109 2825 1188 2863 aliis
1214 2823 1433 2863 huiusmodi
1457 2826 1581 2873 rebus,
