1839 3292
482 202 946 241 CALLIOPE.
1008 202 1086 239 IX.
1326 205 1410 244 285

153 316 261 362 εἶναι
287 313 479 357 Ἀσωποῦ
512 313 556 355 οἵ
583 310 815 367 ἐπιχώριοι.
867 309 935 362 Ἐς
963 312 1121 354 τοῦτον
1150 310 1203 366 δή
1233 309 1312 354 τὸν
1329 314 1413 366 χῶ-

153 399 233 439 ρον
261 380 575 437 ἐβουλεύσαντο
605 382 944 435 μεταναστῆναι,
979 380 1052 423 ἵνα
1090 379 1164 422 καὶ
1202 378 1330 422 ὕδατι
1368 378 1409 421 ἔ-

150 460 255 506 χωσι
283 453 473 504 χρᾶσθαι
503 446 713 504 ἀφθόνῳ,
745 447 819 490 καὶ
848 448 892 489 οἱ
920 447 1064 497 ἱππέες
1094 446 1230 501 σφέας
1259 444 1317 502 μή
1349 456 1410 489 σι-

124 519 328 569 4νοίατο,
359 515 501 570 ὥσπερ
531 514 630 558 κατ’
671 513 748 557 ἰθὺ
778 512 950 557 ἐόντων.
1010 514 1337 569 μετακινέεσθαί
1365 529 1408 556 τε
1423 519 1465 554 15

153 582 295 628 ἐδόκεε
324 582 418 627 τότε
446 582 575 627 ἐπεὰν
588 585 664 638 τῆς
687 581 847 633 νυκτός
874 576 904 639 ᾖ
934 582 1111 637 δευτέρη
1133 580 1319 638 φυλακή,
1351 581 1410 632 ὥς

93 777 242 808 secutus
262 767 458 819 Stanhope
489 767 529 804 in
549 768 644 804 libro
664 768 751 804 lau-

94 826 182 864 dato
201 839 287 877 pag.
307 829 375 866 71.
397 827 450 863 72
481 825 649 876 aliosque
680 823 752 860 do-

93 890 171 920 ctos
186 883 329 933 Anglos
342 882 540 932 ,itemque
559 883 751 917 Letronne

93 940 116 976 l.
150 952 262 990 supra
291 939 317 974 l.
338 952 377 988 Ρ.
407 940 488 977 722
511 951 616 989 seqq.
638 944 751 989 atque

94 996 190 1035 Gail
212 992 287 1048 (Le
299 993 431 1045 philol.
452 994 503 1030 IV
522 1008 559 1045 p.
582 996 661 1034 360
671 1007 752 1045 seq.

93 1052 173 1102 Vp.
185 1054 265 1092 288
277 1049 477 1103 seq.)Add.
494 1051 536 1087 C.
550 1052 594 1087 0.
605 1051 754 1086 Miiller.

96 1107 324 1159 Orchomeu.
358 1120 446 1157 pag.
469 1105 564 1146 488.
612 1107 754 1158 Sequi-

96 1171 157 1201 tur
182 1172 310 1201 autem
331 1165 469 1200 Oeroes
502 1163 603 1200 rivus
639 1164 753 1199 aliam

95 1234 246 1271 prorsus
266 1228 378 1271 atque
395 1221 553 1269 Asopus,
575 1218 753 1256 directio-

96 1290 188 1313 nem
222 1279 411 1328 marisque
440 1277 479 1311 in
508 1277 652 1324 sinum,
688 1277 754 1327 qui

98 1341 153 1370 est
173 1346 291 1384 prope
310 1331 530 1370 Livadostro
543 1362 553 1380 ‚
581 1339 623 1368 ut
650 1346 752 1368 nunc

98 1391 308 1440 appellant,
347 1389 477 1426 effluit.
535 1388 645 1438 Asopi
683 1401 754 1424 au-

97 1453 177 1483 tem
196 1446 279 1483 fons
306 1458 383 1482 non
410 1447 450 1481 in
483 1445 579 1495 iugis
600 1443 754 1481 Cithae-

98 1503 198 1539 ronis
235 1503 363 1554 quaeri
385 1500 515 1549 debet,
546 1500 649 1537 unde
679 1502 754 1538 sci-

97 1559 184 1595 licet
201 1559 263 1594 ille
283 1557 479 1595 delabatur
497 1559 536 1593 in
557 1557 754 1609 planitiem

97 1622 139 1651 ut
160 1614 315 1667 quidam
351 1615 444 1651 olim
474 1614 567 1651 falso
588 1613 754 1651 tradide-

97 1679 186 1708 runt
201 1700 211 1719 ,
246 1670 312 1708 sed
334 1671 374 1707 in
409 1672 489 1722 ipsa
510 1671 664 1722 planitie
684 1672 752 1708 sub

97 1735 292 1777 montem,
325 1726 429 1764 unde
462 1726 564 1764 haud
591 1729 642 1764 ita
662 1741 754 1777 pro—

98 1785 161 1821 cul
179 1785 305 1821 sacelli
334 1783 530 1821 cuiusdam
549 1785 755 1821 inveniun-

100 1847 159 1877 tur
197 1842 389 1892 reliquiae.
454 1842 517 1877 Ex
553 1854 630 1892 quo
670 1842 754 1878 loco

99 1898 199 1933 rivus
217 1898 510 1947 septentrionem
531 1905 644 1949 atque
664 1911 757 1934 mox

101 1955 215 1989 etiam
231 1955 414 1990 orientem
434 1967 560 1991 versus
578 1967 756 2004 progres-

99 2023 161 2046 sus
183 2009 459 2046 Thebanorum
491 2023 598 2060 agros
620 2012 712 2046 olim
733 2023 755 2047 a

99 2067 311 2102 Plataeensi
361 2066 500 2103 ditione
535 2068 752 2118 separabatr,

100 2121 238 2159 deinde
259 2124 298 2159 in
318 2125 451 2174 Euripi
479 2125 604 2160 sinum
639 2137 753 2175 aquas

99 2180 228 2216 volvit.
247 2181 435 2217 Accurate
468 2179 596 2217 docuit
617 2180 754 2217 Clarke

101 2235 258 2272 Travels
267 2237 314 2283 ΙΙ,
337 2240 359 2276 3
372 2251 408 2287 p.
424 2239 475 2277 78
486 2250 578 2288 seq.,
593 2236 639 2273 de
650 2239 755 2288 prio-

102 2303 188 2327 rum
209 2291 405 2329 doctorum
428 2294 599 2330 virorum
630 2307 755 2330 errore

104 2359 280 2395 mouens,
302 2363 421 2401 quum
436 2351 515 2399 ipse
530 2352 645 2401 Asopi
668 2351 758 2387 fon-

106 2408 183 2438 tem
208 2405 382 2442 inviseret
422 2408 568 2459 rivique
603 2421 756 2444 cursum

106 2469 399 2511 persequeretur.

163 2516 358 2567 θυγατέρα
390 2517 432 2557 δὲ
460 2516 611 2570 ταύτην
634 2541 688 2549 -
719 2520 761 2560 οἱ

108 2569 318 2621 ἕπιχῶοιοι]
337 2575 512 2614 Observat
528 2578 584 2613 W
587 2578 757 2626 esseling,

106 2628 145 2662 in
169 2627 368 2666 duodecim
378 2632 494 2683 Asopi
513 2632 657 2670 filiabus
672 2635 756 2670 nul-

106 2684 182 2719 lam
204 2687 355 2734 reperiri
372 2687 506 2726 Oeroes
517 2692 755 2727 mentionem

107 2739 208 2790 apud
237 2741 390 2781 Diodor
429 2745 504 2789 IV,
542 2750 596 2786 72
629 2761 754 2798 neque

107 2796 206 2846 apud
227 2798 501 2848 Apollodorum
528 2803 607 2850 ΠΙ,
642 2806 686 2842 11
712 2806 749 2849 ξ.

809 767 848 808 5.
870 790 922 796 -
954 769 999 804 In
1020 780 1147 819 seqq.‚
1182 766 1248 804 ubi
1280 772 1365 817 post
1397 764 1465 805 ἵνα

806 825 976 876 sequitur
1006 825 1268 861 coniunctivus
1299 820 1465 873 (ἔχωσι),

809 894 925 933 quem
959 894 1052 918 mox
1092 881 1232 930 excipit
1279 875 1467 930 optativus

809 937 1033 987 (σινοίατο),
1054 944 1097 974 tu
1117 936 1203 974 vide
1219 935 1266 973 de
1286 935 1359 973 hac
1378 948 1467 972 mo-

808 993 945 1031 dorum
981 995 1188 1031 variatione
1229 992 1364 1031 Matth.
1398 993 1467 1029 Gr.

808 1052 875 1091 Gr.
898 1052 934 1096 ξ.
965 1050 1067 1098 518,
1098 1053 1144 1098 1,
1166 1049 1192 1090 4
1212 1063 1301 1101 pag·
1322 1047 1403 1090 994
1432 1055 1469 1085 et

809 1108 857 1144 G.
891 1109 1100 1144 Hermann.
1134 1106 1183 1143 ad
1216 1107 1345 1156 Viger.
1376 1118 1466 1156 pag.

809 1163 902 1204 851.
931 1165 1006 1200 Pro
1028 1159 1175 1202 κατιθῦ
1190 1163 1320 1213 scripsi
1338 1157 1421 1201 κατ’
1438 1162 1468 1200 ἰ-

808 1217 885 1264 θύ,
929 1219 1032 1272 quod
1075 1221 1191 1256 etiam
1225 1220 1466 1256 Florentinus

808 1277 903 1312 liber
948 1276 1142 1314 offerebat.
1207 1276 1348 1313 Sensus
1388 1282 1466 1312 est:

810 1334 918 1369 sicuti
938 1335 1029 1377 (scil.
1041 1334 1143 1379 laesi,
1154 1333 1314 1369 lacessiti
1331 1333 1465 1380 erant),

810 1389 891 1425 dum
906 1392 1037 1438 equites
1052 1392 1138 1440 ipsis
1164 1402 1207 1426 θα,-
1229 1389 1374 1426 adverso
1390 1392 1469 1426 sta-

810 1446 906 1482 baut.

865 1498 1026 1553 δευτέρη
1070 1497 1257 1551 φυλακή]
1305 1500 1469 1538 Secunda

810 1560 919 1595 noctis
948 1557 1135 1594 indicatur
1164 1558 1320 1607 vigilia,
1351 1570 1468 1609 quam

810 1628 831 1650 a
851 1621 979 1651 nostra
996 1613 1090 1651 hora
1109 1627 1211 1651 nona
1232 1621 1297 1651 aut
1317 1613 1467 1651 decima

809 1672 1017 1722 incoepisse
1039 1678 1075 1708 et
1095 1684 1215 1723 usque
1242 1670 1291 1707 ad
1323 1670 1469 1707 duode-

809 1729 950 1764 cimam
978 1727 1115 1765 horam
1133 1730 1211 1766 sive
1232 1727 1281 1764 ad
1300 1727 1470 1764 mediam

809 1798 930 1834 usque
963 1792 1117 1821 noctem
1161 1784 1314 1822 credam
1349 1786 1470 1835 perti-

810 1843 962 1889 nuisse,
1046 1841 1235 1893 siquidem
1280 1842 1470 1878 veteribus

813 1899 965 1934 Graecis
994 1904 1087 1935 'teste
1107 1900 1265 1935 Polluce
1296 1900 1335 1945 1,
1367 1901 1407 1938 7.
1433 1900 1471 1938 8.

812 1956 852 1991 in
874 1961 946 1990 tres
962 1952 1142 2003 φυλακάς
1156 1955 1273 1992 divisa
1290 1962 1369 1991 erat
1381 1967 1472 2002 nox,

812 2024 975 2062 quarum
997 2012 1118 2061 prima
1144 2013 1258 2048 etiam
1280 2010 1475 2048 dicebatur

812 2065 911 2119 α’ρχη
936 2065 1077 2115 νυκτός
1101 2069 1178 2105 sive
1199 2066 1289 2118 περὶ
1309 2063 1474 2119 πρώτην

810 2121 953 2170 νυκτός
985 2138 1014 2161 s-
1054 2121 1197 2170 νυκτὸς
1235 2121 1468 2187 ἀρχομένης,

808 2181 975 2219 secunda
996 2177 1195 2232 μεσούσης
1213 2179 1369 2227 νυκτός.
1394 2182 1469 2217 Ro-

809 2240 932 2275 manis
954 2251 1022 2288 per
1041 2245 1195 2274 noctem
1218 2244 1380 2289 quatuor
1408 2238 1468 2274 vi-

809 2296 917 2345 gilias
936 2295 1049 2331 fuisse
1083 2301 1242 2331 constat.
1298 2295 1388 2344 Egit
1420 2293 1466 2330 de

810 2353 946 2402 vigiliis
1001 2350 1270 2388 constituendis
1318 2352 1468 2387 Aeneas

812 2409 961 2446 Tactic.
990 2421 1072 2459 cap.
1095 2411 1168 2456 213
1209 2409 1319 2458 plura
1338 2406 1385 2443 de
1409 2406 1467 2443 his

814 2465 960 2502 dabunt
979 2467 1169 2502 wetsten.
1199 2463 1246 2500 ad
1267 2465 1313 2502 N.
1335 2465 1415 2500 Τ.Ι
1433 2478 1474 2515 p.

814 2522 909 2562 416.
943 2523 1078 2558 Cellar.
1108 2523 1165 2557 De
1201 2521 1346 2570 Vigiliis
1377 2521 1415 2565 ξ.
1449 2523 1474 2560 6

814 2591 901 2628 pag.
925 2580 1003 2619 597
1024 2579 1120 2614 Diss.
1136 2576 1281 2614 Acadd.
1295 2577 1475 2614 coll-Xe-

814 2634 932 2684 noph.
954 2634 1166 2673 Memorab.
1183 2634 1254 2681 IV,
1275 2636 1313 2678 7,
1334 2632 1360 2672 4
1380 2634 1474 2685 ibiq.

809 2692 964 2741 interpr.
985 2690 1047 2727 Ad
1067 2703 1227 2741 sequens
1247 2687 1301 2736 οἷς
1324 2685 1374 2728 c'iv
1388 2690 1468 2727 vid.

810 2749 883 2794 IX,
914 2751 966 2788 22
988 2754 1023 2783 et
1053 2746 1100 2783 ad
1134 2748 1365 2783 locutionem
1385 2743 1467 2786 ὖπὸ

810 2801 884 2855 τὴν
908 2801 1032 2843 νύκτα
1053 2811 1149 2841 nott.
1172 2802 1219 2841 ad
1238 2804 1314 2853 IX,
1336 2803 1403 2845 58.
