1839 3292
524 242 867 280 URANIA.
923 242 1055 280 V111.

1341 245 1422 285 137

170 355 279 399 λάδα
306 352 335 407 ἢ
364 349 498 393 αὐτὸν
526 354 666 401 καλῶς
693 353 938 405 τελευτῆσαι
967 348 1044 393 τὸν
1071 349 1183 405 βίον,
1214 347 1324 403 ὑπὲρ
1347 367 1422 405 με-

169 421 309 478 γάλων
339 417 633 473 αἰωρηθέντα·
664 419 793 460 πλέον
818 417 963 472 μέντοι
986 417 1113 472 ἔφερέ
1143 418 1185 460 οἷ
1212 415 1239 472 ἡ
1268 417 1420 474 γνώμη

166 484 510 541 κατεργάσασθαι
529 485 607 540 τὴν
629 484 834 529 Ἑλλάδα·
866 484 1151 540 λογισάμενος
1175 479 1237 527 aiv
1268 489 1418 536 ταῦτα,
1429 492 1476 527 75

139 553 409 608 Ξπροσέφερε
439 552 514 595 τὸν
543 552 674 608 λόγον
691 552 836 595 τόνδε·
869 552 1112 604 ,,Δε’σποτα,
1142 551 1245 607 μήτε
1265 552 1432 608 kuwet),-

165 621 297 676 ,μήτε
327 620 556 675 συμφορὴν
589 621 802 676 μηδεμίαν
831 618 1020 675 μεγάλην
1048 623 1180 662 ποιεῦ
1194 623 1322 663 τοῦδε
1340 623 1421 662 τοῦ

166 687 419 744 ,,γεγονότος
447 688 609 729 εἵνεκεν
639 686 903 742 πρήγματος.
935 685 989 730 οὐ
1018 686 1103 741 γάρ
1133 685 1276 737 ξύλων
1298 685 1419 741 ἀγών

168 755 223 809 ,,ὁ
261 754 309 798 τὸ
348 758 434 797 πᾶν
473 754 621 808 φέρων
661 754 746 797 ἐστὶ
777 753 903 809 ἡμῖν,
949 752 1040 796 ἀλλ’
1065 752 1242 808 ἀνδρῶν
1272 769 1315 796 τε
1344 754 1419 796 καὶ

141 824 359 875 3,,ἴππων.
403 820 470 863 σοὶ
511 821 555 864 δὲ
595 819 692 864 οὔτε
731 838 809 871 τις
825 821 992 864 τούτων
1021 825 1106 863 τῶν
1135 821 1184 863 τό
1223 814 1312 862 πᾶν
1343 828 1476 876 σφι80

165 890 274 945 ,χῆδη
305 887 545 931 δοκεόντων
575 889 868 944 κατεργάσθαι
895 888 1062 943 ἀποβὰς
1092 887 1178 931 ἀπὸ
1201 891 1289 930 τών
1307 894 1419 930 νεών

165 955 437 1012 ,,πειρήσεται
455 954 734 1012 ἀντιωθῆναι,
767 955 854 999 οὔτ’
885 956 931 1000 ἐκ
960 960 1035 1011 τῆς
1062 955 1247 1012 ἠπείρου
1276 957 1418 1011 τῆσδε·

137 1026 216 1067 4οἴ
239 1040 284 1067 τε
312 1022 415 1078 ἡμῖν
442 1023 734 1080 ἠντιώθησαν,
763 1024 920 1068 ἔδοσαν
949 1026 1085 1074 δίκας.
1142 1025 1199 1066 Et
1228 1023 1306 1076 μέν
1334 1039 1420 1066 νυν

164 1091 348 1146 ,,δοκέει,
386 1089 539 1134 αὐτίκα
584 1091 835 1147 πειρώμεθα
864 1095 935 1147 τῆς
973 1088 1337 1144 Πελοποννήσου·
1382 1090 1419 1132 εἰ

167 1159 241 1212 »δὲ
263 1159 336 1201 καὶ
368 1158 506 1202 δοκέει
535 1159 739 1214 ἐπισχεῖν,
777 1159 948 1212 παρέχει
979 1158 1142 1201 ποιέειν
1170 1161 1319 1200 ταῦτα.
1358 1156 1415 1213 μὴ
1431 1165 1475 1198 85

169 1226 243 1278 ,,δὲ
273 1226 510 1283 δυσθύμει*
542 1226 595 1271 οὐ
627 1225 710 1283 γάρ
732 1226 1014 1282 ἐστι”Ελλησι
1045 1223 1225 1281 οὐδεμία
1245 1225 1417 1275 ἔκδυσις

111 1413 134 1451 δ
148 1408 211 1450 ώσ
226 1426 266 1451 ει
292 1434 343 1440 —
363 1409 483 1450 καίοῖ
503 1407 665 1461 κρέσσον
684 1407 762 1461 εἴη

109 1468 185 1506 vid.
201 1470 278 1506 citt.
298 1467 345 1505 ad
361 1469 413 1513 V,
444 1468 507 1506 97.

165 1522 266 1575 ὑπὲρ
294 1519 471 1575 μεγάλων
492 1519 761 1572 αἰωρηθέντα]

109 1580 132 1616 i.
164 1594 195 1620 e,
237 1592 436 1630 suspensum
464 1579 504 1615 de
541 1579 702 1626 magnis,
733 1591 761 1617 s.

111 1637 173 1674 cui
189 1635 234 1672 de
248 1637 396 1687 magnis
416 1636 525 1671 rebus
543 1635 589 1670 sit
611 1634 762 1684 pericli-

109 1692 281 1740 tandum,
303 1694 532 1744 speincerta.
563 1690 764 1740 Schweig-

110 1747 312 1786 haeuserus
363 1747 505 1785 reddit:
555 1759 763 1796 magnarum

112 1818 225 1842 rerum
258 1819 314 1854 spe
341 1806 491 1849 elat11m;
531 1817 606 1855 quo
627 1803 763 1840 eodem

115 1869 296 1912 spectant,
311 1875 407 1914 quae
424 1860 491 1897 We
502 1861 703 1908 sselingi
714 1874 735 1896 ιι
747 1875 763 1896 s

115 1917 164 1954 ad
193 1917 233 1954 h.
262 1919 288 1954 l.
324 1917 536 1967 adscripsit:
567 1918 765 1965 ⁷,Nimium

113 1987 193 2011 sese
241 1986 283 2010 ac
330 1975 534 2010 insolenter
580 1974 764 2009 extulerat

113 2029 330 2067 Mardonius
352 2061 361 2079 ‚
419 2025 654 2078 φυσώμενος
700 2028 768 2069 καὶ

119 2085 312 2137 μετέωρον
365 2082 558 2141 ᾖωρηκώς
607 2083 766 2134 ἑαυτὸν,

113 2144 171 2179 uti
190 2141 300 2179 Philo
331 2142 413 2179 Iud.
443 2145 500 2178 De
530 2144 699 2179 Insomn.
730 2156 768 2192 p.

116 2201 222 2238 1110
242 2201 287 2236 Ε.
312 2200 399 2235 Tali
419 2200 571 2248 ingenio
592 2197 765 2235 homines

116 2251 326 2305 ἅνθρωποι
350 2260 482 2301 κεναῖς
502 2252 767 2306 αἰωρούμενοι

116 2306 244 2357 δόξαις
274 2313 313 2347 in
344 2311 511 2348 eiusdem
547 2313 654 2349 libro.
708 2313 766 2348 De

116 2367 268 2403 Temul.
288 2381 375 2419 pag.
388 2368 481 2409 245.
499 2369 568 2404 C.“
598 2369 768 2405 Verbum

118 2421 349 2470 αἰωρεῖσθαι
394 2426 543 2475 proprie
582 2426 770 2475 navigan-

118 2478 213 2514 tium
229 2486 282 2515 est
296 2507 306 2523 ‚
336 2482 400 2532 qui
419 2483 456 2516 in
480 2482 554 2517 alto
575 2489 770 2518 versantur

117 2535 214 2570 mari
253 2542 364 2586 atque
406 2537 587 2574 fluctuant
624 2539 770 2585 incerti,

118 2588 195 2626 huc
232 2591 320 2627 illuc
362 2593 506 2642 iactati3
536 2593 638 2630 unde
677 2608 771 2631 mox

120 2645 167 2682 ad
191 2659 253 2683 eos
269 2649 515 2699 translatum,
550 2652 614 2702 qui
635 2652 768 2688 animis

118 2702 303 2739 fluctuant
350 2705 481 2742 incerti
525 2709 770 2759 suspensique

117 2756 192 2796 huc
212 2760 301 2795 illuc
321 2761 515 2801 iactantur.
548 2763 654 2800 conf.
675 2771 772 2800 nott.

120 2814 169 2852 ad
218 2815 411 2855 Plutarch.
451 2819 635 2856 Alcibiad.
682 2833 772 2872 pag.

818 1409 898 1448 219
928 1420 1007 1458 seq.
1028 1405 1076 1443 ad
1095 1404 1230 1457 Pyrrh.
1251 1420 1290 1457 p.
1311 1408 1404 1454 226,
1427 1405 1474 1442 ad

817 1463 1057 1515 Philopoem.
1078 1476 1163 1513 pag.
1185 1463 1253 1503 58.

875 1516 924 1559 ου’
944 1517 1017 1573 γάρ
1031 1516 1156 1566 ξύλων
1174 1514 1283 1569 οἷγών
1297 1514 1318 1555 ὁ
1335 1512 1379 1554 'co'
1393 1518 1479 1554 πᾶν

819 1575 952 1627 φέρων
983 1575 1062 1615 ἐστὶ
1095 1574 1210 1625 ἡμῖν]
1242 1573 1479 1622 ΣΨΕεεεΙίυς.

817 1639 1012 1683 comparat
1048 1632 1245 1682 epistolam
1287 1628 1477 1665 Mardonii

818 1689 866 1726 ad
880 1691 1041 1726 Graecos
1063 1687 1164 1739 apud
1177 1684 1370 1724 Plutarch.
1387 1686 1478 1721 Ari-

818 1745 903 1783 stid.
930 1760 988 1797 cp.
1022 1749 1072 1785 10
1100 1758 1187 1795 pag.
1213 1742 1296 1785 324
1323 1743 1378 1784 C„
1410 1742 1478 1778 ubi

817 1804 997 1852 leguntur
1044 1803 1180 1840 verba:
1246 1793 1478 1848 νενικήκατε

820 1859 1057 1905 θαλασσίοις
1101 1855 1232 1905 ξύλοις
1271 1855 1478 1906 χερσαίους

821 1911 1131 1966 ἅνθρώπους-
1151 1911 1192 1952 τό
1205 1914 1286 1951 πᾶν
1315 1911 1478 1961 φέρεινε

822 1970 1204 2021 Schweighaeuserus
1254 1980 1478 2018 comparans

821 2028 963 2065 Herod.
985 2029 1082 2074 VIII,
1109 2030 1172 2073 62,
1190 2027 1478 2075 interpretatur:

824 2088 937 2122 omnia
993 2083 1104 2120 alicui
1136 2082 1307 2132 conferre,
1358 2081 1480 2117 maa-z·-

823 2155 915 2179 mum
944 2145 976 2177 et
1009 2140 1090 2191 fere
1127 2143 1238 2175 totum
1276 2140 1479 2173 momentum

823 2198 989 2248 conferre.
1006 2217 1059 2224 —
1090 2196 1135 2231 In
1158 2207 1263 2246 seqq.
1285 2206 1353 2243 pro
1374 2193 1481 2241 vulg.

823 2249 1141 2305 κατεργάσασθαι
1169 2281 1180 2298 ,
1229 2249 1332 2301 quod
1391 2261 1482 2285 cum

824 2310 1030 2349 Schaefero
1069 2309 1190 2345 tenuit
1221 2304 1429 2352 Matthiae,
1459 2318 1481 2340 e

823 2367 1040 2405 Florentino
1065 2366 1220 2416 aliisque
1256 2362 1381 2412 recepi
1411 2376 1484 2398 κα-

824 2420 1062 2476 τεργάσθαι,
1094 2420 1197 2473 quod
1221 2419 1324 2456 idem
1352 2419 1484 2455 fecisse

825 2481 938 2520 video
960 2477 1199 2515 Bekkerum.

882 2531 1114 2585 πειρώμεθα
1125 2536 1195 2583 τῆς
1219 2525 1484 2577 Πελοποννή-

829 2596 918 2643 σου]
935 2591 1018 2631 vid.
1033 2593 1141 2627 allata
1153 2587 1271 2634 adIV‚
1284 2589 1336 2627 80
1346 2593 1382 2623 et
1393 2583 1484 2623 add.

825 2652 893 2697 IX,
925 2649 992 2688 46.
1015 2650 1076 2687 18.
1133 2645 1302 2682 Verbum
1323 2640 1484 2694 παρέχει

828 2707 1018 2756 attigimus
1049 2715 1161 2752 supra
1182 2699 1229 2737 ad
1249 2701 1356 2747 VIII,
1387 2702 1425 2739 8.

885 2757 934 2802 ου’
965 2756 1040 2811 γάρ
1075 2758 1154 2798 ἐστι
1172 2754 1338 2807 ‘'El-Ama
1369 2751 1488 2794 οὔδε-

829 2816 900 2871 μία
940 2816 1116 2865 ἔκδυσις,
1163 2810 1218 2867 μή
1261 2808 1310 2853 οὗ
1345 2808 1489 2857 δόντας
