1839 3292
249 227 336 268 436
810 227 1194 266 ΟΟΜΜΕΝΤΑΤΙΟ

248 339 333 378 tulit
348 339 532 392 interpres
552 352 653 377 nova
674 336 723 376 ad
743 351 801 376 res
821 339 868 375 ab
889 336 1085 376 Herodoto
1106 346 1273 377 narratas
1292 338 1530 378 illustrandas
1556 353 1743 393 perquam

248 404 336 449 apta
356 404 470 450 atque
490 398 609 443 utilia,
630 397 680 432 ita
697 394 801 432 haud
824 408 906 432 raro
926 396 1039 432 nimis
1055 396 1234 433 verbosus
1255 403 1310 433 est
1332 404 1368 433 et
1388 397 1504 434 modo
1529 410 1573 434 ea
1593 399 1741 448 repetit,

247 467 346 507 quae
364 456 441 490 iam
462 455 633 505 priorum
652 454 927 503 Interpretum,
958 451 1223 490 Valckeuaerii
1250 453 1490 504 potissimum
1517 467 1562 492 ac
1580 455 1743 493 Wesse-

245 511 354 562 lingii
374 511 471 548 curis
484 539 493 557 ‚
516 510 628 545 allata
649 515 771 548 eraut.

358 569 398 606 2.
429 567 559 603 Altera
577 565 723 602 Gallica
742 565 864 603 versio
885 564 954 602 viri
971 563 1073 602 docti
1093 563 1202 613 Miot,
1225 560 1269 615 ἐ)
1302 565 1343 602 ἰῐι
1371 566 1528 617 singulis
1556 565 1741 605 Herodoti

244 624 367 662 verbis
388 621 591 659 reddendis
610 623 731 659 multo
753 623 975 669 accuratior,
996 623 1185 672 scriptoris
1205 624 1431 659 sententiam
1452 623 1549 660 bene
1569 625 1742 674 plerum-

244 694 320 732 que
351 680 510 730 exponit
540 692 583 715 ao
604 686 798 730 praeterea
812 680 852 715 in
873 680 970 716 notis
992 677 1182 730 quaedam
1203 678 1312 716 affert
1329 679 1377 716 ad
1399 679 1583 717 Herodoti
1599 681 1741 717 intelli-

242 737 414 788 gentiam
435 737 636 773 meliorem
656 735 767 773 valde
798 735 1108 784 accommodata,
1161 736 1297 788 quibus
1327 737 1525 789 aliquoties
1545 738 1586 773 in
1612 745 1741 775 nostra

240 793 408 831 editione
427 794 485 830 usi
503 806 649 830 sumus.

352 851 480 902 Atque
528 849 591 887 hic
641 849 758 886 etiam
805 846 1062 885 nominandus
1121 845 1166 885 P.
1219 847 1268 887 L.
1320 848 1478 898 Courz'er,
1544 850 1612 902 qui
1659 862 1739 888 uno

239 908 339 945 tertii
378 908 465 945 libri
492 906 709 958 fragmento
739 906 778 942 in
813 906 1005 942 Gallicum
1035 918 1254 942 sermonem
1294 918 1476 944 converso
1506 907 1593 944 satis
1623 919 1739 944 mon-

238 965 393 1013 stravit,
433 962 526 1016 quid
557 970 749 1014 praestare
778 963 977 1013 potuisset,
1004 962 1035 998 si
1054 969 1179 999 totum
1199 961 1439 1000 Herodotum
1469 964 1612 1000 Gallice
1641 976 1739 1001 con-

237 1029 386 1060 vertere
414 1021 607 1059 voluisset.
665 1020 819 1057 Eximia
851 1017 947 1055 haec
967 1019 1089 1056 versio
1111 1020 1261 1056 Parisiis
1283 1019 1422 1070 prodiit
1447 1021 1551 1060 1823
1573 1019 1646 1057 hoc
1666 1020 1737 1058 sub

237 1079 369 1116 titulo:
428 1079 682 1128 „Prospectus
704 1076 819 1113 d’une
839 1074 1054 1113 traduction
1074 1076 1254 1112 nouvelle
1275 1075 1509 1113 d‘Herodote
1530 1083 1738 1114 contenant

236 1149 290 1172 un
318 1135 511 1185 fragment
535 1134 587 1171 du
613 1135 706 1172 livre
736 1133 929 1170 troisieme
949 1139 986 1169 et
1014 1133 1050 1169 la
1078 1131 1232 1183 pre'face
1265 1131 1318 1169 du
1334 1132 1595 1169 traducteur.“
1616 1135 1670 1180 8.,
1692 1146 1737 1171 ao

236 1190 376 1229 deinde
407 1192 521 1228 etiam
538 1191 639 1243 typis
660 1191 818 1242 repetita
839 1197 894 1227 est
913 1190 953 1225 in
981 1189 1078 1226 libro
1099 1190 1250 1226 rariori:
1283 1189 1525 1238 „Collection
1546 1190 1737 1241 complete

235 1248 302 1286 des
341 1246 564 1299 Pamphlets
593 1248 796 1299 politiques
834 1254 871 1284 et
900 1247 1107 1297 Opuscules
1136 1246 1318 1284 literaires
1347 1246 1394 1284 de
1432 1247 1478 1285 P.
1496 1247 1543 1284 L.
1564 1247 1737 1286 Courier.

234 1306 434 1343 Bruxelles
459 1307 565 1346 1826
584 1319 623 1356 P·
646 1305 727 1345 305
747 1303 790 1341 ff·
812 1306 890 1344 311
923 1316 1029 1355 seqq.

348 1365 387 1403 3.
417 1362 586 1399 Accessit
610 1359 712 1399 Itala
732 1361 853 1399 versio
870 1355 942 1409 iffi)
974 1367 1011 1397 et
1030 1360 1111 1410 ipsa
1130 1360 1170 1395 in
1189 1359 1379 1410 scriptoris
1405 1372 1517 1397 sensu
1536 1357 1735 1397 reddendo

232 1419 285 1456 ita
304 1426 502 1467 accurata,
531 1425 574 1456 ut
594 1419 713 1455 rarius
733 1431 755 1454 a
778 1417 968 1468 scriptoris
987 1418 1174 1454 sententia
1194 1417 1435 1455 aberraverit.
1477 1417 1634 1454 Minoris
1646 1429 1735 1454 mo-

232 1477 354 1513 menti
373 1483 461 1514 sunt
488 1476 754 1512 annotationes
774 1475 869 1511 Italo
893 1486 1071 1511 sermone
1092 1473 1140 1510 ad
1162 1474 1304 1510 calcem
1333 1474 1548 1523 subiectae3
1585 1474 1626 1510 in
1647 1474 1735 1525 qui-

232 1534 303 1570 bus
332 1534 398 1571 vix
428 1533 517 1569 novi
549 1531 763 1584 quidquam
791 1532 981 1582 reperias,
1015 1530 1120 1583 quod
1153 1543 1232 1568 non
1251 1532 1355 1582 prius
1376 1531 1424 1568 ab
1445 1531 1526 1568 aliis
1547 1530 1732 1569 Herodoti

231 1589 498 1641 interpretibus
516 1590 596 1625 iam
615 1590 772 1626 allatum
788 1589 914 1625 fuerit.

343 1655 384 1696 4.
413 1657 517 1694 Inter
536 1658 727 1694 versiones
740 1686 750 1704 ‚
786 1668 884 1709 quae
904 1655 943 1691 in
963 1654 1159 1692 Germania
1179 1653 1423 1705 prodierunt,
1454 1660 1644 1705 praestare
1656 1667 1733 1705 pu-

229 1720 309 1751 tem
329 1727 415 1750 eam
428 1742 439 1762 ,
471 1726 570 1766 quae
589 1712 663 1751 hoc
681 1714 791 1750 titulo
811 1713 992 1762 inscripta
1022 1718 1097 1748 est:
1129 1712 1226 1757 „Die
1248 1709 1503 1748 Gescbichten
1526 1710 1590 1748 des
1606 1713 1732 1748 Hero-

229 1770 339 1808 dotos
360 1772 547 1808 iibersetzt
575 1784 652 1808 von
673 1770 857 1808 Friedrich
875 1768 1016 1817 Lange.
1055 1769 1199 1805 Berlin.
1234 1770 1351 1808 1811.
1373 1768 1573 1816 11V011,8,
1596 1769 1627 1805 si
1643 1768 1732 1820 qui-

228 1826 319 1865 dem
339 1828 402 1864 illa
418 1829 594 1864 omnium
614 1829 791 1879 proxime
811 1825 966 1862 accedat
995 1823 1043 1861 ad
1059 1838 1213 1861 sensum
1232 1825 1421 1875 scriptoris
1443 1837 1564 1877 aeque
1585 1838 1628 1862 ac
1649 1838 1731 1862 ser-

227 1885 353 1921 monis
381 1885 491 1921 illum
523 1885 693 1922 colorem
722 1885 923 1934 antiquum
953 1888 990 1918 et
1020 1883 1220 1929 nativum,
1257 1882 1356 1919 miro
1386 1881 1504 1919 modo
1524 1882 1730 1919 vernacule

227 1955 463 1992 expressum.
518 1943 654 1993 Neque
681 1953 772 1979 vero
802 1939 929 1976 debita
949 1937 1062 1975 laude
1083 1939 1263 1989 privarim
1291 1940 1590 1976 recentissimam
1609 1940 1730 1975 inter-

225 1999 503 2049 pretationem,
545 2012 643 2051 quae
676 1999 793 2035 etiam
823 2010 844 2033 a
865 1996 963 2033 notis
993 1996 1188 2042 subiectis,
1213 1996 1253 2031 in
1282 2002 1455 2032 extrema
1484 1996 1607 2046 operis
1622 2002 1729 2046 parte

225 2056 524 2106 copiosioribus,
561 2054 677 2092 habet
696 2052 1101 2092 commendationem:
1136 2051 1353 2103 „Herodots
1374 2065 1451 2089 von
1481 2051 1729 2088 Halikarnass

225 2111 480 2150 Geschichten
492 2141 502 2161 ,
532 2113 722 2150 iibersetzt
741 2124 818 2151 von
837 2112 904 2148 Dr.
921 2108 1036 2160 Adolf
1046 2108 1181 2158 Schbll,
1197 2110 1388 2160 Stuttgart
1406 2108 1727 2150 1828—1832.“

224 2170 282 2206 XI
300 2170 399 2210 Voll.
424 2172 489 2209 12.

338 2237 405 2274 His
427 2235 604 2274 addimus
625 2237 700 2274 alia
729 2235 916 2286 subsidia,
946 2235 1084 2288 quibus
1103 2234 1145 2271 in
1164 2231 1236 2271 hac
1257 2230 1443 2269 Herodoti
1463 2229 1630 2268 editione
1656 2228 1727 2268 ad-

224 2292 396 2331 ornanda
416 2294 475 2332 usi
493 2307 648 2332 sumus:
684 2290 785 2344 *³³¹5

314 2480 350 2525 *)
386 2481 539 2515 Histoire
562 2480 791 2520 (ἲἯέι-οᾶοῐε,
812 2479 924 2513 suivie
948 2479 990 2513 de
1012 2478 1045 2513 la
1068 2477 1134 2511 Vie
1156 2476 1349 2512 d'Homere„
1397 2475 1568 2510 Nouvelle
1589 2473 1724 2509 Tradu-

222 2526 320 2566 cnon,
346 2539 409 2572 pat
432 2529 474 2562 A.
492 2528 533 2561 F.
553 2529 653 2570 Miot,
678 2528 799 2562 ancien
823 2526 1003 2559 conseiller
1026 2525 1160 2560 d'Etat.
1206 2524 1305 2558 Paris
1331 2523 1429 2557 1822.
1453 2521 1509 2555 ΙΙΙ
1534 2521 1622 2557 Voll.
1647 2522 1680 2555 8.

315 2594 375 2639 **)
417 2596 467 2629 Le
491 2608 577 2629 nove
591 2596 690 2630 Muse
714 2594 747 2627 di
771 2593 924 2628 Etodoto
956 2592 1193 2626 Alicarnasseo
1226 2591 1379 2626 tradotte
1412 2589 1455 2624 ed
1483 2590 1653 2625 illustrate
1676 2590 1723 2623 da

224 2641 364 2674 Andrea
389 2642 578 2676 Mustoaeidi
600 2642 792 2675 Corcirese.
841 2640 967 2674 Milano
994 2640 1093 2673 1820.
1118 2640 1151 2672 8.

316 2708 397 2752 ***)
422 2710 486 2752 Ea,
501 2722 589 2755 quae
612 2710 647 2744 in
671 2708 846 2743 Prooemio
870 2706 968 2741 huius
992 2705 1227 2751 disputationis
1252 2703 1482 2739 recensuimus
1504 2704 1646 2749 scripta,
1667 2703 1722 2736 hic

221 2755 464 2797 praetermissa
488 2768 562 2790 esse
587 2757 685 2790 scito.
709 2757 822 2799 Atque
846 2753 998 2788 consulto
1023 2752 1125 2786 etiam
1149 2753 1203 2785 hic
1226 2751 1321 2785 omisi
1343 2762 1456 2784 omnes
1480 2762 1539 2784 eas
1562 2749 1721 2795 scriptio-

222 2811 281 2832 nes
313 2799 385 2833 sive
416 2802 695 2844 dissertationes,
731 2800 857 2848 quibus
890 2798 1015 2845 singuli
1046 2798 1143 2833 modo
1177 2798 1245 2834 loci
1276 2797 1399 2832 Nostri
1431 2795 1608 2842 scriptoris
1646 2795 1720 2829 illu-

221 2849 388 2880 strantur.
