1839 3292
557 237 906 275 URANlA.
963 237 1094 274 VIII.
1440 244 1466 279 9

202 345 332 404 ἦσαν,
373 347 446 389 καὶ
481 350 594 389 τοῖσι
623 344 836 401 Εὐβοέεσι
876 344 1147 400 ἐκεχάριστο·
1199 344 1331 396 αὐτός
1369 361 1413 388 τε
1445 345 1469 389 ὁ
1529 353 1609 391 622

207 413 514 470 Θεμιστοκλέης
543 413 756 470 ἐκέρδηνε,
789 412 1002 457 ἐλάνθανε
1033 411 1152 456 δὲτὰ
1173 413 1306 455 λοιπά
1337 414 1468 469 ἔχων·

204 480 293 526 ἀλλ’
324 480 554 537 ἠπιστέατο
586 483 629 525 οἱ
648 481 960 537 μεταλαβόντες
989 479 1159 524 τούτων
1179 483 1268 521 τῶν
1297 482 1466 536 χρημά-

200 566 289 593 των
320 550 364 592 έκ
400 554 488 593 τῶν
514 549 756 605 Ἀθηναίων
786 550 930 593 ἐλθεῖν
970 548 1040 591 ἐπὶ
1075 550 1137 606 τῷ
1169 546 1285 604 λόγῳ
1316 548 1461 605 τούτῳ

202 618 254 661 τὰ
284 617 493 674 χρήματα.

1479 625 1525 658 70
1554 649 1562 658 .

295 686 417 728 Οὕτω
446 684 498 740 δὴ
529 683 782 739 κατέμεινάν
811 699 855 727 τε
885 683 932 726 ἐν
951 686 1004 740 τῇ
1025 681 1207 739 Εὐβοίῃ,
1238 683 1312 726 καὶ
1337 683 1464 727 ἐναυ-

203 753 410 809 μάχησαν.
457 751 621 806 ἐγένετο
650 752 696 795 δὲ
727 747 821 795 ὦδε.
859 751 979 794 Ἐπεί
1007 767 1051 793 τε
1082 749 1133 805 δή
1165 750 1207 800 ἐς
1234 750 1311 802 τάς
1337 749 1468 807 Ἀφέ-

203 838 279 871 τας
310 821 406 875 περὶ
436 821 579 875 δείλην
605 822 776 876 πρωίην
805 820 1041 874 γινομένην
1072 816 1255 861 ἀπίκατο
1289 821 1332 862 οἷ
1361 820 1464 875 βάρ-

203 891 346 944 βαροι,
376 888 619 944 πυθόμενοι
638 888 717 944 μὲν
747 888 807 931 ἔτι
836 888 909 931 καὶ
935 886 1150 941 πρότερον
1174 887 1272 941 περὶ
1301 888 1350 930 τὸ
1377 887 1464 942 Ἀρ-

201 957 395 1010 τεμίσιον
422 957 675 1012 ναυλοχέειν
705 959 805 1007 νέας
830 954 1079 1011 Ἑλληνίδας
1100 954 1260 1009 ὀλίγας,
1291 955 1387 998 τότε
1418 957 1464 999 δὲ

203 1021 330 1065 αὐτοὶ
367 1023 553 1077 ἰδόντες,
593 1024 818 1080 πρόθυμοι
852 1020 964 1080 ἦσαν
994 1023 1260 1078 ἐπιχειρέειν,
1302 1024 1342 1064 εἴ
1379 1030 1520 1073 κως75

174 1096 197 1128 2
207 1089 345 1133 ἕλοιεν
381 1090 528 1142 αὐτάς.

594 1092 641 1135 ἐκ
679 1092 758 1147 μὲν
799 1092 852 1147 δή
895 1095 971 1148 τῆς
1002 1088 1150 1146 άντίης
1183 1090 1465 1144 προσπλεόειν

203 1156 258 1200 οὔ
285 1175 346 1202 κω
377 1171 456 1215 σφι
485 1157 627 1203 ἐδόκεε
653 1162 788 1202 τῶνδε
819 1161 982 1210 εἵνεκα,
1021 1157 1078 1214 μή
1108 1175 1193 1209 κως
1224 1157 1391 1208 ἰδόντες
1422 1160 1466 1202 οἱ

189 1224 392 1283 “Ελληνες
421 1226 786 1282 προσπλώοντας,
820 1228 862 1277 ές
892 1227 1039 1282 φυγήν
1069 1225 1325 1281 ὁρμήσειαν,
1358 1227 1461 1281 φεύ-

198 1295 358 1349 γοντάς
393 1312 437 1338 τε
468 1294 662 1352 εὐφρόνη
691 1295 953 1351 καταλάβοι·
1004 1294 1077 1337 καὶ
1115 1294 1291 1350 ἔμελλον
1331 1296 1522 1350 δῆθενὸο

146 1424 217 1471 τῆς
247 1422 503 1473 δωροδοκίας,
540 1424 659 1460 Cicer.
684 1423 734 1464 15
763 1438 802 1474 p.

146 1482 228 1520 868
259 1481 306 1515 B.
360 1479 577 1531 πληγεὶς
616 1477 695 1518 ὕπὸ
730 1482 803 1518 τοῦ

146 1536 295 1574 δεινοῦ.
325 1537 406 1574 Nic.
429 1539 478 1576 10
500 1551 536 1587 p.
555 1537 635 1577 529
652 1538 694 1572 F·
717 1534 803 1587 ἄχει

144 1591 212 1630 καὶ
241 1587 421 1642 θαύματι
461 1591 699 1644 πεπληγότες
737 1600 801 1630 aut

143 1649 280 1686 Moral.
302 1650 352 1686 T.
373 1650 408 1685 II
427 1663 463 1699 p.
488 1649 538 1690 74
561 1651 607 1686 Ε.
639 1649 801 1702 πληγεὶς

144 1705 347 1760 παρᾇσία
379 1707 465 1745 coll.
498 1720 536 1756 p.
558 1709 638 1747 763
667 1709 713 1745 Β.
747 1730 797 1734 —-

144 1764 187 1798 In
209 1775 316 1813 seqq.
352 1775 420 1812 pro
441 1758 650 1813 Εὐβοέεσι,
684 1776 801 1815 quam

143 1819 309 1855 formam
340 1820 529 1856 Graecam
564 1833 643 1857 esse
672 1828 799 1871 negat,

144 1876 297 1912 rescribi
352 1877 435 1913 vult
492 1877 631 1914 Sti-uve
685 1878 799 1928 Spec.

146 1933 298 1976 Quaest.
330 1934 366 1968 II
399 1945 487 1982 pag.
518 1936 543 1973 7
580 1929 801 1984 Εὕβοεῦσι.

148 1989 308 2024 Secutus
329 1995 384 2025 est
398 1988 607 2026 Bekkerus.
637 1992 688 2028 At
707 1992 801 2027 scri-

145 2046 201 2095 pti
219 2045 305 2080 libri
339 2058 471 2082 omnes
492 2053 679 2097 quantum
707 2048 798 2097 scio,

144 2101 341 2151 vulgatam
360 2103 536 2141 retinent.

201 2153 402 2197 ἐλάνθανε
432 2156 668 2210 δὲ-ἒ’χων]
711 2159 800 2198 vid.

144 2213 279 2254 Matth.
300 2216 367 2252 Gr.
387 2217 454 2252 Gr.
477 2217 515 2261 ξ.
538 2217 620 2257 552
642 2219 680 2268 β.
711 2231 800 2269 pag.

150 2273 268 2318 1082,
308 2273 373 2323 qui
398 2272 503 2308 idem
532 2274 568 2318 ξ.
589 2273 683 2321 204,
714 2278 741 2314 7
761 2275 799 2313 b.

146 2339 234 2377 pag.
254 2331 334 2369 378
356 2327 404 2365 de
426 2330 549 2365 forma
575 2325 801 2378 ἠπιστέατο,

146 2396 244 2434 quae
263 2386 378 2421 etiam
393 2393 514 2422 exstat
526 2386 626 2434 VIII,
639 2387 691 2427 25
704 2400 801 2424 con-

146 2439 337 2479 sulendus.
367 2463 424 2470 —-
454 2443 559 2488 Quae
588 2451 801 2495 sequuntur

147 2493 209 2533 ἐπὶ
252 2499 307 2551 τῷ
336 2495 439 2550 λόγῳ
473 2496 599 2552 τούτῳ
645 2501 797 2537 valent:

148 2552 210 2586 sub
222 2552 497 2592 hacconditione.
529 2556 587 2593 Cf.
603 2557 684 2605 Vll,
704 2557 797 2598 158.

149 2607 217 2653 ῘΧ,
248 2611 312 2648 26.
343 2614 395 2651 33
424 2613 510 2648 coll.
537 2614 568 2659 Ι,
599 2615 665 2652 60.
703 2615 798 2650 Mox

149 2675 218 2712 pro
234 2661 276 2701 ἐκ
288 2667 368 2703 τῶν
385 2662 612 2717 Ἀθηναίων
627 2669 797 2708 Bekker.

149 2718 254 2756 dedit
283 2718 322 2758 ἐκ
350 2725 428 2760 τῶν
451 2719 668 2774 Ἀθηνέων.

377 2778 483 2829 Cap.
511 2781 572 2817 VI.

205 2830 295 2883 περὶ
324 2832 457 2885 δείλην
477 2838 650 2887 πρωΐην]
683 2839 800 2887 „Esse

860 1423 978 1459 horam
1000 1423 1302 1472 pomeridianam,
1341 1436 1420 1459 uno
1454 1437 1519 1460 ore

858 1478 1094 1530 Hesychius,
1146 1478 1305 1526 Suidas,
1365 1481 1517 1528 Moeris,

859 1536 1111 1572 Grammatici
1147 1549 1302 1583 omnes,
1333 1536 1519 1586 profiten-

857 1594 960 1629 tur.“
993 1592 1439 1641 Schweighaeuser.
1469 1595 1520 1630 Et

857 1651 910 1686 sic
923 1662 1078 1701 quoque
1091 1650 1209 1699 accipi
1219 1650 1300 1686 vult
1311 1649 1522 1690 A.Schoell.

857 1707 1083 1744 vernaculus
1093 1707 1443 1757 i11terpres‚te1npus
1455 1708 1518 1743 in-

856 1764 1044 1814 telligens,
1068 1762 1171 1814 quod
1187 1764 1362 1813 proxime
1381 1778 1518 1814 vespe-

858 1833 941 1857 ram
961 1819 1174 1856 antecedit:
1223 1823 1286 1857 mit
1315 1820 1376 1857 der
1404 1825 1516 1858 ersten

858 1877 1114 1926 Dc'immerung.
1168 1877 1262 1913 Mox
1296 1890 1316 1913 e
1347 1878 1516 1915 Florent.

859 1933 945 1971 cod.
975 1947 1065 1971 cum
1094 1940 1252 1970 recentt.
1287 1933 1374 1970 dedi
1405 1950 1516 1986 γινο-

858 1989 983 2041 μένην
999 2003 1068 2041 pro
1084 1989 1314 2042 γενομένην,
1333 1991 1437 2042 quod
1453 2005 1515 2027 re-

857 2049 971 2084 tinuit
990 2046 1184 2086 Matthiae.
1206 2068 1262 2075 —
1292 2047 1340 2086 ἐκ
1355 2050 1425 2097 τῆς
1447 2043 1519 2086 α’ν-

858 2104 957 2153 τίης,
969 2105 1036 2140 ubi
1046 2111 1175 2140 mente
1190 2103 1305 2140 addas
1319 2105 1407 2141 licet
1421 2102 1518 2143 ὁδοῦ

857 2162 919 2198 vel
937 2162 1060 2197 simile
1082 2160 1186 2212 quid,
1206 2162 1306 2197 valet
1325 2174 1368 2197 ex
1389 2161 1514 2198 adver-

857 2231 907 2254 so.
939 2218 1003 2255 Sic
1024 2218 1124 2264 VIII,
1144 2220 1170 2257 7
1193 2216 1233 2265 ἐξ
1253 2217 1449 2267 ἐναντίης.

913 2269 1143 2326 φεύγοντάς
1168 2287 1208 2312 τε
1240 2269 1419 2325 εὐφρόνη
1441 2288 1512 2311 κα·-

856 2327 1039 2381 ταλάβοι]
1064 2332 1122 2366 De
1142 2331 1278 2367 vocula
1307 2345 1347 2368 τε
1365 2331 1514 2380 simpli-

856 2388 949 2424 citer
968 2388 1101 2438 posita,
1121 2393 1165 2423 ut
1183 2388 1282 2433 VIII,
1307 2389 1367 2426 10.
1383 2390 1444 2427 13.
1458 2389 1513 2426 20

857 2444 957 2481 conf.
969 2451 1065 2480 nott.
1074 2442 1122 2479 ad
1134 2444 1310 2490 V11‚188‚
1320 2444 1386 2478 ubi
1397 2444 1512 2479 etiam

856 2499 904 2537 de
925 2513 1020 2537 voce
1049 2495 1243 2550 εὐφρόνη.
1282 2499 1388 2543 Quae
1416 2512 1512 2536 con-

854 2557 962 2593 tinuo
1002 2563 1214 2608 sequuntur
1254 2557 1392 2592 verba:
1442 2554 1512 2595 καὶ

854 2612 1016 2664 ἔμελλον
1033 2614 1161 2662 δῆθεν
1174 2606 1450 2660 ἐκφεύξεσθαι,
1467 2625 1511 2648 ea

854 2683 923 2721 per
942 2667 1183 2720 parenthesin
1201 2666 1298 2704 mihi
1317 2670 1437 2720 posita
1451 2671 1513 2705 vi-

857 2725 996 2762 dentur
1014 2738 1141 2776 neque
1157 2738 1246 2761 cum
1260 2725 1413 2777 reliquis
1424 2739 1512 2762 ver-

855 2783 913 2819 bis
934 2783 1135 2818 coniuncta
1156 2781 1212 2831 (in
1231 2794 1268 2818 eo
1282 2785 1445 2820 nimirum
1457 2782 1514 2818 illi

856 2842 972 2887 erant,
992 2845 1035 2875 ut
1046 2836 1138 2890 fuga
1152 2838 1300 2876 salutem
1314 2839 1513 2890 peterent);
