<?xml version="1.0" encoding="UTF-8"?>
<!DOCTYPE html PUBLIC "-//W3C//DTD XHTML 1.0 Transitional//EN"
    "http://www.w3.org/TR/xhtml1/DTD/xhtml1-transitional.dtd">
<html xmlns="http://www.w3.org/1999/xhtml" xml:lang="en" lang="en">
 <head>
  <title>
</title>
<meta http-equiv="Content-Type" content="text/html;charset=utf-8" />
  <meta name='ocr-system' content='tesseract 3.04.00' />
  <meta name='ocr-capabilities' content='ocr_page ocr_carea ocr_par ocr_line ocrx_word'/>
</head>
<body>
  <div class='ocr_page' id='page_1' title='image "./musaeher04hero/musaeher04hero_0239.png"; bbox 0 0 1839 3292; ppageno 0'>
   <div class='ocr_carea' id='block_1_1' title="bbox 77 512 138 556">
    <p class='ocr_par' dir='ltr' id='par_1_1' title="bbox 77 512 138 556">
     <span class='ocr_line' id='line_1_1' title="bbox 77 512 138 556; baseline 0 0"><span class='ocrx_word' id='word_1_1' title='bbox 77 512 138 556; x_wconf 79' lang='lat'><strong><em>18</em></strong></span> 
     </span>
    </p>
   </div>
   <div class='ocr_carea' id='block_1_2' title="bbox 511 207 971 244">
    <p class='ocr_par' dir='ltr' id='par_1_2' title="bbox 511 207 971 244">
     <span class='ocr_line' id='line_1_2' title="bbox 511 207 971 244; baseline -0.004 0"><span class='ocrx_word' id='word_1_2' title='bbox 511 207 971 244; x_wconf 80' lang='lat' dir='ltr'>CALLIOPE.</span> 
     </span>
    </p>
   </div>
   <div class='ocr_carea' id='block_1_3' title="bbox 1034 209 1449 251">
    <p class='ocr_par' dir='ltr' id='par_1_3' title="bbox 1034 209 1449 251">
     <span class='ocr_line' id='line_1_3' title="bbox 1034 209 1449 251; baseline 0 0"><span class='ocrx_word' id='word_1_3' title='bbox 1034 209 1114 243; x_wconf 77' lang='lat' dir='ltr'><strong><em>IX·</em></strong></span> <span class='ocrx_word' id='word_1_4' title='bbox 1368 214 1449 251; x_wconf 78' lang='grc'><strong><em>231</em></strong></span> 
     </span>
    </p>
   </div>
   <div class='ocr_carea' id='block_1_4' title="bbox 171 313 1508 506">
    <p class='ocr_par' dir='ltr' id='par_1_4' title="bbox 171 313 1508 506">
     <span class='ocr_line' id='line_1_4' title="bbox 199 313 1508 370; baseline -0.001 -10"><span class='ocrx_word' id='word_1_5' title='bbox 199 318 470 370; x_wconf 84' lang='grc' dir='ltr'><strong><em>,,τελευτῆσαι</em></strong></span> <span class='ocrx_word' id='word_1_6' title='bbox 500 313 578 358; x_wconf 80' lang='grc' dir='ltr'><strong><em>τὸν</em></strong></span> <span class='ocrx_word' id='word_1_7' title='bbox 608 315 769 366; x_wconf 76' lang='grc' dir='ltr'><strong><em>αἰῶνα,</em></strong></span> <span class='ocrx_word' id='word_1_8' title='bbox 809 315 919 370; x_wconf 76' lang='grc' dir='ltr'><strong><em>ἤπερ</em></strong></span> <span class='ocrx_word' id='word_1_9' title='bbox 956 316 1224 370; x_wconf 77' lang='grc' dir='ltr'><strong><em>παρέχοντας</em></strong></span> <span class='ocrx_word' id='word_1_10' title='bbox 1254 317 1451 369; x_wconf 79' lang='grc' dir='ltr'><strong><em>διαφθα-</em></strong></span> <span class='ocrx_word' id='word_1_11' title='bbox 1464 326 1508 360; x_wconf 85' lang='grc'><strong><em>85</em></strong></span> 
     </span>
     <span class='ocr_line' id='line_1_5' title="bbox 171 380 1453 440; baseline 0.002 -15"><span class='ocrx_word' id='word_1_12' title='bbox 171 387 358 438; x_wconf 84' lang='grc' dir='ltr'><strong><em>6,,ρῆναι</em></strong></span> <span class='ocrx_word' id='word_1_13' title='bbox 387 382 588 438; x_wconf 82' lang='grc' dir='ltr'><strong><em>αἰσχίστῳ</em></strong></span> <span class='ocrx_word' id='word_1_14' title='bbox 617 380 755 440; x_wconf 81' lang='grc' dir='ltr'><strong><em>μόρῳ.</em></strong></span> <span class='ocrx_word' id='word_1_15' title='bbox 788 380 898 426; x_wconf 79' lang='grc' dir='ltr'><strong><em>ἀλλά</em></strong></span> <span class='ocrx_word' id='word_1_16' title='bbox 922 384 1095 437; x_wconf 85' lang='grc' dir='ltr'><strong><em>μαθέτω</em></strong></span> <span class='ocrx_word' id='word_1_17' title='bbox 1124 400 1189 433; x_wconf 87' lang='grc' dir='ltr'><strong><em>τις</em></strong></span> <span class='ocrx_word' id='word_1_18' title='bbox 1220 382 1362 425; x_wconf 77' lang='grc' dir='ltr'><strong><em>αὐτῶν</em></strong></span> <span class='ocrx_word' id='word_1_19' title='bbox 1387 384 1453 428; x_wconf 82' lang='grc' dir='ltr'><strong><em>ὅτι</em></strong></span> 
     </span>
     <span class='ocr_line' id='line_1_6' title="bbox 195 448 1447 506; baseline 0.002 -13"><span class='ocrx_word' id='word_1_20' title='bbox 195 448 366 503; x_wconf 83' lang='grc' dir='ltr'><strong><em>,,έόντες</em></strong></span> <span class='ocrx_word' id='word_1_21' title='bbox 395 449 612 505; x_wconf 81' lang='grc' dir='ltr'><strong><em>βάρβαροι</em></strong></span> <span class='ocrx_word' id='word_1_22' title='bbox 642 449 898 506; x_wconf 64' lang='grc' dir='ltr'><strong><em>έπ’”Έλλησι</em></strong></span> <span class='ocrx_word' id='word_1_23' title='bbox 929 448 1113 504; x_wconf 76' lang='grc' dir='ltr'><em>ἀνδράσι</em></span> <span class='ocrx_word' id='word_1_24' title='bbox 1146 449 1289 503; x_wconf 86' lang='grc' dir='ltr'><strong><em>φόνον</em></strong></span> <span class='ocrx_word' id='word_1_25' title='bbox 1319 451 1447 506; x_wconf 77' lang='grc' dir='ltr'><strong><em>ἕῤῥα-</em></strong></span> 
     </span>
    </p>
   </div>
   <div class='ocr_carea' id='block_1_5' title="bbox 195 511 1071 572">
    <p class='ocr_par' dir='ltr' id='par_1_5' title="bbox 195 511 1071 572">
     <span class='ocr_line' id='line_1_7' title="bbox 195 511 1071 572; baseline 0.002 -14"><span class='ocrx_word' id='word_1_26' title='bbox 195 521 351 568; x_wconf 75' lang='grc' dir='ltr'><strong><em>,,ψαν.“</em></strong></span> <span class='ocrx_word' id='word_1_27' title='bbox 405 516 454 559; x_wconf 90' lang='grc' dir='ltr'><em>Ὁ</em></span> <span class='ocrx_word' id='word_1_28' title='bbox 483 518 561 572; x_wconf 79' lang='grc' dir='ltr'><strong><em>μὲν</em></strong></span> <span class='ocrx_word' id='word_1_29' title='bbox 592 511 654 559; x_wconf 72' lang='grc' dir='ltr'><strong><em>ὦν</em></strong></span> <span class='ocrx_word' id='word_1_30' title='bbox 682 520 818 560; x_wconf 84' lang='grc' dir='ltr'><strong><em>ταῦτα</em></strong></span> <span class='ocrx_word' id='word_1_31' title='bbox 855 519 1071 569; x_wconf 89' lang='grc' dir='ltr'><strong><em>παραίνεε.</em></strong></span> 
     </span>
    </p>
   </div>
   <div class='ocr_carea' id='block_1_6' title="bbox 1133 518 1539 577">
    <p class='ocr_par' dir='ltr' id='par_1_6' title="bbox 1133 518 1539 577">
     <span class='ocr_line' id='line_1_8' title="bbox 1133 518 1539 577; baseline 0.005 -17"><span class='ocrx_word' id='word_1_32' title='bbox 1133 519 1176 560; x_wconf 74' lang='grc' dir='ltr'><strong><em>οἱ</em></strong></span> <span class='ocrx_word' id='word_1_33' title='bbox 1215 518 1259 560; x_wconf 80' lang='grc' dir='ltr'><strong><em>δὲ</em></strong></span> <span class='ocrx_word' id='word_1_34' title='bbox 1289 519 1446 571; x_wconf 80' lang='grc' dir='ltr'><strong><em>ἱππέες,</em></strong></span> <span class='ocrx_word' id='word_1_35' title='bbox 1506 550 1539 577; x_wconf 51' lang='lat' dir='ltr'><strong><em>,L</em></strong></span> 
     </span>
    </p>
   </div>
   <div class='ocr_carea' id='block_1_7' title="bbox 163 582 1506 911">
    <p class='ocr_par' dir='ltr' id='par_1_7' title="bbox 163 582 1506 911">
     <span class='ocr_line' id='line_1_9' title="bbox 193 582 1443 639; baseline 0.003 -12"><span class='ocrx_word' id='word_1_36' title='bbox 193 585 285 627; x_wconf 77' lang='grc' dir='ltr'><strong><em>ἐπεί</em></strong></span> <span class='ocrx_word' id='word_1_37' title='bbox 304 584 346 627; x_wconf 87' lang='grc' dir='ltr'><strong><em>τέ</em></strong></span> <span class='ocrx_word' id='word_1_38' title='bbox 365 595 499 639; x_wconf 85' lang='grc' dir='ltr'><strong><em>σφεας</em></strong></span> <span class='ocrx_word' id='word_1_39' title='bbox 522 582 837 633; x_wconf 80' lang='grc' dir='ltr'><strong><em>ἐκυκλώσαντο,</em></strong></span> <span class='ocrx_word' id='word_1_40' title='bbox 870 582 1120 638; x_wconf 78' lang='grc' dir='ltr'><strong><em>ἐπήλαυνον</em></strong></span> <span class='ocrx_word' id='word_1_41' title='bbox 1140 583 1197 634; x_wconf 77' lang='grc' dir='ltr'><strong><em>ὠς</em></strong></span> <span class='ocrx_word' id='word_1_42' title='bbox 1229 584 1443 630; x_wconf 85' lang='grc' dir='ltr'><strong><em>ἀπολεῦν-</em></strong></span> 
     </span>
     <span class='ocr_line' id='line_1_10' title="bbox 192 649 1446 708; baseline 0.002 -13"><span class='ocrx_word' id='word_1_43' title='bbox 192 668 277 702; x_wconf 88' lang='grc' dir='ltr'><strong><em>τες,</em></strong></span> <span class='ocrx_word' id='word_1_44' title='bbox 326 653 398 696; x_wconf 80' lang='grc' dir='ltr'><strong><em>καὶ</em></strong></span> <span class='ocrx_word' id='word_1_45' title='bbox 445 651 497 708; x_wconf 80' lang='grc' dir='ltr'><strong><em>δή</em></strong></span> <span class='ocrx_word' id='word_1_46' title='bbox 539 652 797 695; x_wconf 77' lang='grc' dir='ltr'><strong><em>διετείνοντο</em></strong></span> <span class='ocrx_word' id='word_1_47' title='bbox 835 649 887 692; x_wconf 77' lang='grc' dir='ltr'><strong><em>τὰ</em></strong></span> <span class='ocrx_word' id='word_1_48' title='bbox 923 651 1050 706; x_wconf 89' lang='grc' dir='ltr'><strong><em>βέλεα</em></strong></span> <span class='ocrx_word' id='word_1_49' title='bbox 1090 651 1149 701; x_wconf 75' lang='grc' dir='ltr'><strong><em>ὥς</em></strong></span> <span class='ocrx_word' id='word_1_50' title='bbox 1189 650 1446 707; x_wconf 75' lang='grc' dir='ltr'><strong><em>ἀπήσοντες·</em></strong></span> 
     </span>
     <span class='ocr_line' id='line_1_11' title="bbox 191 716 1506 773; baseline 0.001 -11"><span class='ocrx_word' id='word_1_51' title='bbox 191 721 266 762; x_wconf 82' lang='grc' dir='ltr'><strong><em>καί</em></strong></span> <span class='ocrx_word' id='word_1_52' title='bbox 294 736 376 762; x_wconf 84' lang='grc' dir='ltr'><strong><em>κου</em></strong></span> <span class='ocrx_word' id='word_1_53' title='bbox 404 736 466 769; x_wconf 87' lang='grc' dir='ltr'><strong><em>τις</em></strong></span> <span class='ocrx_word' id='word_1_54' title='bbox 493 719 566 762; x_wconf 82' lang='grc' dir='ltr'><strong><em>καὶ</em></strong></span> <span class='ocrx_word' id='word_1_55' title='bbox 592 717 745 773; x_wconf 80' lang='grc' dir='ltr'><strong><em>ἀπῆκε.</em></strong></span> <span class='ocrx_word' id='word_1_56' title='bbox 774 717 846 761; x_wconf 77' lang='grc' dir='ltr'><strong><em>καὶ</em></strong></span> <span class='ocrx_word' id='word_1_57' title='bbox 877 719 921 761; x_wconf 80' lang='grc' dir='ltr'><strong><em>οἵ</em></strong></span> <span class='ocrx_word' id='word_1_58' title='bbox 950 716 1093 761; x_wconf 86' lang='grc' dir='ltr'><strong><em>ἀντίοι</em></strong></span> <span class='ocrx_word' id='word_1_59' title='bbox 1118 718 1323 771; x_wconf 76' lang='grc' dir='ltr'><strong><em>ἔστασαν,</em></strong></span> <span class='ocrx_word' id='word_1_60' title='bbox 1345 720 1449 764; x_wconf 55' lang='grc' dir='ltr'><strong><em>πάν-</em></strong></span> <span class='ocrx_word' id='word_1_61' title='bbox 1461 729 1506 763; x_wconf 90' lang='grc'><strong><em>90</em></strong></span> 
     </span>
     <span class='ocr_line' id='line_1_12' title="bbox 191 784 1451 842; baseline 0.002 -14"><span class='ocrx_word' id='word_1_62' title='bbox 191 803 242 841; x_wconf 85' lang='grc' dir='ltr'><strong><em>τη</em></strong></span> <span class='ocrx_word' id='word_1_63' title='bbox 270 788 583 840; x_wconf 80' lang='grc' dir='ltr'><strong><em>συστρέψαντες</em></strong></span> <span class='ocrx_word' id='word_1_64' title='bbox 613 784 804 835; x_wconf 79' lang='grc' dir='ltr'><strong><em>ἑωυτοὺς</em></strong></span> <span class='ocrx_word' id='word_1_65' title='bbox 833 786 908 828; x_wconf 83' lang='grc' dir='ltr'><strong><em>καὶ</em></strong></span> <span class='ocrx_word' id='word_1_66' title='bbox 934 786 1243 837; x_wconf 73' lang='grc' dir='ltr'><strong><em>πυκνώσαντες</em></strong></span> <span class='ocrx_word' id='word_1_67' title='bbox 1277 786 1336 837; x_wconf 72' lang='grc' dir='ltr'><strong><em>ὠς</em></strong></span> <span class='ocrx_word' id='word_1_68' title='bbox 1373 787 1451 842; x_wconf 74' lang='grc' dir='ltr'><strong><em>μά-</em></strong></span> 
     </span>
     <span class='ocr_line' id='line_1_13' title="bbox 163 852 1450 911; baseline 0.003 -18"><span class='ocrx_word' id='word_1_69' title='bbox 163 858 328 896; x_wconf 70' lang='grc' dir='ltr'><strong><em>Ξλιστα.</em></strong></span> <span class='ocrx_word' id='word_1_70' title='bbox 387 855 580 897; x_wconf 76' lang='grc' dir='ltr'><strong><em>ἐνθαῦτα</em></strong></span> <span class='ocrx_word' id='word_1_71' title='bbox 611 855 655 895; x_wconf 82' lang='grc' dir='ltr'><strong><em>οἰ</em></strong></span> <span class='ocrx_word' id='word_1_72' title='bbox 684 852 863 896; x_wconf 76' lang='grc' dir='ltr'><strong><em>ἱππόται</em></strong></span> <span class='ocrx_word' id='word_1_73' title='bbox 905 852 1202 910; x_wconf 77' lang='grc' dir='ltr'><strong><em>ὑπέστρεφον,</em></strong></span> <span class='ocrx_word' id='word_1_74' title='bbox 1240 854 1314 896; x_wconf 81' lang='grc' dir='ltr'><strong><em>καὶ</em></strong></span> <span class='ocrx_word' id='word_1_75' title='bbox 1343 853 1450 911; x_wconf 83' lang='grc' dir='ltr'><strong><em>ἀπή-</em></strong></span> 
     </span>
    </p>
   </div>
   <div class='ocr_carea' id='block_1_8' title="bbox 190 919 541 964">
    <p class='ocr_par' dir='ltr' id='par_1_8' title="bbox 190 919 541 964">
     <span class='ocr_line' id='line_1_14' title="bbox 190 919 541 964; baseline 0.006 -2"><span class='ocrx_word' id='word_1_76' title='bbox 190 925 358 963; x_wconf 86' lang='grc' dir='ltr'><strong><em>λαυνον</em></strong></span> <span class='ocrx_word' id='word_1_77' title='bbox 390 919 541 964; x_wconf 80' lang='grc' dir='ltr'><strong><em>ὀπίσω.</em></strong></span> 
     </span>
    </p>
   </div>
   <div class='ocr_carea' id='block_1_9' title="bbox 600 919 1449 976">
    <p class='ocr_par' dir='ltr' id='par_1_9' title="bbox 600 919 1449 976">
     <span class='ocr_line' id='line_1_15' title="bbox 600 919 1449 976; baseline 0.002 -12"><span class='ocrx_word' id='word_1_78' title='bbox 600 919 692 964; x_wconf 79' lang='grc' dir='ltr'><strong><em>Οὐκ</em></strong></span> <span class='ocrx_word' id='word_1_79' title='bbox 722 922 800 976; x_wconf 77' lang='grc' dir='ltr'><strong><em>ἔχω</em></strong></span> <span class='ocrx_word' id='word_1_80' title='bbox 831 920 874 964; x_wconf 89' lang='grc' dir='ltr'><strong><em>δ’</em></strong></span> <span class='ocrx_word' id='word_1_81' title='bbox 917 920 1126 976; x_wconf 82' lang='grc' dir='ltr'><strong><em>ἀτρεκέως</em></strong></span> <span class='ocrx_word' id='word_1_82' title='bbox 1157 924 1312 975; x_wconf 85' lang='grc' dir='ltr'><strong><em>εἰπεῖν,</em></strong></span> <span class='ocrx_word' id='word_1_83' title='bbox 1349 923 1449 966; x_wconf 82' lang='grc' dir='ltr'><strong><em>οὔτε</em></strong></span> 
     </span>
    </p>
   </div>
   <div class='ocr_carea' id='block_1_10' title="bbox 159 982 1583 1450">
    <p class='ocr_par' dir='ltr' id='par_1_10' title="bbox 159 982 1583 1450">
     <span class='ocr_line' id='line_1_16' title="bbox 187 982 1448 1046; baseline 0.002 -16"><span class='ocrx_word' id='word_1_84' title='bbox 187 988 225 1030; x_wconf 84' lang='grc' dir='ltr'><strong><em>εἰ</em></strong></span> <span class='ocrx_word' id='word_1_85' title='bbox 253 982 394 1042; x_wconf 77' lang='grc' dir='ltr'><strong><em>ἦλθον</em></strong></span> <span class='ocrx_word' id='word_1_86' title='bbox 425 989 503 1045; x_wconf 80' lang='grc' dir='ltr'><strong><em>μὲν</em></strong></span> <span class='ocrx_word' id='word_1_87' title='bbox 541 987 799 1039; x_wconf 71' lang='grc' dir='ltr'><strong><em>ἀπολέοντες</em></strong></span> <span class='ocrx_word' id='word_1_88' title='bbox 828 988 928 1040; x_wconf 79' lang='grc' dir='ltr'><strong><em>τούς</em></strong></span> <span class='ocrx_word' id='word_1_89' title='bbox 964 991 1161 1042; x_wconf 83' lang='grc' dir='ltr'><strong><em>Φωκέας,</em></strong></span> <span class='ocrx_word' id='word_1_90' title='bbox 1203 989 1448 1046; x_wconf 82' lang='grc' dir='ltr'><strong><em>δεηθέντων</em></strong></span> 
     </span>
     <span class='ocr_line' id='line_1_17' title="bbox 194 1055 1501 1113; baseline 0.002 -16"><span class='ocrx_word' id='word_1_91' title='bbox 194 1058 448 1098; x_wconf 76' lang='grc' dir='ltr'><strong><em>Θεσσαλῶν·</em></strong></span> <span class='ocrx_word' id='word_1_92' title='bbox 490 1058 579 1100; x_wconf 80' lang='grc' dir='ltr'><strong><em>ἐπεὶ</em></strong></span> <span class='ocrx_word' id='word_1_93' title='bbox 611 1056 655 1099; x_wconf 75' lang='grc' dir='ltr'><strong><em>δὲ</em></strong></span> <span class='ocrx_word' id='word_1_94' title='bbox 694 1056 822 1110; x_wconf 76' lang='grc' dir='ltr'><strong><em>ὥρων</em></strong></span> <span class='ocrx_word' id='word_1_95' title='bbox 859 1055 970 1110; x_wconf 83' lang='grc' dir='ltr'><strong><em>πρὸς</em></strong></span> <span class='ocrx_word' id='word_1_96' title='bbox 999 1056 1197 1113; x_wconf 78' lang='grc' dir='ltr'><strong><em>ἀλέξησιν</em></strong></span> <span class='ocrx_word' id='word_1_97' title='bbox 1226 1058 1442 1112; x_wconf 88' lang='grc' dir='ltr'><strong><em>τραπομέ-</em></strong></span> <span class='ocrx_word' id='word_1_98' title='bbox 1456 1065 1501 1100; x_wconf 86' lang='grc'><strong><em>95</em></strong></span> 
     </span>
     <span class='ocr_line' id='line_1_18' title="bbox 186 1124 1443 1181; baseline 0.003 -16"><span class='ocrx_word' id='word_1_99' title='bbox 186 1139 316 1176; x_wconf 88' lang='grc' dir='ltr'><strong><em>νους,</em></strong></span> <span class='ocrx_word' id='word_1_100' title='bbox 369 1126 586 1174; x_wconf 87' lang='grc' dir='ltr'><strong><em>δείσαντες</em></strong></span> <span class='ocrx_word' id='word_1_101' title='bbox 627 1124 683 1180; x_wconf 80' lang='grc' dir='ltr'><strong><em>μὴ</em></strong></span> <span class='ocrx_word' id='word_1_102' title='bbox 726 1125 799 1167; x_wconf 82' lang='grc' dir='ltr'><strong><em>καὶ</em></strong></span> <span class='ocrx_word' id='word_1_103' title='bbox 837 1126 960 1179; x_wconf 86' lang='grc' dir='ltr'><strong><em>σφίσι</em></strong></span> <span class='ocrx_word' id='word_1_104' title='bbox 1008 1125 1182 1181; x_wconf 75' lang='grc' dir='ltr'><strong><em>γένηται</em></strong></span> <span class='ocrx_word' id='word_1_105' title='bbox 1217 1125 1443 1181; x_wconf 82' lang='grc' dir='ltr'><strong><em>τρώματα,</em></strong></span> 
     </span>
     <span class='ocr_line' id='line_1_19' title="bbox 188 1189 1442 1248; baseline 0.002 -15"><span class='ocrx_word' id='word_1_106' title='bbox 188 1189 303 1233; x_wconf 76' lang='grc' dir='ltr'><strong><em>οὕτω</em></strong></span> <span class='ocrx_word' id='word_1_107' title='bbox 335 1191 386 1246; x_wconf 83' lang='grc' dir='ltr'><strong><em>δὴ</em></strong></span> <span class='ocrx_word' id='word_1_108' title='bbox 417 1190 673 1247; x_wconf 79' lang='grc' dir='ltr'><strong><em>ἀπήλαυνον</em></strong></span> <span class='ocrx_word' id='word_1_109' title='bbox 704 1190 852 1234; x_wconf 86' lang='grc' dir='ltr'><strong><em>ὀπίσω·</em></strong></span> <span class='ocrx_word' id='word_1_110' title='bbox 879 1190 956 1247; x_wconf 75' lang='grc' dir='ltr'><strong><em>(ὥς</em></strong></span> <span class='ocrx_word' id='word_1_111' title='bbox 984 1192 1067 1247; x_wconf 75' lang='grc' dir='ltr'><strong><em>γάρ</em></strong></span> <span class='ocrx_word' id='word_1_112' title='bbox 1099 1205 1178 1248; x_wconf 85' lang='grc' dir='ltr'><strong><em>σφι</em></strong></span> <span class='ocrx_word' id='word_1_113' title='bbox 1208 1193 1442 1236; x_wconf 80' lang='grc' dir='ltr'><strong><em>ἐνετείλατο</em></strong></span> 
     </span>
     <span class='ocr_line' id='line_1_20' title="bbox 187 1257 1583 1316; baseline 0.005 -16"><span class='ocrx_word' id='word_1_114' title='bbox 187 1257 483 1312; x_wconf 70' lang='grc' dir='ltr'><strong><em>Νῐαρδόνιος·)</em></strong></span> <span class='ocrx_word' id='word_1_115' title='bbox 519 1257 617 1302; x_wconf 83' lang='grc' dir='ltr'><strong><em>οὔτ’</em></strong></span> <span class='ocrx_word' id='word_1_116' title='bbox 661 1260 697 1301; x_wconf 85' lang='grc' dir='ltr'><strong><em>εἰ</em></strong></span> <span class='ocrx_word' id='word_1_117' title='bbox 727 1257 873 1302; x_wconf 77' lang='grc' dir='ltr'><strong><em>αὐτῶν</em></strong></span> <span class='ocrx_word' id='word_1_118' title='bbox 901 1265 1167 1316; x_wconf 78' lang='grc' dir='ltr'><strong><em>πειρηθῆναι</em></strong></span> <span class='ocrx_word' id='word_1_119' title='bbox 1195 1258 1377 1316; x_wconf 77' lang='grc' dir='ltr'><strong><em>ἠθέλησε</em></strong></span> <span class='ocrx_word' id='word_1_120' title='bbox 1407 1262 1447 1304; x_wconf 76' lang='grc' dir='ltr'><strong><em>εἴ</em></strong></span> <span class='ocrx_word' id='word_1_121' title='bbox 1501 1270 1583 1309; x_wconf 88' lang='grc'><strong><em>700</em></strong></span> 
     </span>
     <span class='ocr_line' id='line_1_21' title="bbox 159 1323 1444 1383; baseline 0.005 -18"><span class='ocrx_word' id='word_1_122' title='bbox 159 1331 232 1368; x_wconf 86' lang='grc' dir='ltr'><strong><em>3τι</em></strong></span> <span class='ocrx_word' id='word_1_123' title='bbox 266 1323 396 1382; x_wconf 81' lang='grc' dir='ltr'><strong><em>ἀλκῆς</em></strong></span> <span class='ocrx_word' id='word_1_124' title='bbox 426 1328 661 1382; x_wconf 87' lang='grc' dir='ltr'><strong><em>μετέχουσι.</em></strong></span> <span class='ocrx_word' id='word_1_125' title='bbox 717 1325 792 1376; x_wconf 63' lang='lat'><strong>‘⁴529</strong></span> <span class='ocrx_word' id='word_1_126' title='bbox 823 1325 868 1369; x_wconf 74' lang='grc' dir='ltr'><strong><em>δὲ</em></strong></span> <span class='ocrx_word' id='word_1_127' title='bbox 899 1323 1036 1369; x_wconf 85' lang='grc' dir='ltr'><strong><em>ὀπίσω</em></strong></span> <span class='ocrx_word' id='word_1_128' title='bbox 1057 1325 1284 1383; x_wconf 83' lang='grc' dir='ltr'><strong><em>ἀπήλασαν</em></strong></span> <span class='ocrx_word' id='word_1_129' title='bbox 1308 1330 1349 1371; x_wconf 87' lang='grc' dir='ltr'><strong><em>οἱ</em></strong></span> <span class='ocrx_word' id='word_1_130' title='bbox 1380 1330 1444 1371; x_wconf 86' lang='grc' dir='ltr'><strong><em>ἷπ-</em></strong></span> 
     </span>
     <span class='ocr_line' id='line_1_22' title="bbox 186 1391 1442 1450; baseline 0.003 -15"><span class='ocrx_word' id='word_1_131' title='bbox 186 1391 337 1445; x_wconf 88' lang='grc' dir='ltr'><strong><em>πὸται,</em></strong></span> <span class='ocrx_word' id='word_1_132' title='bbox 388 1395 556 1450; x_wconf 81' lang='grc' dir='ltr'><strong><em>πέμψας</em></strong></span> <span class='ocrx_word' id='word_1_133' title='bbox 603 1392 862 1447; x_wconf 59' lang='grc' dir='ltr'><strong><em>[Μαρδόνιος</em></strong></span> <span class='ocrx_word' id='word_1_134' title='bbox 909 1392 1100 1449; x_wconf 78' lang='grc' dir='ltr'><strong><em>κήρυκα,</em></strong></span> <span class='ocrx_word' id='word_1_135' title='bbox 1151 1395 1267 1450; x_wconf 76' lang='grc' dir='ltr'><strong><em>ἔλεγε</em></strong></span> <span class='ocrx_word' id='word_1_136' title='bbox 1313 1395 1442 1440; x_wconf 80' lang='grc' dir='ltr'><strong><em>τάδε·</em></strong></span> 
     </span>
    </p>
   </div>
   <div class='ocr_carea' id='block_1_11' title="bbox 121 1598 786 2826">
    <p class='ocr_par' dir='ltr' id='par_1_11' title="bbox 121 1598 786 2381">
     <span class='ocr_line' id='line_1_23' title="bbox 128 1598 786 1650; baseline -0.003 -14"><span class='ocrx_word' id='word_1_137' title='bbox 128 1601 283 1637; x_wconf 85' lang='lat' dir='ltr'>beamus</span> <span class='ocrx_word' id='word_1_138' title='bbox 302 1600 400 1650; x_wconf 87' lang='lat' dir='ltr'>ipsos</span> <span class='ocrx_word' id='word_1_139' title='bbox 420 1598 634 1649; x_wconf 87' lang='lat' dir='ltr'>turpissima</span> <span class='ocrx_word' id='word_1_140' title='bbox 662 1605 786 1635; x_wconf 84' lang='lat' dir='ltr'>morte</span> 
     </span>
     <span class='ocr_line' id='line_1_24' title="bbox 126 1653 785 1706; baseline -0.002 -13"><span class='ocrx_word' id='word_1_141' title='bbox 126 1669 155 1694; x_wconf 92' lang='lat' dir='ltr'><strong><em>s.</em></strong></span> <span class='ocrx_word' id='word_1_142' title='bbox 175 1656 251 1693; x_wconf 83' lang='lat' dir='ltr'><strong><em>fato</em></strong></span> <span class='ocrx_word' id='word_1_143' title='bbox 272 1654 554 1693; x_wconf 83' lang='lat' dir='ltr'>interimendos.</span> <span class='ocrx_word' id='word_1_144' title='bbox 612 1653 674 1691; x_wconf 86' lang='lat' dir='ltr'><strong><em>Ad</em></strong></span> <span class='ocrx_word' id='word_1_145' title='bbox 694 1668 785 1706; x_wconf 86' lang='lat' dir='ltr'>pro—</span> 
     </span>
     <span class='ocr_line' id='line_1_25' title="bbox 125 1712 782 1762; baseline 0 -13"><span class='ocrx_word' id='word_1_146' title='bbox 125 1725 268 1749; x_wconf 85' lang='lat' dir='ltr'>nomen</span> <span class='ocrx_word' id='word_1_147' title='bbox 290 1728 347 1758; x_wconf 84' lang='grc' dir='ltr'><strong><em>τις</em></strong></span> <span class='ocrx_word' id='word_1_148' title='bbox 382 1712 650 1762; x_wconf 76' lang='lat' dir='ltr'><strong><em>(unusquisque)</em></strong></span> <span class='ocrx_word' id='word_1_149' title='bbox 680 1712 782 1750; x_wconf 85' lang='lat' dir='ltr'>conf.</span> 
     </span>
     <span class='ocr_line' id='line_1_26' title="bbox 125 1767 782 1815; baseline 0.003 -9"><span class='ocrx_word' id='word_1_150' title='bbox 125 1776 222 1809; x_wconf 82' lang='lat' dir='ltr'>nott.</span> <span class='ocrx_word' id='word_1_151' title='bbox 243 1768 290 1806; x_wconf 85' lang='lat' dir='ltr'><strong><em>ad</em></strong></span> <span class='ocrx_word' id='word_1_152' title='bbox 310 1770 418 1815; x_wconf 87' lang='lat' dir='ltr'>VIII,</span> <span class='ocrx_word' id='word_1_153' title='bbox 450 1771 550 1815; x_wconf 78' lang='lat'>1093</span> <span class='ocrx_word' id='word_1_154' title='bbox 587 1775 623 1804; x_wconf 83' lang='lat' dir='ltr'><strong><em>et</em></strong></span> <span class='ocrx_word' id='word_1_155' title='bbox 647 1767 694 1804; x_wconf 74' lang='lat' dir='ltr'><strong><em>ad</em></strong></span> <span class='ocrx_word' id='word_1_156' title='bbox 722 1769 782 1805; x_wconf 88' lang='lat' dir='ltr'><strong><em>lo·</em></strong></span> 
     </span>
     <span class='ocr_line' id='line_1_27' title="bbox 127 1820 781 1874; baseline 0 -12"><span class='ocrx_word' id='word_1_157' title='bbox 127 1827 320 1862; x_wconf 81' lang='lat' dir='ltr'><strong><em>cntionem</em></strong></span> <span class='ocrx_word' id='word_1_158' title='bbox 339 1820 572 1874; x_wconf 57' lang='lat' dir='ltr'><strong><em>{wWEm-nm</em></strong></span> <span class='ocrx_word' id='word_1_159' title='bbox 600 1825 711 1861; x_wconf 80' lang='lat' dir='ltr'>allata</span> <span class='ocrx_word' id='word_1_160' title='bbox 732 1824 781 1862; x_wconf 83' lang='lat' dir='ltr'><strong><em>ad</em></strong></span> 
     </span>
     <span class='ocr_line' id='line_1_28' title="bbox 122 1877 783 1931; baseline 0 -13"><span class='ocrx_word' id='word_1_161' title='bbox 122 1883 195 1929; x_wconf 90' lang='lat' dir='ltr'><strong><em>IV,</em></strong></span> <span class='ocrx_word' id='word_1_162' title='bbox 233 1880 310 1922; x_wconf 80' lang='lat'><strong><em>154</em></strong></span> <span class='ocrx_word' id='word_1_163' title='bbox 333 1878 461 1931; x_wconf 79' lang='grc' dir='ltr'><strong><em>φόνον</em></strong></span> <span class='ocrx_word' id='word_1_164' title='bbox 491 1877 656 1930; x_wconf 76' lang='grc' dir='ltr'><strong><em>ῥάπτειν</em></strong></span> <span class='ocrx_word' id='word_1_165' title='bbox 682 1882 783 1918; x_wconf 83' lang='lat' dir='ltr'>acci-</span> 
     </span>
     <span class='ocr_line' id='line_1_29' title="bbox 123 1938 781 1989; baseline 0.003 -16"><span class='ocrx_word' id='word_1_166' title='bbox 123 1939 187 1989; x_wconf 84' lang='lat' dir='ltr'><strong><em>pio</em></strong></span> <span class='ocrx_word' id='word_1_167' title='bbox 222 1938 358 1975; x_wconf 83' lang='lat' dir='ltr'>caedem</span> <span class='ocrx_word' id='word_1_168' title='bbox 386 1938 605 1985; x_wconf 76' lang='lat' dir='ltr'><strong><em>machinari,</em></strong></span> <span class='ocrx_word' id='word_1_169' title='bbox 636 1941 781 1986; x_wconf 73' lang='lat' dir='ltr'><strong><em>struere,</em></strong></span> 
     </span>
     <span class='ocr_line' id='line_1_30' title="bbox 123 1991 780 2040; baseline -0.002 -7"><span class='ocrx_word' id='word_1_170' title='bbox 123 2001 166 2030; x_wconf 86' lang='lat' dir='ltr'><strong><em>ut</em></strong></span> <span class='ocrx_word' id='word_1_171' title='bbox 188 1995 275 2030; x_wconf 78' lang='lat' dir='ltr'>alibi</span> <span class='ocrx_word' id='word_1_172' title='bbox 296 1991 413 2034; x_wconf 85' lang='grc' dir='ltr'><strong><em>δόλον</em></strong></span> <span class='ocrx_word' id='word_1_173' title='bbox 429 1994 611 2040; x_wconf 77' lang='grc' dir='ltr'><strong><em>ῥάπδειν.</em></strong></span> <span class='ocrx_word' id='word_1_174' title='bbox 669 1995 780 2032; x_wconf 78' lang='lat' dir='ltr'>Conf-</span> 
     </span>
     <span class='ocr_line' id='line_1_31' title="bbox 123 2048 780 2101; baseline 0.002 -14"><span class='ocrx_word' id='word_1_175' title='bbox 123 2049 309 2100; x_wconf 86' lang='lat' dir='ltr'>Stephau.</span> <span class='ocrx_word' id='word_1_176' title='bbox 348 2048 467 2087; x_wconf 89' lang='lat' dir='ltr'>Thes.</span> <span class='ocrx_word' id='word_1_177' title='bbox 505 2052 550 2090; x_wconf 90' lang='lat' dir='ltr'><strong><em>L.</em></strong></span> <span class='ocrx_word' id='word_1_178' title='bbox 592 2051 658 2087; x_wconf 82' lang='lat' dir='ltr'><strong><em>Gr.</em></strong></span> <span class='ocrx_word' id='word_1_179' title='bbox 691 2063 780 2101; x_wconf 83' lang='lat' dir='ltr'>pag.</span> 
     </span>
     <span class='ocr_line' id='line_1_32' title="bbox 123 2107 779 2157; baseline 0.002 -14"><span class='ocrx_word' id='word_1_180' title='bbox 123 2109 232 2147; x_wconf 72' lang='grc'><strong><em>8129</em></strong></span> <span class='ocrx_word' id='word_1_181' title='bbox 253 2108 319 2154; x_wconf 83' lang='grc' dir='ltr'><strong><em>Β.,</em></strong></span> <span class='ocrx_word' id='word_1_182' title='bbox 352 2108 417 2143; x_wconf 89' lang='lat' dir='ltr'><strong><em>ubi</em></strong></span> <span class='ocrx_word' id='word_1_183' title='bbox 437 2107 576 2143; x_wconf 80' lang='lat' dir='ltr'>locutIO</span> <span class='ocrx_word' id='word_1_184' title='bbox 598 2109 779 2157; x_wconf 79' lang='lat' dir='ltr'>repetitur</span> 
     </span>
     <span class='ocr_line' id='line_1_33' title="bbox 122 2163 773 2214; baseline 0.005 -16"><span class='ocrx_word' id='word_1_185' title='bbox 122 2176 171 2199; x_wconf 84' lang='lat' dir='ltr'><strong><em>ex</em></strong></span> <span class='ocrx_word' id='word_1_186' title='bbox 193 2175 257 2210; x_wconf 91' lang='lat' dir='ltr'><strong><em>eo,</em></strong></span> <span class='ocrx_word' id='word_1_187' title='bbox 299 2163 401 2214; x_wconf 87' lang='lat' dir='ltr'>quod</span> <span class='ocrx_word' id='word_1_188' title='bbox 435 2163 503 2209; x_wconf 89' lang='lat' dir='ltr'><strong><em>VI,</em></strong></span> <span class='ocrx_word' id='word_1_189' title='bbox 556 2166 574 2202; x_wconf 90' lang='lat'>1</span> <span class='ocrx_word' id='word_1_190' title='bbox 614 2164 773 2213; x_wconf 84' lang='lat' dir='ltr'>legitur:</span> 
     </span>
     <span class='ocr_line' id='line_1_34' title="bbox 121 2216 777 2272; baseline 0.002 -15"><span class='ocrx_word' id='word_1_191' title='bbox 121 2221 237 2258; x_wconf 74' lang='grc' dir='ltr'><strong><em>τοῦτο</em></strong></span> <span class='ocrx_word' id='word_1_192' title='bbox 255 2216 298 2259; x_wconf 81' lang='grc' dir='ltr'><strong><em>τὸ</em></strong></span> <span class='ocrx_word' id='word_1_193' title='bbox 321 2216 513 2270; x_wconf 69' lang='grc' dir='ltr'><strong><em>ὑπόδημα</em></strong></span> <span class='ocrx_word' id='word_1_194' title='bbox 532 2218 715 2272; x_wconf 74' lang='grc' dir='ltr'><strong><em>ἕρῤαψας</em></strong></span> <span class='ocrx_word' id='word_1_195' title='bbox 740 2235 777 2260; x_wconf 79' lang='grc' dir='ltr'><strong><em>κ.</em></strong></span> 
     </span>
     <span class='ocr_line' id='line_1_35' title="bbox 121 2278 208 2315; baseline -0.023 -1"><span class='ocrx_word' id='word_1_196' title='bbox 121 2290 153 2315; x_wconf 89' lang='grc' dir='ltr'><strong><em>τ.</em></strong></span> <span class='ocrx_word' id='word_1_197' title='bbox 175 2278 208 2314; x_wconf 89' lang='grc' dir='ltr'><strong><em>λ.</em></strong></span> 
     </span>
     <span class='ocr_line' id='line_1_36' title="bbox 321 2332 579 2381; baseline 0.012 -14"><span class='ocrx_word' id='word_1_198' title='bbox 321 2332 412 2381; x_wconf 77' lang='lat' dir='ltr'>Cap.</span> <span class='ocrx_word' id='word_1_199' title='bbox 441 2332 579 2370; x_wconf 83' lang='lat' dir='ltr'>XVIII.</span> 
     </span>
    </p>

    <p class='ocr_par' dir='ltr' id='par_1_12' title="bbox 123 2384 776 2826">
     <span class='ocr_line' id='line_1_37' title="bbox 181 2384 775 2438; baseline -0.003 -12"><span class='ocrx_word' id='word_1_200' title='bbox 181 2386 411 2426; x_wconf 78' lang='grc' dir='ltr'><strong><em>διετείνοντο</em></strong></span> <span class='ocrx_word' id='word_1_201' title='bbox 443 2384 491 2426; x_wconf 77' lang='grc' dir='ltr'><strong><em>τὰ</em></strong></span> <span class='ocrx_word' id='word_1_202' title='bbox 527 2386 661 2438; x_wconf 76' lang='grc' dir='ltr'><strong><em>βέλεα]</em></strong></span> <span class='ocrx_word' id='word_1_203' title='bbox 695 2388 720 2424; x_wconf 86' lang='lat' dir='ltr'><strong><em>i.</em></strong></span> <span class='ocrx_word' id='word_1_204' title='bbox 741 2402 775 2425; x_wconf 87' lang='lat' dir='ltr'><strong><em>e.</em></strong></span> 
     </span>
     <span class='ocr_line' id='line_1_38' title="bbox 126 2444 773 2493; baseline 0.005 -16"><span class='ocrx_word' id='word_1_205' title='bbox 126 2454 204 2478; x_wconf 79' lang='lat' dir='ltr'><strong><em>suos</em></strong></span> <span class='ocrx_word' id='word_1_206' title='bbox 243 2445 365 2492; x_wconf 72' lang='lat' dir='ltr'><strong><em>quique</em></strong></span> <span class='ocrx_word' id='word_1_207' title='bbox 409 2444 629 2481; x_wconf 76' lang='lat' dir='ltr'><em>intendebant</em></span> <span class='ocrx_word' id='word_1_208' title='bbox 657 2458 773 2493; x_wconf 77' lang='lat' dir='ltr'><strong><em>arcus,</em></strong></span> 
     </span>
     <span class='ocr_line' id='line_1_39' title="bbox 126 2497 776 2551; baseline 0.011 -19"><span class='ocrx_word' id='word_1_209' title='bbox 126 2497 196 2534; x_wconf 78' lang='lat' dir='ltr'><strong><em>tela</em></strong></span> <span class='ocrx_word' id='word_1_210' title='bbox 216 2513 243 2534; x_wconf 82' lang='lat' dir='ltr'><strong><em>s.</em></strong></span> <span class='ocrx_word' id='word_1_211' title='bbox 261 2500 381 2536; x_wconf 80' lang='lat' dir='ltr'><strong><em>iacula</em></strong></span> <span class='ocrx_word' id='word_1_212' title='bbox 401 2502 569 2537; x_wconf 54' lang='lat' dir='ltr'><strong><em>emissura</em></strong></span> <span class='ocrx_word' id='word_1_213' title='bbox 615 2501 686 2538; x_wconf 86' lang='lat' dir='ltr'><strong><em>Ubi</em></strong></span> <span class='ocrx_word' id='word_1_214' title='bbox 708 2499 776 2551; x_wconf 84' lang='grc' dir='ltr'><strong><em>βέ-</em></strong></span> 
     </span>
     <span class='ocr_line' id='line_1_40' title="bbox 124 2553 772 2607; baseline 0.003 -16"><span class='ocrx_word' id='word_1_215' title='bbox 124 2556 193 2598; x_wconf 86' lang='grc' dir='ltr'><strong><em>λος</em></strong></span> <span class='ocrx_word' id='word_1_216' title='bbox 238 2553 284 2590; x_wconf 85' lang='lat' dir='ltr'><strong><em>de</em></strong></span> <span class='ocrx_word' id='word_1_217' title='bbox 331 2556 452 2592; x_wconf 83' lang='lat' dir='ltr'>iaculo</span> <span class='ocrx_word' id='word_1_218' title='bbox 494 2556 772 2607; x_wconf 86' lang='lat' dir='ltr'>accipiendum.</span> 
     </span>
     <span class='ocr_line' id='line_1_41' title="bbox 124 2610 770 2660; baseline 0.009 -14"><span class='ocrx_word' id='word_1_219' title='bbox 124 2610 226 2648; x_wconf 80' lang='lat' dir='ltr'><strong>Plut.</strong></span> <span class='ocrx_word' id='word_1_220' title='bbox 251 2610 346 2660; x_wconf 83' lang='lat' dir='ltr'>Syll.</span> <span class='ocrx_word' id='word_1_221' title='bbox 368 2613 420 2650; x_wconf 77' lang='lat'><strong><em>29</em></strong></span> <span class='ocrx_word' id='word_1_222' title='bbox 452 2612 770 2653; x_wconf 83' lang='grc' dir='ltr'><strong><em>διετείνοντο</em></strong></span> 
     </span>
     <span class='ocr_line' id='line_1_42' title="bbox 123 2662 773 2716; baseline 0.005 -13"><span class='ocrx_word' id='word_1_223' title='bbox 123 2662 194 2711; x_wconf 76' lang='grc' dir='ltr'><strong><em>τάς</em></strong></span> <span class='ocrx_word' id='word_1_224' title='bbox 224 2662 369 2716; x_wconf 85' lang='grc' dir='ltr'><strong><em>λόγχας.</em></strong></span> <span class='ocrx_word' id='word_1_225' title='bbox 398 2686 452 2696; x_wconf 92' lang='lat'><strong><em>--</em></strong></span> <span class='ocrx_word' id='word_1_226' title='bbox 481 2668 590 2713; x_wconf 80' lang='lat' dir='ltr'>Quod</span> <span class='ocrx_word' id='word_1_227' title='bbox 618 2677 773 2706; x_wconf 82' lang='lat' dir='ltr'>autece-</span> 
     </span>
     <span class='ocr_line' id='line_1_43' title="bbox 123 2715 773 2769; baseline 0.011 -10"><span class='ocrx_word' id='word_1_228' title='bbox 123 2721 179 2758; x_wconf 86' lang='lat' dir='ltr'><strong><em>dit</em></strong></span> <span class='ocrx_word' id='word_1_229' title='bbox 202 2715 461 2769; x_wconf 82' lang='grc' dir='ltr'><strong><em>ἀπολεῦντες,</em></strong></span> <span class='ocrx_word' id='word_1_230' title='bbox 501 2731 542 2760; x_wconf 76' lang='lat' dir='ltr'><strong><em>ut</em></strong></span> <span class='ocrx_word' id='word_1_231' title='bbox 560 2726 600 2761; x_wconf 87' lang='lat' dir='ltr'><strong><em>iu</em></strong></span> <span class='ocrx_word' id='word_1_232' title='bbox 630 2721 773 2765; x_wconf 80' lang='grc' dir='ltr'><strong><em>ἀπολέ-</em></strong></span> 
     </span>
     <span class='ocr_line' id='line_1_44' title="bbox 123 2780 772 2826; baseline 0.003 -8"><span class='ocrx_word' id='word_1_233' title='bbox 123 2791 233 2826; x_wconf 85' lang='grc' dir='ltr'><strong><em>οντες</em></strong></span> <span class='ocrx_word' id='word_1_234' title='bbox 268 2784 440 2824; x_wconf 84' lang='lat' dir='ltr'>mutem,</span> <span class='ocrx_word' id='word_1_235' title='bbox 473 2780 583 2820; x_wconf 80' lang='lat' dir='ltr'>valde</span> <span class='ocrx_word' id='word_1_236' title='bbox 616 2782 772 2820; x_wconf 83' lang='lat' dir='ltr'>inclinat</span> 
     </span>
    </p>
   </div>
   <div class='ocr_carea' id='block_1_12' title="bbox 826 1598 1500 2835">
    <p class='ocr_par' dir='ltr' id='par_1_13' title="bbox 835 1598 1500 2044">
     <span class='ocr_line' id='line_1_45' title="bbox 841 1598 1500 1650; baseline 0.005 -16"><span class='ocrx_word' id='word_1_237' title='bbox 841 1598 1006 1636; x_wconf 81' lang='lat' dir='ltr'>animus.</span> <span class='ocrx_word' id='word_1_238' title='bbox 1064 1599 1147 1636; x_wconf 87' lang='lat' dir='ltr'><strong><em>Hoc</em></strong></span> <span class='ocrx_word' id='word_1_239' title='bbox 1203 1599 1306 1636; x_wconf 80' lang='lat' dir='ltr'>enim</span> <span class='ocrx_word' id='word_1_240' title='bbox 1344 1600 1500 1650; x_wconf 84' lang='lat' dir='ltr'>praebet</span> 
     </span>
     <span class='ocr_line' id='line_1_46' title="bbox 838 1655 1500 1704; baseline 0.002 -13"><span class='ocrx_word' id='word_1_241' title='bbox 838 1655 1078 1692; x_wconf 78' lang='lat' dir='ltr'>Florentinus</span> <span class='ocrx_word' id='word_1_242' title='bbox 1098 1656 1203 1703; x_wconf 83' lang='lat' dir='ltr'>liber,</span> <span class='ocrx_word' id='word_1_243' title='bbox 1225 1664 1262 1694; x_wconf 87' lang='lat' dir='ltr'><strong><em>et</em></strong></span> <span class='ocrx_word' id='word_1_244' title='bbox 1276 1657 1382 1704; x_wconf 88' lang='lat' dir='ltr'>V111,</span> <span class='ocrx_word' id='word_1_245' title='bbox 1421 1658 1500 1697; x_wconf 82' lang='lat'><strong><em>138</em></strong></span> 
     </span>
     <span class='ocr_line' id='line_1_47' title="bbox 840 1711 1498 1763; baseline 0.006 -15"><span class='ocrx_word' id='word_1_246' title='bbox 840 1724 973 1749; x_wconf 81' lang='lat' dir='ltr'>omnes</span> <span class='ocrx_word' id='word_1_247' title='bbox 994 1712 1079 1748; x_wconf 82' lang='lat' dir='ltr'>h&#39;bri</span> <span class='ocrx_word' id='word_1_248' title='bbox 1095 1714 1235 1763; x_wconf 80' lang='lat' dir='ltr'>scripti.</span> <span class='ocrx_word' id='word_1_249' title='bbox 1293 1714 1369 1750; x_wconf 86' lang='lat' dir='ltr'><strong><em>Pro</em></strong></span> <span class='ocrx_word' id='word_1_250' title='bbox 1391 1711 1498 1751; x_wconf 76' lang='grc' dir='ltr'><strong><em>’ἔστα-</em></strong></span> 
     </span>
     <span class='ocr_line' id='line_1_48' title="bbox 839 1769 1497 1817; baseline 0 -10"><span class='ocrx_word' id='word_1_251' title='bbox 839 1780 913 1807; x_wconf 89' lang='grc' dir='ltr'><strong><em>σαν</em></strong></span> <span class='ocrx_word' id='word_1_252' title='bbox 961 1769 1082 1817; x_wconf 80' lang='lat' dir='ltr'>(cuius</span> <span class='ocrx_word' id='word_1_253' title='bbox 1131 1770 1216 1806; x_wconf 92' lang='lat' dir='ltr'>loco</span> <span class='ocrx_word' id='word_1_254' title='bbox 1257 1770 1497 1807; x_wconf 80' lang='lat' dir='ltr'>Florentinus</span> 
     </span>
     <span class='ocr_line' id='line_1_49' title="bbox 838 1823 1496 1877; baseline 0.003 -14"><span class='ocrx_word' id='word_1_255' title='bbox 838 1823 1021 1871; x_wconf 73' lang='grc' dir='ltr'><strong><em>ἔστασαν)</em></strong></span> <span class='ocrx_word' id='word_1_256' title='bbox 1056 1833 1218 1877; x_wconf 83' lang='lat' dir='ltr'>quatuor</span> <span class='ocrx_word' id='word_1_257' title='bbox 1248 1825 1360 1863; x_wconf 88' lang='lat' dir='ltr'><strong>codd.</strong></span> <span class='ocrx_word' id='word_1_258' title='bbox 1383 1825 1496 1875; x_wconf 74' lang='grc' dir='ltr'><strong><em>ἔστη-</em></strong></span> 
     </span>
     <span class='ocr_line' id='line_1_50' title="bbox 840 1881 1495 1932; baseline -0.002 -13"><span class='ocrx_word' id='word_1_259' title='bbox 840 1893 936 1929; x_wconf 87' lang='grc' dir='ltr'><strong><em>σαν,</em></strong></span> <span class='ocrx_word' id='word_1_260' title='bbox 967 1881 1070 1932; x_wconf 86' lang='lat' dir='ltr'>quod</span> <span class='ocrx_word' id='word_1_261' title='bbox 1104 1881 1378 1919; x_wconf 80' lang='lat' dir='ltr'><strong><em>Valckenaerio</em></strong></span> <span class='ocrx_word' id='word_1_262' title='bbox 1398 1883 1495 1918; x_wconf 80' lang='lat' dir='ltr'>arri-</span> 
     </span>
     <span class='ocr_line' id='line_1_51' title="bbox 838 1935 1494 1986; baseline 0.005 -13"><span class='ocrx_word' id='word_1_263' title='bbox 838 1935 915 1974; x_wconf 86' lang='lat' dir='ltr'>det.</span> <span class='ocrx_word' id='word_1_264' title='bbox 972 1939 1024 1974; x_wconf 83' lang='lat' dir='ltr'><strong><em>At</em></strong></span> <span class='ocrx_word' id='word_1_265' title='bbox 1044 1937 1121 1976; x_wconf 82' lang='lat' dir='ltr'><strong><em>vid.</em></strong></span> <span class='ocrx_word' id='word_1_266' title='bbox 1141 1940 1248 1986; x_wconf 89' lang='lat' dir='ltr'>VIII,</span> <span class='ocrx_word' id='word_1_267' title='bbox 1285 1942 1364 1980; x_wconf 81' lang='lat'><strong><em>137</em></strong></span> <span class='ocrx_word' id='word_1_268' title='bbox 1387 1946 1423 1976; x_wconf 87' lang='lat' dir='ltr'><strong><em>et</em></strong></span> <span class='ocrx_word' id='word_1_269' title='bbox 1444 1939 1494 1976; x_wconf 83' lang='lat' dir='ltr'><strong><em>cf.</em></strong></span> 
     </span>
     <span class='ocr_line' id='line_1_52' title="bbox 835 1994 1246 2044; baseline 0.01 -15"><span class='ocrx_word' id='word_1_270' title='bbox 835 1994 967 2044; x_wconf 87' lang='lat' dir='ltr'>Eurip.</span> <span class='ocrx_word' id='word_1_271' title='bbox 983 1994 1102 2031; x_wconf 82' lang='lat' dir='ltr'>orest.</span> <span class='ocrx_word' id='word_1_272' title='bbox 1128 1994 1246 2035; x_wconf 82' lang='lat'>1460.</span> 
     </span>
    </p>

    <p class='ocr_par' dir='ltr' id='par_1_14' title="bbox 826 2047 1494 2835">
     <span class='ocr_line' id='line_1_53' title="bbox 891 2047 1492 2101; baseline 0.002 -13"><span class='ocrx_word' id='word_1_273' title='bbox 891 2047 1022 2101; x_wconf 73' lang='grc' dir='ltr'><strong><em>πάντη</em></strong></span> <span class='ocrx_word' id='word_1_274' title='bbox 1069 2050 1375 2098; x_wconf 82' lang='grc' dir='ltr'><strong><em>συστρέψαντες</em></strong></span> <span class='ocrx_word' id='word_1_275' title='bbox 1397 2048 1492 2089; x_wconf 60' lang='lat' dir='ltr'><strong><em>{mv-</em></strong></span> 
     </span>
     <span class='ocr_line' id='line_1_54' title="bbox 833 2102 1494 2157; baseline -0.003 -12"><span class='ocrx_word' id='word_1_276' title='bbox 833 2102 947 2157; x_wconf 77' lang='grc' dir='ltr'><strong><em>τούς]</em></strong></span> <span class='ocrx_word' id='word_1_277' title='bbox 989 2106 1277 2156; x_wconf 77' lang='lat' dir='ltr'><strong><em>„Conglobarunt</em></strong></span> <span class='ocrx_word' id='word_1_278' title='bbox 1312 2120 1352 2143; x_wconf 89' lang='lat' dir='ltr'><strong><em>se</em></strong></span> <span class='ocrx_word' id='word_1_279' title='bbox 1386 2105 1494 2143; x_wconf 81' lang='lat' dir='ltr'>Pho-</span> 
     </span>
     <span class='ocr_line' id='line_1_55' title="bbox 832 2164 1494 2213; baseline 0 -14"><span class='ocrx_word' id='word_1_280' title='bbox 832 2176 960 2199; x_wconf 82' lang='lat' dir='ltr'><strong>censes</strong></span> <span class='ocrx_word' id='word_1_281' title='bbox 979 2164 1166 2213; x_wconf 78' lang='lat' dir='ltr'>impetum</span> <span class='ocrx_word' id='word_1_282' title='bbox 1180 2164 1405 2199; x_wconf 81' lang='lat' dir='ltr'>irruentium</span> <span class='ocrx_word' id='word_1_283' title='bbox 1423 2176 1494 2199; x_wconf 83' lang='lat' dir='ltr'><strong><em>ex-</em></strong></span> 
     </span>
     <span class='ocr_line' id='line_1_56' title="bbox 833 2219 1491 2269; baseline 0.002 -14"><span class='ocrx_word' id='word_1_284' title='bbox 833 2220 1019 2269; x_wconf 82' lang='lat' dir='ltr'>cepturi,“</span> <span class='ocrx_word' id='word_1_285' title='bbox 1061 2219 1127 2257; x_wconf 80' lang='lat' dir='ltr'><strong><em>We</em></strong></span> <span class='ocrx_word' id='word_1_286' title='bbox 1139 2232 1154 2254; x_wconf 68' lang='lat' dir='ltr'><em>s</em></span> <span class='ocrx_word' id='word_1_287' title='bbox 1166 2234 1181 2256; x_wconf 82' lang='lat' dir='ltr'><strong><em>s</em></strong></span> <span class='ocrx_word' id='word_1_288' title='bbox 1191 2220 1229 2256; x_wconf 84' lang='lat' dir='ltr'><strong><em>el</em></strong></span> <span class='ocrx_word' id='word_1_289' title='bbox 1241 2222 1256 2256; x_wconf 82' lang='grc' dir='ltr'><strong><em>ι’</em></strong></span> <span class='ocrx_word' id='word_1_290' title='bbox 1268 2233 1291 2256; x_wconf 83' lang='grc' dir='ltr'><strong><em>η</em></strong></span> <span class='ocrx_word' id='word_1_291' title='bbox 1301 2232 1337 2268; x_wconf 83' lang='lat' dir='ltr'><strong><em>g.</em></strong></span> <span class='ocrx_word' id='word_1_292' title='bbox 1373 2220 1491 2256; x_wconf 82' lang='lat' dir='ltr'>citans</span> 
     </span>
     <span class='ocr_line' id='line_1_57' title="bbox 832 2274 1490 2322; baseline 0.002 -10"><span class='ocrx_word' id='word_1_293' title='bbox 832 2275 991 2316; x_wconf 85' lang='lat' dir='ltr'>Diodor.</span> <span class='ocrx_word' id='word_1_294' title='bbox 1012 2277 1089 2322; x_wconf 89' lang='lat'>111,</span> <span class='ocrx_word' id='word_1_295' title='bbox 1126 2279 1191 2316; x_wconf 82' lang='grc'><strong><em>36.</em></strong></span> <span class='ocrx_word' id='word_1_296' title='bbox 1214 2278 1281 2316; x_wconf 89' lang='grc'><strong><em>61.</em></strong></span> <span class='ocrx_word' id='word_1_297' title='bbox 1330 2277 1395 2313; x_wconf 89' lang='lat' dir='ltr'><strong><em>Tu</em></strong></span> <span class='ocrx_word' id='word_1_298' title='bbox 1414 2274 1490 2313; x_wconf 82' lang='lat' dir='ltr'>vid.</span> 
     </span>
     <span class='ocr_line' id='line_1_58' title="bbox 833 2332 1490 2380; baseline -0.002 -12"><span class='ocrx_word' id='word_1_299' title='bbox 833 2339 928 2369; x_wconf 83' lang='lat' dir='ltr'>nott.</span> <span class='ocrx_word' id='word_1_300' title='bbox 945 2332 992 2368; x_wconf 81' lang='lat' dir='ltr'><strong><em>ad</em></strong></span> <span class='ocrx_word' id='word_1_301' title='bbox 1017 2332 1160 2371; x_wconf 77' lang='lat' dir='ltr'>Herod.</span> <span class='ocrx_word' id='word_1_302' title='bbox 1189 2332 1259 2380; x_wconf 91' lang='lat' dir='ltr'><strong><em>VI,</em></strong></span> <span class='ocrx_word' id='word_1_303' title='bbox 1291 2334 1330 2372; x_wconf 88' lang='lat'><strong><em>6.</em></strong></span> <span class='ocrx_word' id='word_1_304' title='bbox 1390 2333 1490 2368; x_wconf 88' lang='lat' dir='ltr'>Hinc</span> 
     </span>
     <span class='ocr_line' id='line_1_59' title="bbox 831 2390 1491 2438; baseline -0.002 -12"><span class='ocrx_word' id='word_1_305' title='bbox 831 2390 961 2426; x_wconf 87' lang='lat' dir='ltr'>Livius</span> <span class='ocrx_word' id='word_1_306' title='bbox 982 2390 1068 2425; x_wconf 90' lang='lat' dir='ltr'>VIII</span> <span class='ocrx_word' id='word_1_307' title='bbox 1081 2419 1097 2438; x_wconf 32' lang='lat'><strong><em>‚¹</em></strong></span> <span class='ocrx_word' id='word_1_308' title='bbox 1127 2392 1192 2429; x_wconf 83' lang='lat'><strong><em>11.</em></strong></span> <span class='ocrx_word' id='word_1_309' title='bbox 1226 2401 1358 2437; x_wconf 76' lang='lat' dir='ltr'><em>„quum</em></span> <span class='ocrx_word' id='word_1_310' title='bbox 1389 2401 1423 2424; x_wconf 86' lang='lat' dir='ltr'><strong><em>se</em></strong></span> <span class='ocrx_word' id='word_1_311' title='bbox 1453 2390 1491 2425; x_wconf 79' lang='lat' dir='ltr'><strong><em>in</em></strong></span> 
     </span>
     <span class='ocr_line' id='line_1_60' title="bbox 829 2445 1490 2494; baseline -0.002 -12"><span class='ocrx_word' id='word_1_312' title='bbox 829 2458 936 2483; x_wconf 85' lang='lat' dir='ltr'><em>unum</em></span> <span class='ocrx_word' id='word_1_313' title='bbox 955 2445 1253 2494; x_wconf 79' lang='lat' dir='ltr'><strong><em>conglobassent.“</em></strong></span> <span class='ocrx_word' id='word_1_314' title='bbox 1310 2445 1402 2480; x_wconf 85' lang='lat' dir='ltr'><strong><em>Mox</em></strong></span> <span class='ocrx_word' id='word_1_315' title='bbox 1422 2457 1490 2494; x_wconf 86' lang='lat' dir='ltr'><strong><em>pro</em></strong></span> 
     </span>
     <span class='ocr_line' id='line_1_61' title="bbox 832 2498 1488 2549; baseline -0.003 -9"><span class='ocrx_word' id='word_1_316' title='bbox 832 2498 939 2541; x_wconf 80' lang='grc' dir='ltr'><strong><em>εἶπαι</em></strong></span> <span class='ocrx_word' id='word_1_317' title='bbox 958 2516 978 2537; x_wconf 86' lang='lat' dir='ltr'>e</span> <span class='ocrx_word' id='word_1_318' title='bbox 1000 2501 1111 2540; x_wconf 88' lang='lat' dir='ltr'>codd.</span> <span class='ocrx_word' id='word_1_319' title='bbox 1142 2502 1317 2537; x_wconf 80' lang='lat' dir='ltr'>revocavi</span> <span class='ocrx_word' id='word_1_320' title='bbox 1339 2500 1488 2549; x_wconf 64' lang='grc' dir='ltr'><strong><em>εἰπεῖν.)</em></strong></span> 
     </span>
     <span class='ocr_line' id='line_1_62' title="bbox 831 2555 1488 2609; baseline 0.006 -16"><span class='ocrx_word' id='word_1_321' title='bbox 831 2557 878 2594; x_wconf 91' lang='lat' dir='ltr'><strong><em>de</em></strong></span> <span class='ocrx_word' id='word_1_322' title='bbox 901 2571 976 2609; x_wconf 92' lang='lat' dir='ltr'><strong><em>quo</em></strong></span> <span class='ocrx_word' id='word_1_323' title='bbox 1011 2557 1091 2594; x_wconf 78' lang='lat' dir='ltr'><strong><em>dixi</em></strong></span> <span class='ocrx_word' id='word_1_324' title='bbox 1121 2557 1168 2594; x_wconf 85' lang='lat' dir='ltr'><strong><em>ad</em></strong></span> <span class='ocrx_word' id='word_1_325' title='bbox 1191 2558 1298 2600; x_wconf 89' lang='lat' dir='ltr'>VIII,</span> <span class='ocrx_word' id='word_1_326' title='bbox 1338 2555 1403 2596; x_wconf 84' lang='grc'><strong><em>65.</em></strong></span> <span class='ocrx_word' id='word_1_327' title='bbox 1432 2576 1488 2585; x_wconf 91' lang='lat'><strong><em>—-</em></strong></span> 
     </span>
     <span class='ocr_line' id='line_1_63' title="bbox 828 2612 1487 2664; baseline 0.002 -15"><span class='ocrx_word' id='word_1_328' title='bbox 828 2613 891 2650; x_wconf 86' lang='lat' dir='ltr'><strong><em>Ad</em></strong></span> <span class='ocrx_word' id='word_1_329' title='bbox 925 2615 1085 2651; x_wconf 84' lang='lat' dir='ltr'>verbum</span> <span class='ocrx_word' id='word_1_330' title='bbox 1114 2614 1358 2664; x_wconf 80' lang='grc' dir='ltr'><strong><em>πειρηθῆναι</em></strong></span> <span class='ocrx_word' id='word_1_331' title='bbox 1386 2612 1487 2650; x_wconf 89' lang='lat' dir='ltr'>conf.</span> 
     </span>
     <span class='ocr_line' id='line_1_64' title="bbox 828 2667 1487 2717; baseline -0.003 -11"><span class='ocrx_word' id='word_1_332' title='bbox 828 2671 907 2706; x_wconf 87' lang='lat' dir='ltr'>citt.</span> <span class='ocrx_word' id='word_1_333' title='bbox 930 2669 977 2706; x_wconf 81' lang='lat' dir='ltr'><strong><em>ad</em></strong></span> <span class='ocrx_word' id='word_1_334' title='bbox 999 2671 1104 2717; x_wconf 88' lang='lat' dir='ltr'>VIII,</span> <span class='ocrx_word' id='word_1_335' title='bbox 1136 2671 1226 2709; x_wconf 86' lang='lat'>100.</span> <span class='ocrx_word' id='word_1_336' title='bbox 1285 2667 1395 2713; x_wconf 80' lang='lat' dir='ltr'>Quod</span> <span class='ocrx_word' id='word_1_337' title='bbox 1425 2682 1487 2705; x_wconf 87' lang='lat' dir='ltr'><strong><em>se-</em></strong></span> 
     </span>
     <span class='ocr_line' id='line_1_65' title="bbox 829 2725 1484 2777; baseline -0.003 -15"><span class='ocrx_word' id='word_1_338' title='bbox 829 2726 956 2777; x_wconf 77' lang='lat' dir='ltr'>quitui·</span> <span class='ocrx_word' id='word_1_339' title='bbox 989 2725 1209 2777; x_wconf 79' lang='grc' dir='ltr'><strong><em>μετέχουσι,</em></strong></span> <span class='ocrx_word' id='word_1_340' title='bbox 1252 2726 1386 2776; x_wconf 79' lang='lat' dir='ltr'>reliqui</span> <span class='ocrx_word' id='word_1_341' title='bbox 1422 2726 1484 2760; x_wconf 86' lang='lat' dir='ltr'><strong><em>in-</em></strong></span> 
     </span>
     <span class='ocr_line' id='line_1_66' title="bbox 826 2780 1484 2835; baseline -0.002 -15"><span class='ocrx_word' id='word_1_342' title='bbox 826 2789 991 2832; x_wconf 82' lang='lat' dir='ltr'><strong><em>tactum,</em></strong></span> <span class='ocrx_word' id='word_1_343' title='bbox 1020 2794 1255 2835; x_wconf 72' lang='lat' dir='ltr'>quamquam</span> <span class='ocrx_word' id='word_1_344' title='bbox 1270 2780 1350 2819; x_wconf 88' lang='lat' dir='ltr'><strong><em>duo</em></strong></span> <span class='ocrx_word' id='word_1_345' title='bbox 1371 2780 1484 2819; x_wconf 89' lang='lat' dir='ltr'>codd.</span> 
     </span>
    </p>
   </div>
   <div class='ocr_carea' id='block_1_13' title="bbox 1505 516 1777 549">
    <p class='ocr_par' dir='ltr' id='par_1_15' title="bbox 1505 516 1777 549">
     <span class='ocr_line' id='line_1_67' title="bbox 1505 516 1777 549; baseline 0.015 -7"><span class='ocrx_word' id='word_1_346' title='bbox 1505 516 1648 549; x_wconf 81' lang='lat' dir='ltr'>quomodo</span> <span class='ocrx_word' id='word_1_347' title='bbox 1670 520 1777 546; x_wconf 29' lang='lat' dir='ltr'><strong><em>tracta-⁷</em></strong></span> 
     </span>
    </p>
   </div>
  </div>
 </body>
</html>
