1839 3292
202 238 287 278 388
751 237 1135 277 COMMENTATIO

205 350 398 388 coloniam
427 347 632 387 deductam
663 357 699 387 et
726 350 882 400 scriptos
903 356 940 386 et
967 362 1036 400 per
1056 349 1294 387 recitationes
1315 351 1468 388 Graecis
1486 351 1696 390 innotuisse

205 409 408 454 censuerit,
447 407 565 444 modo
586 420 635 443 ne
662 406 847 454 eandem,
892 405 968 457 quat
988 419 1091 442 nunc
1117 407 1315 456 leguntur,
1338 408 1500 444 formam
1516 409 1593 445 iam
1614 416 1696 446 tum

203 462 377 501 habuisse
398 462 615 500 contendat.
672 465 807 515 Neque
841 463 1040 514 Olympiae
1061 464 1233 499 recitasse
1264 477 1403 514 negem
1424 478 1538 513 eum,
1579 478 1696 517 quem

203 528 242 558 et
267 518 469 557 Corinthiis
489 526 525 555 et
545 517 742 556 Thebanis
763 519 935 556 historias
952 532 1037 556 suas
1056 518 1268 557 venditasse
1289 521 1480 570 legamu53
1510 521 1613 573 quod
1634 529 1696 559 ta—

201 590 294 614 men
309 579 339 614 si
359 578 435 612 iam
452 576 603 627 Olymp.
621 578 789 613 LXXXI
809 577 952 613 factum
968 583 1046 624 est,
1074 589 1232 627 parvam
1252 583 1402 613 tantum
1429 579 1543 615 totius
1571 579 1694 630 operis

202 641 352 685 partem
381 631 708 683 comprehendere
735 635 900 684 potuisse
930 640 1031 670 recte
1059 634 1221 685 Heysius
1251 634 1460 681 intellexit,
1500 635 1561 671 cui
1596 648 1695 686 quae

200 692 378 740 Iaegerus
398 702 521 740 nuper
540 692 715 740 opposuit
736 691 788 740 (p.
804 691 898 739 1Q):
927 703 1006 726 non
1032 691 1103 727 nisi
1125 691 1276 742 reliquis
1298 691 1492 727 itineribus
1514 692 1694 730 confectis

202 745 418 798 magnaque
437 759 565 782 rerum
586 747 695 798 copia
717 746 875 784 collect&
904 753 1024 783 totam
1045 748 1167 797 operis
1189 748 1374 783 rationem
1391 776 1400 794 ,
1423 746 1525 783 unde
1546 748 1694 798 singula

202 803 414 855 pendeant,
445 801 630 840 Herodoti
651 805 777 840 animo
800 802 989 853 designari
1008 805 1193 854 potuisse3
1226 817 1345 855 quum
1361 803 1408 840 ad
1423 803 1588 841 somnam
1606 811 1695 841 tan-

202 867 287 899 tum
306 861 429 912 operis
448 866 642 911 spectent,
672 873 802 898 rerum
822 861 991 912 ipsarum
1011 862 1270 898 recitationem
1289 874 1369 898 non
1389 861 1650 899 convellunt.“

887 985 927 1031 ξ.
966 986 1007 1026 6.

316 1086 422 1132 Quae
442 1091 637 1137 praeterea
656 1083 853 1124 Herodoto
870 1085 1076 1124 acciderint
1097 1092 1134 1124 et
1153 1085 1272 1138 qualis
1292 1085 1406 1123 fuerit
1429 1086 1529 1124 vitae
1549 1100 1692 1136 cursus,

203 1156 254 1180 ex
275 1156 351 1195 quo
371 1142 538 1180 Thurios
559 1151 731 1192 cesserat,
762 1145 874 1195 plane
894 1145 1137 1194 ignoramus,
1183 1157 1270 1180 cum
1291 1142 1387 1179 nihil
1411 1143 1621 1196 quidquam
1645 1144 1693 1181 de

202 1199 261 1237 his
291 1201 379 1236 alibi
406 1199 587 1237 traditum
608 1208 728 1238 exstet
757 1208 793 1237 et
814 1214 935 1252 pauca
960 1203 1181 1237 tantum‘ex
1200 1202 1314 1251 ipsius
1336 1199 1520 1237 Herodoti
1549 1202 1694 1252 scriptis

204 1256 422 1294 coniectura
452 1259 575 1308 potius
609 1258 757 1310 assequi
785 1259 909 1295 liceat.
969 1258 1042 1303 Qui
1067 1270 1187 1309 quum
1218 1257 1415 1293 occasione
1437 1258 1562 1294 oblata
1592 1270 1694 1295 non—

202 1314 308 1350 nulla
328 1313 473 1361 tradat,
496 1327 594 1366 quae
624 1314 672 1351 ad
692 1316 832 1352 seriora
847 1316 1061 1365 pertineant
1081 1322 1254 1364 tempora
1267 1343 1277 1361 ,
1319 1313 1409 1350 inde
1437 1315 1693 1366 consequitur,

204 1383 250 1407 eo
271 1384 391 1422 usque
412 1371 521 1407 illum
544 1371 755 1409 extendisse
776 1372 907 1409 vitam.
965 1373 1098 1423 Itaque
1124 1370 1199 1407 duo
1221 1371 1458 1421 potissimum
1491 1379 1580 1408 sunt
1604 1372 1693 1420 loci,

204 1427 341 1479 quibus
362 1428 512 1478 probari
533 1441 641 1478 posse
662 1435 798 1480 putant
818 1427 1058 1465 Herodotum
1070 1441 1190 1479 usque
1211 1427 1258 1464 ad
1280 1440 1425 1464 annum
1445 1428 1526 1469 408
1549 1441 1580 1465 a.
1601 1426 1694 1470 Chr.

203 1497 244 1521 n.
266 1497 297 1520 s.
323 1485 477 1536 Olymp.
493 1486 630 1534 XCIII,
654 1488 673 1525 1
701 1487 819 1523 vitam
841 1484 1086 1536 perduxisse:
1115 1484 1246 1532 111‚15
1267 1492 1303 1521 et
1323 1485 1353 1529 Ι,
1376 1487 1475 1525 130:
1509 1497 1602 1536 quos
1616 1497 1694 1522 uua

203 1553 294 1577 cum
315 1541 394 1578 aliis
414 1543 491 1577 iam
511 1555 623 1593 supra
645 1543 681 1588 §.
702 1540 728 1581 4
750 1543 958 1592 attigimus.
1014 1544 1149 1594 Neque
1180 1554 1270 1578 vero
1299 1541 1692 1592 praetermittendum,

203 1597 365 1634 alterum
392 1599 518 1635 locum
539 1600 568 1646 I,
595 1601 672 1639 130
691 1601 877 1648 Krfigero,
906 1606 949 1635 ut
975 1599 1052 1635 iam
1073 1600 1112 1634 in
1130 1599 1373 1634 annotatione
1395 1597 1442 1634 ad
1467 1596 1507 1635 h.
1526 1599 1553 1635 l.
1574 1599 1693 1636 Tom-

203 1653 222 1689 Ι
241 1667 280 1704 p.
305 1656 385 1694 306
407 1654 572 1691 indicavi
603 1654 687 1703 (ubi
718 1654 816 1691 adde
836 1657 882 1692 sis
904 1656 950 1692 ab
972 1654 1109 1692 eodem
1130 1657 1303 1704 Kriigero
1325 1654 1512 1705 disputata
1531 1656 1571 1691 in
1595 1655 1692 1693 libro

203 1708 253 1746 de
270 1711 347 1747 vita
367 1709 606 1762 Thucydidis
626 1725 664 1761 p.
682 1713 734 1751 26
748 1725 827 1763 seq.
849 1713 902 1752 29
921 1713 1034 1763 seq.),
1064 1713 1260 1762 posteriori
1289 1718 1410 1748 aetate
1430 1713 1614 1748 insertum
1632 1712 1693 1749 vi-

203 1765 305 1812 deri,
334 1768 405 1803 nisi
425 1766 472 1804 ad
492 1769 617 1818 priora
637 1769 742 1804 Darii
761 1770 955 1820 Hystaspis
976 1775 1148 1819 tempora
1164 1769 1365 1805 reseratur:
1410 1767 1457 1805 de
1483 1781 1559 1819 quo
1582 1769 1694 1821 equi-

202 1821 293 1860 dem
312 1822 424 1860 valde
444 1823 590 1861 dubito.
649 1825 747 1870 Quin
765 1826 925 1861 alterum
946 1838 1099 1877 quoque
1120 1826 1248 1862 locum
1268 1826 1333 1871 III,
1354 1824 1403 1864 15
1425 1823 1493 1875 (ad
1507 1838 1622 1877 quem
1643 1825 1691 1863 cf.

200 1887 298 1917 nott.
319 1881 370 1918 T.
390 1882 426 1917 II
444 1895 482 1932 p.
503 1883 570 1921 28.
591 1882 660 1929 29)
690 1879 766 1918 huc
801 1881 925 1918 afferri
958 1895 1066 1933 posse
1091 1881 1195 1919 idem
1215 1889 1350 1931 negat,
1400 1894 1521 1933 quum
1551 1883 1617 1934 qui
1639 1882 1693 1918 ibi

204 1934 354 1973 dicatur
381 1938 635 1989 Amyrtaeu83
676 1937 844 1975 diversus
871 1939 934 1975 ille
955 1938 1112 1990 quidem
1145 1940 1192 1975 ab
1223 1939 1438 1975 Eusebiano
1469 1940 1692 1990 Amyrtaeo,

200 1990 304 2030 idem
320 1994 377 2041 sit,
395 1996 460 2046 qui
481 1995 757 2047 quinquaginta
780 2002 867 2032 ante
888 1997 996 2032 annis
1021 2009 1110 2032 cum
1137 1998 1249 2032 Inaro
1270 1996 1465 2046 Aegyptiis
1489 1996 1692 2033 rebellibus

199 2050 415 2100 praefuerit.
473 2053 566 2088 Utut
593 2054 748 2100 statuis,
780 2051 869 2089 beili
897 2053 1215 2102 Peloponnesiaci
1248 2053 1349 2088 mala
1384 2059 1420 2089 et
1459 2053 1692 2090 calamitates

199 2105 440 2144 Herodotum
460 2107 596 2146 vidisse
616 2109 778 2159 probant
800 2110 864 2156 VI,
878 2110 930 2149 98
954 2110 1041 2145 coll.
1065 2110 1145 2157 VII,
1162 2112 1239 2149 137
1255 2110 1346 2161 ibiq.
1368 2115 1464 2146 nott.
1484 2123 1556 2146 nec
1576 2107 1692 2161 quid-

200 2175 318 2214 quam
337 2177 427 2201 sane
449 2165 591 2212 obstat,
623 2167 826 2216 quominus
852 2164 899 2202 ad
919 2165 1036 2201 finem
1056 2164 1214 2202 huiusce
1233 2166 1323 2202 belli
1353 2179 1472 2217 usque
1512 2164 1691 2202 Herodo-

198 2226 282 2256 tum
302 2221 440 2257 vixisse
461 2220 680 2270 credamus3
714 2223 779 2274 qui
801 2235 876 2274 quo
898 2235 998 2258 anno
1020 2223 1177 2269 obierit,
1208 2223 1383 2272 nuspiam
1408 2220 1587 2269 traditurz,
1616 2235 1690 2259 nec

198 2277 320 2327 magis
349 2276 531 2314 traditum
567 2279 762 2326 invenias,
810 2277 901 2331 quid
931 2292 998 2328 per
1025 2278 1119 2314 illud
1140 2280 1319 2328 temporis
1339 2278 1514 2327 spatium,
1544 2292 1593 2315 ex
1613 2291 1689 2330 quo

198 2331 366 2370 Thurios
383 2332 566 2381 discessit,
596 2347 718 2386 usque
739 2334 787 2371 ad
817 2337 963 2372 obitum
983 2338 1157 2385 gesserim
1194 2336 1390 2384 expletum
1425 2342 1525 2371 certe
1557 2334 1688 2373 credas

197 2389 286 2426 licet
305 2397 389 2427 tum
408 2388 651 2427 historiarum
671 2404 785 2442 opere
804 2392 842 2427 in
865 2391 1038 2428 ordinem
1066 2390 1294 2441 redigendo,
1348 2390 1601 2442 perficiendo,
1638 2393 1689 2428 li-

198 2445 356 2495 mando,
375 2454 458 2483 tum
468 2448 661 2484 itineribus
683 2461 751 2498 per
767 2449 964 2485 Graeciam
987 2461 1168 2498 magnam
1182 2448 1440 2499 Siciliamque,
1461 2449 1552 2500 quin
1566 2449 1688 2500 ipsam

198 2515 267 2552 per
295 2504 494 2540 Graeciam
525 2502 579 2555 (si
609 2511 710 2541 recte
738 2517 851 2555 supra
881 2506 1103 2552 statuimus)
1137 2506 1255 2541 factis.
1320 2506 1400 2541 Nec
1432 2504 1568 2542 desunt
1595 2518 1687 2542 sane

198 2559 293 2606 loci,
326 2573 419 2612 quos
447 2562 487 2597 in
508 2561 614 2597 Italia
634 2563 862 2612 conscriptos
879 2575 957 2598 esse
982 2560 1142 2597 dubium
1167 2562 1232 2597 vix
1253 2568 1326 2598 est:
1362 2562 1426 2610 IV,
1448 2559 1501 2601 46
1523 2562 1596 2598 coll
1620 2561 1687 2603 15.

198 2615 263 2662 IV,
280 2617 344 2655 99.
372 2618 416 2665 V,
433 2616 486 2656 44
505 2618 635 2669 ibique
663 2625 743 2656 not.
793 2619 841 2655 Et
859 2618 1010 2668 longius
1029 2620 1208 2655 Nostrum
1229 2617 1384 2655 Thuriis
1407 2624 1685 2655 commoratum

202 2684 280 2708 esse
289 2673 349 2709 vel
357 2672 445 2710 inde
455 2675 538 2725 quis
550 2674 821 2728 colligat,quod
831 2687 852 2712 a
864 2673 1091 2727 quibusdam
1100 2675 1247 2712 serioris
1258 2676 1386 2712 aetatis
1395 2670 1684 2725 scriptoribus*)

293 2801 331 2846 *)
356 2802 414 2836 Sic
435 2803 560 2839 Strabo
585 2805 680 2848 XIV,
702 2808 725 2842 2
748 2817 781 2852 p.
807 2806 873 2841 656
896 2816 923 2840 ε.
948 2807 1016 2841 970
1040 2809 1076 2839 A.
1108 2802 1308 2849 Ἡρόδοτος
1336 2800 1381 2840 ὃν
1407 2801 1562 2849 ὕστερον
1585 2802 1681 2839 Θού-

202 2859 284 2892 ριον
310 2846 497 2885 ἐκάλεσαν.
543 2851 628 2888 Add.
645 2852 767 2887 Iuliani
789 2853 902 2898 Epist.
919 2854 965 2887 22
987 2852 1061 2888 init.
1084 2852 1203 2887 Avien.
1224 2864 1275 2887 or.
1299 2852 1408 2886 marit.
1429 2853 1485 2886 49.
1509 2850 1684 2888 Plutarch.
