1839 3292
419 261 471 299 18
815 252 1279 292 MERODOTI

414 367 620 424 Ἀφέτας,
650 365 725 409 καὶ
754 365 854 418 περί
882 379 925 406 τε
954 362 1034 413 τὰς
1063 359 1247 416 πρώρας
1275 365 1365 404 τῶν
1384 366 1498 405 νεῶν
1528 363 1686 408 εἱλέον-

390 442 493 487 Ξτο,
533 434 605 478 καὶ
635 433 876 486 ἐτάρασσον
913 430 1021 482 τούς
1050 430 1243 484 ταρσοὺς
1272 434 1362 472 τῶν
1390 430 1583 474 κωπέων.
1643 434 1686 476 οἱ

418 503 465 546 δὲ
495 504 752 556 στρατιῶται
783 500 826 542 οἱ
855 498 1002 556 ταύτῃ,
1034 497 1272 549 ἀκούοντες
1288 502 1436 550 ταῦτα,
1469 499 1511 550 ἐς
1540 498 1687 556 φόβον

419 569 694 617 κατιστέατο,
747 567 988 620 ἐλπίζοντες
1027 567 1170 623 πάγχυ
1211 565 1497 617 ἀπολέεσθαι,
1538 567 1581 617 ἐς
1613 565 1743 610 οἷα65

388 637 531 680 3κακιὶ
569 631 690 691 ἧκον,
748 635 854 687 πρὶν
882 634 967 689 γοὶρ
997 633 1026 690 ἢ
1054 635 1128 678 καὶ
1169 632 1444 677 α’ναπνεῦσαί
1474 646 1611 690 σφεας
1641 636 1687 678 ἔκ

418 720 462 747 τε
501 707 576 759 τῆς
608 704 819 758 ναυηγίης
861 702 934 745 καὶ
969 706 1052 746 τοῦ
1092 706 1301 758 χειμῶνος
1329 707 1409 745 τοῦ
1447 703 1688 758 γενομένου

419 771 530 816 κατὰ
560 769 739 825 Πήλιον,
775 769 963 826 ὑπέλαβε
986 772 1203 826 ναυμαχίη
1223 769 1432 826 καρτερή·
1465 770 1511 813 ἐκ
1542 770 1586 813 δὲ
1608 774 1686 827 τῆς

419 839 677 893 ναυμαχίης,
711 836 877 893 ὄμβρος
906 853 950 881 τε
981 839 1167 895 λάβρος,
1205 839 1278 882 καὶ
1309 838 1502 894 ῥεύματα
1531 837 1686 895 ἰσχυροὶ

421 907 464 958 ἐς
493 906 722 949 θάλασσαν
762 904 1019 962 (ὁρμημένα,
1060 909 1243 962 βρονταί
1282 923 1327 950 τε
1358 908 1553 961 σκληραί.
1611 907 1686 950 καὶ

296 980 360 1025 13
418 972 610 1017 τούτοισι
634 973 713 1027 μὲν
728 974 905 1031 τοιαύτη
926 974 1008 1026 νύξ
1029 975 1202 1030 ἐγίνετο.
1267 979 1391 1017 Τοῖσι
1421 975 1466 1018 δὲ
1495 980 1742 1030 ταχθεῖσιῗι

92 1045 364 1108 ἓξῃπζίζξῐιξζξξῗῠ·
423 1040 566 1084 αὐτῶν
594 1041 854 1109 περιπλώειν
891 1042 1093 1099 Εὔβοιαν
1122 1043 1148 1100 ἡ
1184 1042 1292 1098 αὐτή
1331 1058 1412 1098 περ
1445 1043 1581 1086 ἐοῦσα
1609 1041 1690 1094 νὺξ

422 1109 584 1155 πολλόν
611 1110 667 1165 ἡν
696 1110 757 1153 ἔτι
788 1111 1053 1169 α’γριωτέρη,
1082 1111 1277 1170 τοσούτῳ
1308 1111 1398 1168 ὅσῳ
1437 1111 1484 1155 ἐν
1513 1109 1690 1167 πελάγεϊ

1772 933 1839 972 62:

93 1116 199 1155 benten
221 1112 350 1141 confrin-

93 1155 149 1184 gut.

363 1275 421 1311 ril.
442 1272 543 1325 apud
561 1270 704 1309 Athen.
733 1272 791 1308 XI
813 1285 853 1324 p.
873 1270 954 1313 464
976 1274 1024 1312 Β.

364 1332 451 1367 coll.
471 1332 592 1367 Cle-m.
612 1328 822 1368 Alexandr.
853 1329 1023 1380 Paedag.

362 1389 398 1424 11
418 1402 455 1439 p.
481 1389 569 1434 179,
594 1389 660 1427 29.
718 1388 777 1422 De
805 1386 950 1437 Aplcetc's
972 1388 1022 1424 cf.

362 1452 459 1481 nott.
490 1443 539 1480 ad
567 1444 648 1489 Vll,
672 1445 749 1483 193
782 1449 819 1479 et
839 1443 886 1480 de
907 1445 1023 1481 verbo

365 1500 626 1550 ἐκφορεῖσθαι
643 1500 752 1536 auam
775 1499 823 1536 ad
837 1501 1023 1547 VII,1SS.

364 1560 447 1594 Hoc
475 1558 558 1594 loco
588 1557 690 1592 male
722 1556 879 1609 quidam
909 1557 1020 1598 codd.

363 1612 592 1665 ἐξεφέροντο
637 1625 705 1664 pro
751 1613 1022 1664 ἐξεφορέοντο.

363 1673 408 1707 In
446 1684 550 1722 seqq.
592 1669 763 1709 εἱλέοντο
803 1672 946 1721 accipio
987 1685 1022 1709 se

364 1728 554 1774 volvebant,
595 1739 617 1763 a
649 1728 766 1764 verbo
787 1729 943 1780 antiquo
967 1728 1023 1767 εἰ·

364 1783 437 1823 λέω
471 1784 579 1831 υοΙυο,
615 1786 836 1833 constringo3
877 1785 924 1822 de
947 1798 1022 1836 quo

365 1841 466 1877 conf.
484 1842 710 1878 Buttmann.
733 1842 907 1893 Lexilog.
927 1843 964 1878 11
983 1856 1023 1894 p.

367 1896 600 1938 141—159.

420 1950 637 2004 ἐτάρασσον
655 1950 1024 2006 τοὺςταρσούςτοΐν

363 2009 545 2058 κωπέων]
576 2011 601 2047 i.
623 2023 657 2047 e.
685 2012 919 2061 impediebant
935 2012 1022 2061 pal-

362 2067 476 2103 mulas
495 2080 674 2104 remorum.
712 2070 811 2104 citat
832 2067 968 2105 Suidas
989 2081 1020 2108 s.

361 2136 398 2158 v.
419 2121 562 2174 ταρσός
580 2125 635 2159 111
653 2137 692 2174 p.
713 2124 807 2172 432,
838 2125 905 2161 ubi
925 2123 1020 2161 haec

361 2179 562 2229 leguntur,
602 2193 700 2232 quae
716 2181 852 2218 eadem
872 2188 1022 2218 exstant

364 2236 403 2271 in
424 2237 537 2286 gloss.
558 2236 765 2278 Emodon:
787 2235 932 2289 ταρσός
948 2253 1021 2277 κυ-

365 2297 461 2341 ρι’ως
481 2294 560 2330 τῶν
573 2289 753 2344 ὀρνίθων
772 2310 797 2345 ¹1
815 2293 1021 2345 πτέρωσις,

366 2344 437 2397 ἐφ’
468 2349 514 2387 οὐ
544 2348 612 2387 καὶ
644 2347 666 2389 ό
693 2353 773 2388 τῶν
802 2366 951 2390 κωπων
973 2347 1020 2390 ὅ-

365 2419 478 2452 μοιος
509 2420 529 2443 ο
570 2403 849 2458 σχηματισμός.
877 2430 935 2435 —
974 2409 1020 2444 In

363 2473 471 2511 seqq.
505 2459 552 2497 ad
594 2462 758 2499 formam
795 2462 1020 2504 κατιστέατο

364 2517 412 2551 cf.
426 2516 558 2553 Matth.
578 2519 643 2555 Gr.
660 2520 724 2558 Gr.
746 2533 781 2570 p.
796 2523 889 2561 373.
911 2520 1020 2560 ἐλπί-

366 2572 494 2618 ζοντες
515 2581 591 2610 est:
621 2580 809 2624 putantes,
834 2578 1020 2614 arbitran-

365 2630 426 2665 tes.
439 2635 479 2663 nt
498 2632 642 2678 saepius
654 2632 754 2682 apud
770 2633 1022 2671 Herodotum.

366 2682 426 2718 Ad
448 2684 676 2722 locutionem
697 2688 736 2735 ἐς
760 2685 825 2728 οἶα
845 2687 948 2729 κακὰ
969 2691 1021 2727 si·-

367 2740 471 2775 milia
494 2741 681 2790 quaedam
701 2747 906 2783 attulerunt
930 2747 1022 2783 Val-

368 2794 545 2832 okenaer.
566 2796 613 2833 ad
632 2800 801 2849 Euripid.
824 2802 1022 2840 Phoeniss.

371 2854 475 2892 1633
507 2859 542 2889 et
570 2854 766 2894 Heindorf.
787 2858 835 2895 ad
855 2861 1023 2897 Platonis

1081 1270 1282 1310 Phaedon.
1304 1284 1393 1323 pag.
1419 1275 1514 1314 262.
1560 1274 1618 1310 Ita
1639 1274 1743 1310 enim

1081 1328 1139 1367 his
1159 1331 1251 1366 locis
1271 1331 1427 1380 ponitur
1442 1325 1521 1377 οἷα,
1540 1337 1583 1367 ut
1602 1343 1670 1381 pro
1683 1327 1743 1370 ὅτι

1080 1389 1245 1427 τοιαῦτα
1266 1388 1359 1437 poni
1389 1387 1594 1423 existimes.

1137 1442 1311 1494 ’ὑπέλαβε
1330 1444 1532 1506 ναυμαχίη
1552 1439 1742 1493 καρτερη]

1079 1499 1142 1537 Ad
1162 1502 1323 1538 verbum
1343 1493 1519 1550 υπέλαβε
1553 1500 1656 1537 conf.
1685 1500 1745 1536 al-

1078 1558 1155 1594 lata
1185 1556 1233 1594 ad
1252 1558 1406 1604 51,27.
1454 1558 1549 1593 Mox
1569 1557 1746 1593 revocavi

1080 1628 1171 1651 cum
1191 1612 1414 1664 Schweigh.
1443 1620 1480 1650 et
1513 1614 1629 1650 Gaisf.
1650 1628 1746 1664 καρ-

1079 1668 1172 1722 τερή
1191 1685 1259 1722 pro
1280 1685 1462 1722 κρατερη,
1495 1670 1600 1722 quod
1621 1671 1745 1707 eFlo-

1079 1730 1230 1765 reatino
1260 1729 1411 1780 alloque
1441 1728 1538 1764 libro
1572 1728 1744 1764 retinue-

1078 1793 1168 1822 runt
1192 1784 1401 1833 Schaefer„
1417 1783 1553 1823 Matth.
1576 1791 1613 1822 et
1635 1782 1746 1821 Bek-

1078 1841 1162 1881 ker.
1210 1843 1321 1879 Conf.
1353 1840 1496 1879 Herod.
1523 1843 1553 1887 Ι,
1583 1844 1650 1881 76.
1678 1842 1742 1887 VI,

1084 1902 1175 1939 101.
1203 1901 1272 1947 IX,
1312 1900 1351 1938 9.
1409 1899 1473 1936 Sic
1509 1911 1664 1950 quoque
1702 1898 1743 1933 in

1079 1957 1255 2006 proxime
1284 1968 1391 2007 seqq.
1422 1968 1492 2007 pro
1523 1952 1675 2006 ὄμβρος
1703 1968 1743 1993 τε

1079 2009 1228 2063 λάβρος
1270 2013 1311 2048 in
1341 2025 1420 2049 uno
1460 2012 1556 2049 libro
1592 2017 1742 2049 vetusto

1079 2077 1200 2106 exstat
1219 2065 1420 2120 κρατερός,
1449 2070 1487 2105 in
1510 2069 1582 2104 alio
1603 2081 1743 2116 καρτε-

1078 2123 1172 2174 ρός;
1205 2125 1309 2178 quod
1340 2132 1548 2176 utrumque
1570 2138 1590 2161 e
1616 2125 1741 2175 glossa

1077 2182 1237 2219 ductum
1257 2188 1363 2233 puto.
1420 2182 1566 2218 Vocem
1594 2178 1742 2232 λάβρος

1077 2240 1184 2289 attigi
1214 2238 1262 2275 ad
1290 2241 1319 2283 I,
1341 2240 1408 2279 87.
1467 2237 1570 2275 Add.
1603 2239 1742 2274 Blom-

1075 2295 1178 2334 field.
1209 2297 1248 2332 in
1281 2295 1445 2332 Glossar.
1476 2294 1525 2331 ad
1559 2293 1741 2345 Aeschyl-

1075 2353 1180 2389 Pers.
1204 2350 1296 2392 114.
1315 2373 1371 2378 —
1399 2353 1443 2387 In
1464 2351 1538 2387 fine
1551 2365 1633 2402 cap.
1650 2363 1741 2387 cum

1076 2415 1232 2446 receutt.
1277 2407 1364 2444 edd.
1397 2409 1541 2445 restitui
1575 2401 1740 2456 τοιαύτη

1076 2463 1149 2512 νύξ
1171 2464 1332 2515 ἐγίνετο,
1354 2466 1420 2501 ubi
1441 2463 1669 2501 Schaeferus
1691 2462 1741 2500 de

1075 2535 1143 2559 suo
1166 2520 1321 2558 dederat
1341 2520 1370 2572 ἦ
1388 2517 1472 2568 νύξ.

1296 2611 1388 2662 Cap.
1411 2611 1519 2648 XIII.

1132 2686 1307 2742 τοσούτῳ
1331 2686 1410 2742 ὅσῳ
1434 2706 1471 2732 κ,
1490 2705 1521 2729 τ.
1543 2688 1596 2738 λ.]
1634 2688 1738 2725 Atti-

1077 2748 1132 2798 git
1163 2746 1344 2784 Matthiae
1376 2749 1442 2784 Gr.
1479 2748 1544 2783 Gr.
1578 2747 1615 2790 ξ.
1653 2744 1737 2786 455

1077 2811 1158 2840 not.
1185 2808 1209 2846 7
1230 2818 1268 2855 p.
1287 2805 1367 2845 852
1389 2811 1425 2840 et
1445 2803 1527 2844 480
1546 2808 1626 2838 not.
1649 2804 1675 2841 2
1695 2815 1735 2852 p.

1077 2862 1172 2902 899.
1239 2860 1342 2900 Add.
1384 2859 1567 2899 Schaefer
1602 2859 1736 2910 Appa-
