1839 3292
22 778 89 823 34
155 772 228 816 καὶ
257 769 389 820 αὐτὸς
416 768 589 824 γίνεται.

489 252 1085 290 CALLIOPE.1X.
1324 256 1407 294 259

155 366 204 411 τό
229 377 447 419 παράπαν.
504 361 626 413 τέλος
654 362 713 416 δὲ,
742 362 940 417 δείματος
966 359 1154 417 μεγάλου
1183 359 1407 416 ἐπικρεμα-

153 431 283 491 μένου
320 434 401 475 τοῦ
445 433 666 486 Περσικοῦ
703 429 864 473 τούτου
894 428 1226 485 στρατεύματος,
1256 430 1408 472 καταί-

124 508 259 545 8νεον
295 497 523 556 μετιόντες.
585 497 607 541 ὁ
646 497 714 549 δὲ,
746 495 881 552 γνούς
909 497 1229 553 τετραμμένους
1258 496 1407 553 σφέας,

153 566 254 613 οὐδ’
286 567 401 611 οὕτω
432 567 515 622 ἔφη
538 566 598 608 ἔτι
618 563 850 619 ἀρκέεσθαι
870 564 1063 608 τούτοισι
1085 564 1306 620 μούνοισι,
1339 563 1410 608 άλ-

151 635 204 681 λα
236 639 327 681 δεῖν
354 635 414 679 ἔτι
443 634 515 678 καὶ
544 633 621 676 τόν
651 631 864 687 ἀδελφεὸν
897 631 1062 676 εωυτοῦ
1097 631 1259 686 Ηγίην
1302 633 1411 687 γίνε-
1423 638 1465 673 25

154 710 261 748 σθαι
301 699 582 756 Σπαρτιήτην
620 699 689 742 ἐπὶ
716 704 828 743 τοῖσι
866 697 1039 743 αὐτοῖσι
1078 699 1249 755 λόγοισι
1299 704 1411 743 τοῖσι

653 770 795 810 Ταῦτα
826 766 872 810 δὲ
901 767 1036 822 λέγων
1057 768 1185 818 οὑτος
1214 767 1406 822 ἐμιμέετο
1465 774 1598 801 imifflssfl
1624 773 1680 801 ¹¹³⁰
1710 775 1741 801 it·

1468 816 1501 834 re
1524 808 1742 842 Metanxpodem

156 837 443 893 Μελάμποδα,
476 833 531 884 ὡς
562 833 727 877 εἰκάσαι
755 836 986 890 βασιληίην
1007 850 1051 877 τε
1080 834 1153 877 καὶ
1172 838 1409 892 πολιτηίην,
1467 842 1728 882 regiamArgfsffi

1467 877 1612 908 gnitau‘m
1637 877 1726 903 simssi

134 903 430 959 Ξαίτεόμενον.
486 903 559 945 καὶ
596 903 677 958 γὰρ
717 902 768 959 δὴ
807 902 880 946 καὶ
910 901 1202 958 Μελάμπους,
1247 907 1335 946 τῶν
1364 905 1411 947 έν
1468 909 1675 938 ⁰¹¹¹¹¹rati⁰¹¹e
1692 910 1742 938 1¹⁴¹-

1467 949 1578 979 e'lttlffl,

145 971 304 1027 ’Ἄργεϊ
328 973 553 1027 γυναικῶν
573 968 824 1026 μανεισέων,
855 968 913 1021 ὥς
945 987 1020 1028 μιν
1050 973 1094 1014 οἱ
1117 964 1304 1027 Ἀργεῖοι
1328 972 1429 1028 έμι-
1423 982 1468 1015 30

157 1042 349 1083 σθοῦντο
388 1037 435 1082 ἐκ
467 1037 619 1082 Πύλου
654 1042 819 1082 παῦσαι
855 1037 931 1089 τὰς
969 1039 1177 1096 σφετέρας
1204 1045 1415 1096 γυναῖκας

157 1111 233 1164 τῆς
271 1106 463 1160 νούσου,
502 1104 667 1163 μισθόν
695 1107 975 1162 προετείνατο
1005 1110 1080 1163 τῆς
1111 1110 1336 1165 βασιληίης
1364 1108 1412 1154 τὸ

158 1315 368 1356 καταίνεον
400 1310 627 1366 μετιόντες]
668 1315 692 1355 i,
722 1327 757 1352 e.

104 1376 338 1411 concesserunt
359 1374 396 1410 in
413 1372 501 1409 hanc
517 1371 756 1419 conditionem,

103 1443 179 1468 eum
213 1432 430 1467 arcessentes.
488 1427 655 1464 Verbum
690 1443 757 1465 κα-

102 1489 254 1526 ταινεῖν
284 1484 419 1522 eodem
444 1484 656 1534 significatu
684 1485 757 1530 IX,

103 1541 169 1590 34,
191 1543 254 1579 ubi
279 1542 392 1578 etiam
414 1540 503 1577 dicit
528 1544 755 1592 συγχωρεῖν.

101 1598 346 1648 Participium
363 1592 556 1648 μετιόντες
565 1597 662 1632 bene
672 1604 755 1634 tue-

100 1661 163 1692 tur
180 1654 468 1704 Wesseli12giu§‚
490 1660 531 1690 ut
545 1654 609 1699 111,
624 1653 688 1694 15.
708 1655 754 1690 Iu

102 1711 181 1748 aliis
198 1717 318 1747 exstat
333 1708 534 1761 μετιέντες,
545 1709 646 1746 unde
656 1712 755 1747 Por-

100 1775 159 1805 tus
174 1768 461 1818 interpretatur:
494 1766 536 1803 de
562 1779 627 1803 sua
642 1769 756 1817 perti-

99 1826 204 1861 nacia
218 1826 441 1861 remittente-⁹.
461 1843 518 1850 -
559 1821 622 1860 Ad
642 1824 756 1861 verba

102 1875 319 1932 άρκέεσθαι
360 1875 534 1918 τούτοισι
571 1875 757 1929 μούνοισι

102 1935 178 1977 vid,
209 1934 345 1974 Matth.
376 1937 441 1974 Gr.
464 1936 530 1973 Gr.
553 1937 590 1981 ξ.
612 1939 705 1986 398,
736 1949 758 1973 a

102 2007 142 2044 p.
160 1995 240 2033 728
261 1999 298 2029 et
323 1998 417 2028 nott.
439 1990 487 2027 ad
503 1991 644 2030 Herod.
674 1994 756 2040 VH,

104 2051 196 2089 160.
229 2069 278 2076 --
311 2049 433 2094 Quem
453 2047 669 2086 Herodotus
686 2063 758 2086 vo-

101 2112 161 2142 cat
179 2104 336 2158 ““Ηγι’ἠν,
364 2106 527 2143 Pausan.
555 2107 620 2153 111,
646 2109 692 2146 11
718 2107 756 2152 ξ.

102 2160 127 2202 5
147 2170 329 2212 nepotem
349 2162 546 2198 Tisameni
565 2169 675 2199 vocat
692 2161 758 2201 ‘A—

100 2217 191 2269 γίαν
220 2225 359 2266 vatem,
395 2219 460 2270 qui
490 2217 687 2269 Lysandro
718 2220 758 2256 in

100 2275 241 2324 proelio
263 2274 310 2312 ad
324 2275 450 2324 Aegos
466 2282 638 2325 potamos
651 2289 760 2312 com-

101 2331 212 2367 ufisso
231 2332 343 2368 fuerit
371 2332 605 2373 vaticinatus.
663 2334 760 2370 Cae-

102 2391 226 2422 terum
235 2395 276 2424 ut
287 2390 343 2423 He
346 2388 460 2437 giam,
480 2389 532 2425 ita
544 2389 759 2440 Tyrtaeum

104 2445 256 2493 quoque
275 2445 314 2479 iu
328 2416 602 2494 Ξδρειτῖειῃοωω
615 2447 758 2484 civium

100 2510 305 2535 numerum
329 2500 440 2537 fuisse
471 2509 669 2552 receptum
691 2517 757 2540 ac-

101 2555 282 2604 cepimus.
338 2558 442 2606 Lege
479 2559 525 2595 sis
556 2558 753 2602 Plutarch,

100 2611 136 2646 II
156 2624 193 2660 p.
215 2614 296 2652 230
317 2613 377 2661 D.,
397 2613 462 2649 ubi
489 2617 675 2652 nonnulla
697 2623 755 2653 at-

100 2667 186 2703 tulit
205 2667 480 2718 Wytteubach.
505 2672 546 2707 in
566 2672 756 2711 Animad-

98 2736 215 2761 verss.
235 2738 274 2775 p.
296 2727 398 2766 1188
419 2738 496 2776 seq.

277 2780 370 2832 cap.
399 2782 580 2820 XXXIV.

156 2835 333 2887 ἐμιμέετο
368 2833 642 2891 ΙΙΙελάμποδα]
672 2842 697 2880 i.
721 2856 755 2881 e.

813 1316 952 1351 imitari
984 1313 1135 1362 studuit,
1187 1321 1229 1352 ut
1262 1328 1355 1352 mox
1391 1314 1432 1367 ἐμ
1441 1331 1472 1355 ι-

814 1371 992 1409 σθοῦντο
1031 1371 1144 1408 locare
1184 1372 1396 1409 studuerunt
1439 1386 1470 1409 s.

812 1427 1015 1463 voluerunt:
1071 1426 1117 1463 de
1148 1440 1223 1478 qua
1256 1429 1469 1479 imperfecti

812 1485 968 1520 notione
997 1482 1074 1520 vid.
1096 1484 1172 1520 citt.
1195 1483 1243 1520 ad
1264 1486 1292 1531 Ι,
1316 1487 1383 1525 68.
1412 1488 1469 1521 De

812 1539 1036 1589 ,Melampode
1051 1539 1128 1576 vid.
1146 1541 1193 1587 ΙΙ,
1207 1540 1276 1580 49.
1295 1541 1466 1588 V11‚221

813 1594 1003 1633 Schubart
1024 1597 1175 1641 Quaest.
1195 1598 1357 1647 geneall.
1382 1610 1470 1647 pag.

811 1654 864 1693 73
895 1665 974 1704 seq.
1008 1654 1084 1692 108
1112 1666 1190 1705 seq.
1251 1654 1472 1704 Comparari

813 1716 942 1746 autem
963 1708 1103 1746 debent
1133 1723 1223 1746 cum
1251 1709 1323 1747 hac
1346 1713 1472 1747 Hero-

814 1765 893 1803 doti
912 1767 1140 1815 narratione,
1164 1766 1319 1805 Diodor.
1352 1767 1470 1808 Sicul.

811 1823 874 1871 IV,
889 1825 954 1863 68.
986 1821 1114 1861 Schol.
1138 1822 1186 1860 ad
1195 1823 1346 1861 Pindar.
1359 1826 1471 1861 Nem.

811 1881 949 1927 1X‚30.
961 1881 1125 1916 Pausan.
1145 1881 1193 1927 ΙΙ,
1218 1883 1267 1921 18
1284 1882 1318 1926 ξ.
1335 1879 1372 1928 4,
1394 1893 1471 1932 quo

813 1942 966 1973 auctore
986 1934 1058 1972 hoc
1079 1936 1226 1985 accidit,
1255 1951 1343 1974 cum
1362 1938 1472 1973 Ana-

812 2005 973 2043 xagoras
981 1993 1097 2043 Argei
1107 1994 1205 2030 filius
1220 2007 1383 2044 regnum
1396 1994 1471 2030 Ar-

813 2050 868 2099 gis
907 2056 1063 2086 teneret.
1123 2051 1174 2087 Et
1206 2050 1283 2088 vid.
1319 2063 1474 2103 quoque

813 2104 923 2144 Ovid.
945 2107 1037 2142 Met.
1058 2107 1141 2151 XV,
1164 2109 1258 2147 322.

871 2163 1083 2214 βασιληίην
1105 2177 1144 2201 τε
1164 2161 1232 2201 καὶ
1263 2163 1473 2213 πολιτηίην

816 2216 1079 2268 αἰτεόμενον]
1111 2220 1136 2256 i.
1158 2232 1191 2257 e.
1213 2232 1358 2268 regnum
1374 2222 1474 2257 etius

816 2278 975 2313 civitatis
1021 2276 1091 2312 sibi
1132 2280 1315 2325 petentem.
1367 2278 1473 2313 Bene

824 2332 997 2369 Wessel
1013 2333 1090 2381 ing
1105 2333 1198 2369 ius:
1218 2331 1474 2380 „Tisamenus

815 2391 872 2426 ius
900 2390 1111 2440 Spartanae
1132 2390 1290 2427 civitatis
1312 2403 1473 2441 quaere-

816 2447 900 2492 bat,
946 2446 1159 2496 Melampus
1186 2453 1335 2497 partem
1366 2446 1473 2496 regni

813 2504 1063 2552 Argivorum:
1095 2500 1202 2553 pares
1229 2503 1342 2539 ambo
1364 2504 1473 2553 cupi-

813 2559 930 2597 ditate
952 2558 1143 2608 habendi,
1175 2559 1287 2597 valde
1308 2559 1471 2611 dispares

811 2617 850 2652 iu
872 2629 911 2652 re
933 2614 1183 2654 desiderata.“
1218 2636 1265 2644 ‹—
1310 2617 1385 2652 Pro
1408 2616 1472 2655 αἰ-

812 2667 997 2723 τεόμενον
1018 2672 1081 2707 alii
1104 2668 1341 2723 αἰτεόμενος.

858 2727 1127 2779 προετείνατο]
1144 2730 1226 2766 Hoc
1240 2727 1474 2766 locoSchae-

812 2785 926 2833 ferus,
959 2797 1073 2836 quem
1089 2784 1225 2823 Matth.
1247 2793 1284 2823 et
1303 2785 1471 2823 Bekker.

814 2849 1039 2894 sequuntur,
1061 2843 1197 2879 retinet
1214 2844 1471 2896 προετείνετο,

1107 2898 1197 2939 17*
