1839 3292
123 664 154 708 5

600 220 928 256 URANIA
987 219 1113 255 VIII.

1465 224 1489 261 7

225 347 306 376 νον
337 330 497 384 ὀλίγον,
528 327 604 372 ἔστῚ
644 328 699 371 ἂν
730 327 857 371 αὐτοὶ
884 327 1014 370 τέκνα
1034 342 1079 370 τε
1098 326 1172 369 καὶ
1197 326 1302 376 τούς
1323 327 1489 378 οἰκέτας

195 407 216 440 3
225 397 535 443 ὑπεκθέωνται.

219 465 462 521 Ἀθηναίων
519 463 763 520 στρατηγόν
806 464 1009 506 πείθουσι
1062 462 1353 517 Θεμιστοκλέα
1421 462 1490 505 ἐπὶ

220 537 368 590 μισθῷ
399 531 632 586 τριήκοντα
661 531 935 582 ταλάντοισι,

967 546 1019 573 ξπ
1061 533 1094 589 ᾧ
1125 545 1169 572 τε
1198 531 1488 586 καταμείναν-

219 617 288 651 τες
325 598 411 653 πρὸ
449 604 522 654 τῆς
560 598 755 655 Εὐβοίης
800 597 1059 653 ποιήσονται
1103 598 1184 654 τὴν
1227 600 1485 653 ναυμαχίην.

219 669 268 712 Ὁ
317 668 362 711 δὲ
407 666 717 722 Θεμιστοκλέης
766 665 870 716 τούς
906 664 1119 720 ”Έλληνας
1160 665 1348 720 ἐπισχεῖν
1402 660 1487 708 ὦδε

221 736 369 780 ποιέει.

215 805 289 846 δοῖ
315 801 438 845 πέντε
475 803 678 855 τάλαντα,
709 801 768 853 ὡς
803 799 901 856 παρ’
934 801 1102 844 ἑωυτοῦ
1142 802 1279 856 δῆθεν
1319 799 1484 851 διδούς.

189 869 278 922 ἓως
315 869 360 914 δέ
407 871 450 913 οῖ
492 865 622 921 οὗτος
659 870 969 924 ἀνεπέπειστο,
1020 868 1290 925 Ἀδείμαντος
1331 868 1418 924 γάρ
1460 867 1482 911 ὁ

219 1063 290 1106 ἔστ’
322 1063 373 1106 ἂν
404 1063 519 1106 αὐτοὶ
549 1065 666 1106 τέκνα
695 1081 735 1106 τε
753 1065 821 1105 καὶ

160 1121 256 1170 τούς
276 1123 428 1171 οἰκέτας
443 1119 739 1172 ὑπεκθέωνται]
762 1125 820 1159 De

160 1181 276 1218 verbo
287 1179 583 1220 ὕπεκτίθεσθαι
609 1182 711 1218 conf.
722 1186 821 1217 nott.

161 1236 210 1273 ad
230 1236 278 1285 V,
300 1238 354 1278 65
376 1245 413 1274 et
433 1236 520 1274 add.
534 1238 632 1282 vm,
647 1237 713 1277 41.
742 1239 821 1273 Nec

162 1292 236 1330 alio
266 1295 432 1344 pertinet
462 1294 622 1331 verbum
651 1291 819 1332 ’ὑπεκκο-

163 1350 347 1400 μίξεσθαι
366 1351 435 1398 IX,
457 1353 482 1390 6
503 1357 540 1386 et
555 1348 820 1388 ὖπεκκεῖσθαι

163 1407 261 1451 VIII,
296 1409 349 1446 60
380 1408 415 1451 ᾗ.
438 1410 478 1446 2.
522 1406 671 1443 Similia
700 1419 820 1458 quae-

161 1461 252 1499 dam
271 1463 387 1499 verba
407 1462 568 1499 excitavi
584 1461 632 1499 ad
648 1463 712 1510 IV,
727 1464 821 1502 120.

162 1517 315 1565 οἰκέτας
333 1532 413 1556 11011
442 1531 554 1556 servos
575 1526 725 1556 tantum
746 1518 821 1555 dici

160 1588 203 1612 ac
226 1577 415 1626 mancipia,
435 1589 571 1613 verum
586 1589 732 1623 omnes,
754 1576 821 1628 qui

158 1631 208 1668 ad
237 1632 424 1668 familiam
452 1632 662 1672 domumve
698 1633 819 1683 perti—

156 1695 286 1737 neant,
318 1689 518 1741 ipsamque
548 1689 643 1726 adeo
675 1701 817 1727 uxorem

156 1752 194 1782 et
214 1746 355 1790 liberos,
379 1760 400 1782 e
420 1746 598 1783 Thomae
619 1749 724 1797 Mag.
745 1747 817 1783 ob-

155 1803 368 1839 servatione
412 1817 452 1854 p.
481 1803 561 1844 644
596 1802 658 1840 hio
702 1802 816 1841 tradit

155 1860 444 1910 WVesseliugius.
480 1861 545 1897 Tu
564 1860 644 1898 vid.
664 1861 817 1911 potissi—-

154 1928 265 1952 mum
284 1917 383 1964 VIII,
408 1919 499 1964 106,
518 1918 586 1953 ubi
604 1914 698 1963 τοὺς
714 1915 815 1956 οἰκέ-

155 1987 224 2018 τας
253 1973 332 2022 ipse
363 1973 564 2023 postmodo
587 1975 814 2024 interpreta—

155 2035 217 2065 tur
235 2026 284 2067 τὰ
304 2027 424 2068 τέκνα
443 2028 510 2069 καὶ
535 2027 609 2080 τήν
629 2034 812 2081 γυναῖκα,

155 2092 198 2122 ut
216 2086 316 2132 vm,
338 2088 391 2126 60
413 2088 449 2132 ς.
471 2090 498 2127 2
518 2088 723 2135 0011.v111‚
745 2086 814 2127 44.

157 2140 250 2181 142.
274 2141 366 2182 144.

210 2193 450 2249 μεταβάντες
497 2196 567 2238 τόν
585 2194 814 2250 Ἀθηναίων

155 2251 372 2306 στρατηγὸν
393 2270 427 2294 κ.
447 2270 480 2294 τ.
493 2257 546 2305 λ.]
576 2256 724 2293 Eadem
736 2258 813 2294 fer—

154 2322 218 2347 me
267 2319 416 2348 enarrat
457 2312 653 2350 Plutarch.
702 2313 813 2350 The-

154 2367 317 2404 mistocl.
339 2372 363 2408 7
384 2382 471 2419 pag.
498 2370 589 2417 115,
611 2371 813 2407 Euboeeu²

155 2436 212 2460 ses
231 2425 408 2461 timentes
421 2455 431 2473 ,
463 2439 513 2461 ne
534 2428 668 2463 Graeci
691 2426 813 2464 disce-

157 2477 301 2529 derent,
323 2482 422 2518 clam
446 2496 536 2519 cum
551 2483 813 2521 Themistocle

158 2537 288 2585 egisse,
318 2539 432 2575 misso
465 2553 554 2575 cum
575 2542 744 2590 pecuniis
765 2540 814 2578 ad

157 2591 282 2641 ipsum
301 2595 523 2645 Pelagonte,
551 2598 700 2648 aliaque
721 2597 814 2634 adii-

158 2649 208 2683 cit
241 2662 261 2684 e
289 2649 436 2688 Phania
463 2653 600 2690 Lesbio
625 2653 814 2692 desumta.

157 2703 258 2741 Add.
278 2706 432 2745 Aristid.
460 2707 578 2746 schol.
600 2708 649 2746 ad
675 2710 726 2748 T.
747 2713 813 2759 111,

157 2774 196 2810 p.
216 2764 296 2801 313
312 2775 401 2812 pag.
416 2766 496 2804 233
513 2767 733 2815 FrommeL,
749 2768 816 2804 ubi

158 2815 293 2854 eadem
321 2818 545 2869 produntur.
599 2824 816 2874 Displicue-

876 1073 966 1103 runt
1006 1072 1134 1103 autem
1164 1064 1407 1113 Herodotea,
1449 1078 1538 1101 cum

878 1124 1032 1160 Graecis
1061 1123 1296 1174 principibus
1327 1135 1406 1159 nou
1426 1121 1538 1171 valde

875 1181 950 1216 sint
970 1178 1192 1227 honorifica,
1205 1177 1536 1217 Pseudo-Plutar-

875 1235 950 1273 cho
981 1235 1051 1285 (T.
1071 1237 1107 1271 11
1142 1249 1229 1286 pag.
1258 1238 1341 1277 867
1362 1235 1449 1283 B.);
1491 1234 1538 1272 de

875 1306 954 1344 quo
974 1294 1026 1329 ita
1048 1291 1194 1330 disserit
1215 1289 1538 1330 Valckenaer.:

877 1350 921 1387 Si
947 1362 1036 1386 vera
1064 1356 1173 1397 suut,
1194 1357 1237 1387 ut
1253 1362 1331 1386 esse
1345 1347 1536 1395 videntur,

875 1407 1019 1443 veracis
1040 1403 1208 1442 historici
1234 1404 1389 1442 laudem
1408 1418 1536 1441 mere-

875 1469 938 1500 tur
975 1461 1211 1499 Herodotus:
1264 1462 1537 1499 verisimillima

875 1518 1001 1556 reddit
1016 1518 1170 1555 aliunde
1185 1525 1277 1555 nota
1291 1519 1362 1554 viri
1377 1518 1536 1554 maximi

877 1575 1149 1613 Themistoclis
1201 1575 1356 1612 avaritia
1369 1603 1379 1622 ,
1439 1587 1538 1626 quae

874 1646 1025 1670 summa
1040 1634 1189 1683 saepius
1205 1633 1360 1682 ingenia
1370 1630 1538 1668 dedeco-

875 1697 942 1727 rat
947 1692 970 1710 “
1009 1713 1059 1718 -—
1102 1688 1164 1726 Ad
1200 1690 1439 1726 locutionem
1470 1686 1536 1727 ε’πὶ

875 1749 1010 1800 μισθῷ
1039 1747 1142 1783 conf.
1162 1746 1208 1794 V,
1228 1747 1299 1799 65,
1331 1745 1397 1781 ubi
1418 1745 1532 1781 etiam

872 1802 1147 1841 locutionem’
1130 1798 1189 1842 εντ’
1211 1800 1242 1857 ᾧ
1261 1817 1299 1841 τε
1321 1802 1443 1852 attigi.
1476 1803 1535 1837 De

873 1860 1000 1898 dativo
1015 1855 1229 1912 τριήκοντα
1243 1855 1470 1898 ταλαντοισι
1485 1858 1535 1894 cf.

870 1917 1007 1955 Matth.
1059 1919 1125 1955 Gr.
1223 1917 1308 1962 .§.
1349 1913 1456 1963 428,
1507 1914 1533 1954 5

870 1988 960 2027 pag.
994 1973 1089 2016 794.

1103 2030 1214 2080 Cap.
1244 2029 1291 2066 V.

927 2086 1134 2139 μεταδιδοῖ
1175 2084 1292 2125 πέντε
1341 2083 1531 2131 τάλαντα]

869 2146 928 2182 De
949 2144 1161 2181 accusativo
1182 2141 1256 2179 hoc
1279 2141 1346 2182 Cr,
1369 2141 1531 2177 conferri

869 2202 952 2239 vult
982 2199 1177 2238 Schaefer.
1198 2200 1340 2236 Melett.
1374 2198 1470 2234 critt.
1492 2210 1531 2246 p.

871 2261 938 2298 21.
969 2259 1035 2294 Tu
1054 2256 1133 2294 vid.
1157 2254 1294 2295 Matth.
1316 2255 1383 2291 Gr.
1405 2255 1470 2290 Gr.
1492 2255 1530 2298 ξ.

871 2317 965 2361 328,
988 2317 1012 2354 3
1030 2320 1109 2350 not.
1127 2325 1215 2364 pag.
1235 2313 1329 2358 634,
1349 2312 1416 2362 qui
1429 2309 1533 2346 idem

872 2373 909 2417 ξ.
933 2372 1014 2412 588
1031 2372 1084 2407 in.
1105 2383 1194 2422 pag.
1219 2371 1325 2409 1172
1355 2367 1402 2403 de
1422 2368 1532 2403 locu-

871 2429 974 2464 tione
1004 2422 1096 2477 παρ’
1126 2425 1280 2466 ἑωυτοῦ
1311 2424 1393 2474 (nbi
1430 2423 1530 2459 male

872 2486 966 2521 olim
985 2480 1075 2535 παρ’
1093 2482 1242 2535 ἑωυτῷ)
1264 2478 1532 2517 consulendus.

870 2540 972 2579 Add.
995 2539 1139 2577 Herod.
1167 2540 1215 2585 11,
1243 2537 1331 2577 129.
1366 2537 1445 2584 VII,
1465 2539 1533 2576 29,

871 2597 934 2635 Ad
953 2611 1067 2634 usum
1087 2596 1247 2634 voculae
1279 2593 1408 2642 δῆθεν
1429 2592 1534 2629 conf.

872 2656 950 2690 citt.
982 2652 1030 2690 ad
1058 2654 1134 2700 111,
1165 2649 1231 2692 74.
1286 2648 1399 2687 Adde
1438 2662 1533 2686 mox

871 2712 971 2757 vm,
1002 2707 1043 2749 6.

930 2765 984 2812 ὥς
1021 2763 1062 2804 δέ
1101 2763 1141 2803 οἱ
1170 2757 1288 2810 οὗτος
1327 2758 1531 2801 α’νεπέτιει-

875 2834 941 2862 στο
972 2836 1008 2861 κ.
1037 2836 1069 2861 τ.
1092 2822 1146 2871 L]
1210 2821 1324 2856 Deest
1358 2817 1407 2856 ad
1437 2817 1531 2854 haec

595 413 655 447 ως
691 395 729 440 δ’
769 394 850 439 οὐκ
879 394 1079 447 ε’πειθον,
1118 393 1381 450 μεταβάντες
1410 394 1488 437 τὸν
1502 402 1545 434 50

1545 661 1578 689 Id
1586 662 1817 696 quomodo'rhe-

1544 696 1694 723 mistocles
1745 697 1817 725 effe-

431 733 692 791 Εὐρυβιάδῃ
732 733 905 778 τούτων
933 737 1022 776 τῶν
1051 731 1281 789 χρημάτων
1309 734 1483 788 μεταδι-
1499 734 1623 774 55ctum
1642 729 1768 758 dfflffl‘·
