1839 3292
514 210 971 247 CALLIOPE.
1029 211 1110 248 IX.
1347 213 1432 253 267

47 330 112 375 39
180 326 234 374 ὥς
271 317 569 373 ἀπολάμψοιτο
604 319 802 374 συχνούς.
853 316 1034 374 “Ημέραι
1063 317 1110 360 δέ
1141 327 1221 372 σφι
1253 313 1430 361 ἄντικα-
1486 318 1614 380 ssg‘a’tffic

1617 324 1646 348 to
1655 342 1664 355 ‚
1681 330 1761 348 com*

1628 355 1760 381 Graeco-

174 387 393 447 τημένοισι
422 385 506 443 ἤδη
537 385 791 443 ἐγεγόνεσαν
821 385 947 438 ὀκτώ,
995 384 1067 429 ὅτε
1095 387 1234 428 ταῦτα
1261 383 1429 436 ἐκεῖνος
1487 387 1761 423 ῐωὶῑῑῑθῐῡῑῐῆωῐ·

147 454 465 511 Ξσυνεβούλευε
486 455 742 511 Μαρδονίῳ.
803 451 826 497 ὁ
869 453 914 497 δὲ
941 452 1101 510 μαθών
1129 450 1209 509 τὴν
1230 454 1432 508 παραίνε-

174 534 244 567 σιν
281 519 332 566 εὖ
377 522 590 577 ἔχουσαν,
635 520 691 572 ὡς
731 519 927 577 εὐφρόνη
957 521 1144 576 ἐγένετο,
1173 521 1331 577 πέμπει
1347 519 1460 578 τὴνΙ

174 592 310 633 ἵππον
346 590 388 641 ἐς
434 588 510 639 τοὶς
553 587 736 644 ἐκβολάς
772 587 850 638 τοὶς
885 589 1239 643 Κιθαιρωνίδας,
1285 592 1329 632 αἳ
1364 588 1435 633 ἐπὶ

177 657 430 700 Πλαταιέων
462 656 672 711 φέρουσι·
701 655 778 706 τοὶς
808 656 995 699 Βοιωτοὶ
1017 656 1096 710 μὲν
1129 659 1255 710 Τρεῖς
1284 659 1436 711 Κεφα-

176 723 254 775 λοές
283 724 500 772 καλέουσι,
534 721 759 779 Ἀθηναῖοι
790 724 836 767 δὲ
865 723 1015 779 Δρυὸς
1053 720 1271 778 Κεφαλάς.
1328 738 1435 778 πεμ·

146 791 361 848 Βφθέντες
391 793 437 836 δὲ
467 793 510 835 οἱ
531 791 728 845 ἱππόται,
768 790 821 835 οὐ
856 791 997 847 μάτην
1027 789 1250 834 ἀπίκοντο.
1281 789 1463 847 {officia-5

175 864 308 904 λοντα
348 860 433 916 γὰρ
473 859 516 910 ἐς
542 858 591 903 τὸ
627 860 778 903 πεδίον
816 858 1092 916 λαμβάνουσι
1133 856 1348 915 ὑποζύγιά
1390 875 1436 902 τε

177 928 457 982 πεντακόσια,
488 928 602 971 σιτία
632 926 796 985 ἄγοντα
825 926 910 973 ἀπὸ
941 926 1288 985 Πελοποννήσου
1315 926 1357 979 ἐς
1385 926 1434 970 τό

121 1153 194 1207 τήν
218 1152 336 1196 πόλιν
355 1158 471 1194 urbem
494 1159 654 1207 recipere.
697 1159 777 1195 Ne-

123 1226 198 1265 que
230 1211 305 1249 huc
333 1226 410 1250 non
443 1215 529 1250 facit
549 1214 643 1251 illud
676 1210 778 1254 ἄπο-

122 1268 372 1319 λαμφθέντες
413 1272 587 1320 conclusi,
634 1272 776 1319 inclusi,

122 1328 320 1375 intercepti:
339 1326 385 1362 de
407 1339 482 1377 quo
499 1327 574 1365 vid.
597 1329 693 1375 VIII,
712 1331 776 1367 10.

127 1386 191 1422 11.
215 1385 281 1422 76·
305 1384 369 1422 97.
392 1383 435 1427 V,
460 1386 549 1423 100.
583 1406 633 1411 ——-
667 1382 778 1429 Quod

122 1439 295 1489 proxime
311 1438 499 1475 antecedit
520 1438 593 1478 αἰεὶ
611 1435 688 1478 cive}
699 1442 779 1478 ποῖ-

124 1506 198 1533 σαν
222 1492 375 1545 ἡμέρην
406 1496 529 1533 attulit
558 1498 706 1547 Baquet
731 1495 780 1533 ad

121 1552 233 1589 Dion.
284 1549 474 1602 Chrysost.
525 1553 693 1603 Specim.
740 1566 777 1604 p.

123 1609 175 1648 66
195 1608 314 1644 multa
335 1606 381 1644 de
411 1609 480 1645 ista
509 1611 686 1648 orationis
710 1610 781 1648 ab-

122 1662 306 1702 undantia
326 1665 504 1703 excitans.

302 1788 395 1840 Cap.
414 1790 601 1827 xxxlx.

171 1885 347 1940 “Ημε’ραι
365 1888 407 1929 δέ
423 1902 495 1941 σφι
519 1886 780 1944 οἷντικατημέ-

126 1957 231 1984 νοισι
271 1943 349 1997 ἤδη
386 1945 613 2000 ἐγεγόνεσαν
654 1945 777 1998 ὀκτώ]

125 2001 274 2038 Eadem
299 2004 439 2041 locutio
468 2006 537 2053 IX,
559 2005 626 2046 41.
655 2007 781 2042 Parti-

127 2058 215 2108 cipii
242 2072 355 2097 usum
381 2061 420 2096 in
439 2062 575 2099 talibus
606 2063 713 2113 attigi
733 2061 782 2099 ad

126 2115 195 2163 IX,
221 2118 284 2155 10.
306 2137 356 2146 —
386 2119 445 2154 De
464 2131 558 2156 voce
578 2114 782 2171 εὐφρόνης

127 2171 204 2210 vid.
225 2172 306 2220 VII,
331 2176 395 2215 12.

186 2228 229 2267 αἳ
248 2227 312 2268 ἐπὶ
341 2229 573 2271 Πλαταιέων
599 2229 780 2284 φέρουσι]

131 2284 157 2323 i.
177 2298 211 2321 e.
241 2299 328 2335 quae
360 2286 529 2326 Plataeas
558 2301 679 2326 versus
710 2289 784 2326 du-

134 2344 226 2377 cunt.
283 2339 417 2391 Δρυός
454 2344 637 2395 Κεφαλαὶ
667 2348 786 2396 capita

136 2409 278 2446 quercus
330 2400 576 2438 inveniuntur
632 2415 786 2455 quoque

137 2451 238 2502 apud
265 2453 479 2495 Philostrat.
516 2460 623 2496 Ioon.
652 2460 699 2507 ΙΙ,
734 2462 784 2500 19

136 2508 215 2554 fin„
237 2510 312 2560 qui,
332 2521 513 2552 monente
531 2515 675 2553 Iacobs.
696 2528 784 2566 pag.

139 2566 232 2609 512,
256 2574 427 2605 nostrum
455 2571 583 2608 locum
608 2574 785 2622 respexit,

138 2628 175 2657 et
195 2619 372 2674 Thucyd.
393 2626 456 2673 111,
477 2626 530 2666 24
554 2635 647 2666 teste
667 2630 788 2666 Wes-

137 2677 316 2727 selingio‚
349 2682 414 2731 qui
441 2683 594 2721 alteram
617 2687 788 2736 appella-

138 2735 283 2770 tionem
302 2749 341 2772 se
360 2750 530 2788 unquam
551 2741 683 2790 legisse
715 2756 788 2779 ne-

138 2797 216 2841 gat.
272 2794 350 2830 Nec
379 2793 473 2831 mihi
503 2796 712 2850 quidquam
731 2799 787 2836 in-

832 1156 969 1195 notuit.
1027 1159 1083 1194 De
1111 1155 1169 1194 his
1187 1169 1276 1194 vero
1308 1156 1492 1204 faucibus,

835 1215 971 1266 quibus
997 1214 1120 1252 Trium
1143 1215 1299 1264 capitum
1319 1227 1346 1250 s.
1375 1213 1492 1255 Quer-

835 1284 897 1307 cus
919 1273 1071 1321 capitum
1090 1284 1245 1318 nomen,
1262 1270 1491 1306 Pausaniam

834 1328 902 1374 IX,
924 1330 949 1366 2
972 1328 1008 1372 ξ.
1032 1329 1056 1365 2
1078 1327 1258 1377 cogitasse
1275 1333 1380 1377 putat
1392 1328 1494 1362 Kru—

833 1396 874 1420 se
900 1384 1000 1419 nell.
1023 1384 1070 1429 11,
1106 1387 1126 1422 1
1154 1397 1192 1432 p.
1217 1383 1406 1434 421seq.‚
1428 1383 1494 1418 ubi

834 1435 908 1489 τήν
929 1436 1140 1489 λεωφόρον
1160 1435 1293 1487 (ὁδὸν)
1317 1439 1494 1489 appellat,

836 1508 934 1547 quae
963 1508 1067 1532 nunc
1086 1501 1245 1532 vocetur
1262 1492 1399 1546 ἐτρατή
1422 1497 1496 1534 τοῦ

835 1553 998 1604 Βίζιρις.
1076 1550 1257 1588 Escendit
1297 1552 1401 1587 enim
1440 1552 1493 1588 ibi

835 1610 897 1648 via
907 1610 947 1645 in
964 1609 1163 1660 obliquum
1175 1607 1287 1645 ducta
1301 1621 1369 1659 per
1378 1620 1495 1644 mon-

834 1673 915 1703 tem
933 1664 1143 1710 horfldum,
1176 1678 1295 1717 eaque
1316 1665 1495 1716 primaria

836 1723 929 1759 olim
948 1724 1009 1760 via
1028 1723 1099 1759 fuit
1120 1736 1140 1758 e
1159 1722 1425 1772 Peloponneso
1454 1722 1496 1758 in

834 1780 1034 1817 Boeotiam
1053 1779 1388 1830 proficiscentibus.
1417 1779 1496 1815 Ita-

837 1850 912 1888 que
950 1835 1197 1886 cogitandum
1234 1836 1302 1872 erit
1337 1834 1385 1872 de
1413 1836 1495 1886 ipso

833 1894 974 1930 montis
1013 1892 1246 1930 Cithaeronis
1274 1893 1365 1942 iugo
1402 1904 1496 1943 pro-

835 1950 998 1987 minenti
1035 1963 1158 2002 eoque
1206 1949 1402 2000 praecipiti
1450 1961 1494 1986 ao

838 2005 986 2053 declivi,
1017 2020 1084 2057 per
1118 2005 1222 2058 quod
1251 2007 1312 2043 via
1344 2018 1495 2042 sursum

837 2062 1017 2100 tendebat
1042 2064 1236 2100 obtectum
1267 2062 1494 2114 quercubus,

837 2119 942 2156 unde
972 2120 1056 2157 loco
1089 2132 1245 2156 nomen.
1306 2119 1405 2163 Quin
1426 2117 1497 2155 ad-

838 2175 914 2214 huc
934 2177 1016 2212 illas
1041 2175 1274 2213 Cithaeronis
1299 2174 1497 2212 declivita-

839 2240 894 2270 tes
932 2234 1031 2284 pinis
1074 2240 1111 2270 et
1149 2232 1375 2284 quercubus,
1416 2232 1497 2268 aliis

843 2288 1030 2326 eiusmodi
1087 2289 1282 2326 arboribus
1338 2289 1500 2326 consitas

842 2360 921 2384 esse
965 2347 1265 2397 peregrinatores
1311 2351 1497 2382 asserunt.

841 2402 904 2440 Ad
961 2402 1199 2440 occidentem
1254 2402 1500 2439 Plataearum

842 2459 946 2497 hunc
981 2460 1110 2496 locum
1138 2457 1321 2495 indicarat
1360 2457 1499 2495 Barbie

841 2517 882 2553 in
895 2530 1035 2567 mappa
1056 2513 1332 2567 geographica3
1361 2515 1500 2551 rectius

842 2587 932 2610 sane
971 2573 1057 2609 Gail
1096 2572 1144 2609 ad
1178 2571 1364 2608 orientem
1401 2572 1500 2607 inter

842 2628 1065 2666 Eleutheras
1134 2635 1247 2679 atque
1303 2626 1498 2679 Erythras.

842 2685 930 2724 Vid.
964 2686 1004 2723 C.
1026 2687 1069 2722 Ο.
1093 2686 1241 2722 Mulier.
1271 2683 1499 2724 Orchomen.

843 2757 882 2794 p.
905 2741 999 2782 488.
1021 2741 1117 2782 489.
1162 2740 1344 2794 Thunyd.
1365 2743 1395 2791 1,
1419 2744 1446 2782 2
1466 2755 1505 2792 p.

845 2801 927 2841 280
946 2799 1094 2850 Poppo.
