1839 3292
196 216 283 256 408
754 213 1135 252 COMMENTATIO

880 382 918 426 ᾗ.
953 383 1016 421 12.

314 494 393 532 Sed
413 493 507 530 haec
527 505 577 529 ne
596 491 680 544 quis
700 490 829 530 credat
848 492 927 529 sola
949 505 1048 540 esse,
1079 504 1178 544 quae
1203 492 1244 529 in
1264 491 1320 531 his
1340 493 1442 531 libris
1470 491 1694 545 posteritatis

199 553 410 589 memoriae
440 549 576 587 tradita
605 551 740 587 Noster
769 549 984 600 reliquerit,
1023 549 1132 600 plura
1162 551 1234 587 alia
1263 549 1320 587 his
1341 550 1469 587 addita
1499 558 1536 588 et
1555 553 1695 588 inserta

200 607 395 655 videmus,
439 619 537 658 quae
569 607 767 643 occasione
794 607 918 643 oblata
938 607 1239 656 praetermittere
1272 620 1362 645 cum
1383 608 1514 655 nollet,
1540 608 1580 643 in
1607 619 1695 644 me-

201 663 308 701 dium
328 664 505 715 protulit,
536 662 639 715 quod
659 664 723 700 illa
743 663 869 715 aliqua
891 670 991 700 certe
1011 664 1155 700 ratione
1174 665 1271 702 scitu
1291 665 1396 701 utilia
1416 662 1545 701 autad
1564 664 1694 712 finem,

200 734 319 773 quem
344 721 492 772 assequi
521 721 662 768 voluit,
697 718 986 757 accommodata
1006 719 1150 759 habuit.
1209 722 1308 758 Hinc
1333 722 1371 757 in
1398 718 1623 758 Herodoteis
1649 720 1697 757 li-

200 778 276 814 bris
296 776 400 814 haud
422 790 566 828 paucae
587 783 791 814 occurrunt
812 776 1062 827 digressiones
1084 778 1162 815 sive
1184 777 1375 828 episodia:
1407 777 1455 815 de
1478 778 1615 829 quibus
1634 789 1699 814 sa-

199 835 247 872 tis
273 833 438 871 diximus
467 835 507 870 iu
527 841 624 871 nott.
656 833 704 870 ad
722 835 752 881 I,
774 835 841 873 23.
864 831 930 873 56.
951 836 1042 874 131.
1063 835 1128 883 111,
1151 836 1216 874 60.
1238 835 1301 882 lv,
1324 837 1391 875 30.
1421 833 1513 875 145.
1541 836 1629 874 167.
1650 833 1696 881 V,

201 889 270 931 55.
298 892 344 939 V,
366 893 419 931 92
436 891 474 936 ξ.
495 893 535 930 2.
556 891 636 937 VII,
661 892 754 930 171.
774 885 815 935 ᾖ)
863 891 997 941 Neque
1031 889 1104 927 hae
1142 890 1390 941 digressiones
1431 888 1698 927 huiuscemodi

199 954 312 996 sunt,
344 954 407 995 ut,
439 946 543 998 quod
562 947 788 998 primarium
815 946 885 983 sibi
915 945 1048 984 habuit
1067 947 1282 985 Herodotus
1311 946 1491 999 quodque
1524 947 1698 998 inprimis

200 1002 545 1042 demonstrandum
572 1003 644 1041 sibi
680 1010 949 1053 proposuerat,
988 1003 1028 1040 id
1058 1005 1185 1041 minus
1216 1005 1396 1055 cognosci
1426 1004 1554 1055 possit.
1613 1005 1696 1040 Hoc

199 1068 329 1098 autem
349 1061 586 1111 primarium,
610 1072 686 1111 quo
702 1060 832 1096 omnia
851 1060 1001 1110 singula
1025 1061 1291 1109 continentur,
1329 1059 1432 1097 unde
1460 1060 1590 1096 omnia
1614 1073 1699 1096 sus-

199 1130 316 1169 pensa
344 1124 446 1165 sunt,
467 1116 571 1154 unde
590 1117 720 1154 lucem
743 1129 853 1153 suam
879 1129 922 1153 ac
953 1118 1059 1168 quasi
1086 1119 1165 1154 vim
1196 1118 1407 1168 accipiunt,
1438 1118 1604 1167 positum
1624 1112 1697 1165 mi)

201 1175 390 1211 cernimus
411 1175 451 1210 in
471 1174 639 1211 barbaris
655 1203 665 1222 ,
697 1173 796 1210 orbis
817 1180 1004 1210 terrarum
1020 1172 1195 1221 dominis,
1217 1176 1453 1212 Graecorum
1471 1175 1510 1211 vi
1529 1179 1699 1224 prostra-

198 1232 258 1279 tis,
280 1230 352 1268 deo
373 1232 495 1268 ultore
516 1238 631 1282 atque
651 1229 802 1268 vindice
813 1231 978 1267 Graecos
998 1230 1202 1268 adiuvante
1227 1243 1527 1282 prosperumque
1547 1242 1700 1267 succes-

199 1301 287 1326 sum
306 1295 477 1339 parante.
534 1289 635 1324 Hinc
655 1287 778 1338 operis
796 1286 894 1336 finis,
919 1287 987 1323 ubi
1010 1287 1057 1324 de
1075 1289 1241 1325 barbaris
1268 1287 1436 1325 vindicta
1455 1293 1579 1323 sumta
1597 1287 1701 1337 iique

200 1345 309 1395 gravi
329 1344 471 1382 damno
493 1344 623 1382 afflicti
651 1351 752 1381 suut.
798 1346 855 1381 Ita
876 1351 912 1381 et
934 1345 1099 1381 Graecos
1119 1346 1298 1382 libertatis
1318 1343 1620 1390 studiosissimos,
1639 1356 1701 1379 ce-

200 1403 347 1440 lebrare
369 1408 405 1439 et
434 1401 603 1439 divinam
622 1400 831 1439 vindictam
849 1414 880 1438 s.
902 1400 1019 1438 divini
1033 1403 1200 1438 numinis
1220 1403 1298 1439 vim
1315 1407 1614 1438 commonstrare
1629 1412 1702 1450 po-

200 1460 273 1496 tuit
287 1466 436 1506 auctor,
468 1460 611 1509 patriae
632 1471 761 1495 amore
782 1471 903 1510 aeque
924 1471 967 1495 ac
987 1460 1049 1509 pia
1068 1460 1109 1495 in
1129 1458 1219 1496 deos
1239 1459 1450 1495 reverentia
1471 1464 1701 1496 commotus.

201 1516 308 1562 Quae
323 1517 402 1566 ipsa
424 1528 513 1552 oum
534 1528 691 1553 omnem
713 1516 886 1552 animum
907 1522 1120 1566 penetraret
1139 1516 1540 1566 religiosissimumque
1559 1511 1702 1550 redde-

200 1579 259 1609 ret
277 1574 523 1623 scriptorem,
555 1573 654 1609 cavit
683 1585 838 1624 quoque
870 1571 1036 1608 eundem
1065 1574 1111 1609 ab
1134 1574 1240 1610 omni
1279 1571 1483 1609 mendacio
1506 1569 1704 1622 fidemque

201 1628 293 1666 inde
324 1630 537 1666 conciliavit
557 1641 750 1665 summam
771 1630 849 1665 eius
870 1630 1146 1666 narrationibus
1160 1658 1170 1677 ,
1202 1630 1240 1665 in
1259 1630 1395 1681 quibus
1411 1628 1533 1664 ubivis
1556 1628 1704 1677 reperi-

202 1699 290 1723 mus
310 1686 435 1723 virum
465 1686 571 1722 omni
591 1686 758 1736 partium
777 1683 901 1722 studio
928 1693 1125 1722 exeintum
1145 1699 1217 1722 nec
1246 1687 1335 1736 ipsis
1363 1684 1516 1722 Graecis
1536 1683 1704 1734 patroci-

202 1750 361 1780 nantem
383 1749 514 1779 contra
534 1741 573 1779 id
589 1772 599 1791 ,
633 1740 736 1794 quod
756 1754 890 1780 verum
912 1749 948 1779 et
967 1743 1111 1780 iustum
1130 1743 1200 1780 sibi
1220 1741 1433 1781 videbatur.
1492 1739 1580 1779 vid.
1599 1740 1706 1778 locos

203 1813 317 1851 supra
334 1800 478 1836 allatos·

317 1858 401 1893 Hoc
417 1868 506 1893 vero
528 1867 618 1892 cum
637 1868 760 1892 unum
788 1855 835 1892 sit
863 1855 1109 1906 primarium,
1137 1856 1287 1907 singula
1316 1867 1492 1908 quaeque
1529 1854 1705 1905 comple-

207 1919 311 1950 ctens
342 1920 378 1950 et
407 1912 456 1949 ad
491 1926 531 1949 se
551 1925 753 1960 revocans,
787 1911 1048 1960 Herodotum,
1078 1926 1207 1950 rerum
1236 1913 1485 1964 scriptorem,
1521 1911 1637 1948 efficit
1661 1916 1707 1948 ut

206 1970 327 2021 poetis
351 1971 465 2020 epicis
485 1970 621 2006 similia
642 1969 870 2006 sectantibus
886 1969 1142 2008 adscribamus
1163 1971 1318 2022 eiusque
1339 1968 1502 2007 historiis
1535 1969 1706 2019 speciem

209 2027 306 2078 epici
324 2027 500 2064 carminis
528 2027 671 2063 tribuit.
709 2028 809 2063 Nam
829 2027 995 2063 multum
1010 2028 1142 2078 ntique
1163 2028 1289 2075 abest,
1320 2033 1384 2074 ut,
1417 2026 1482 2078 qui
1502 2020 1706 2077 ὁμηρικῶ-

207 2099 321 2130 τατος
351 2085 433 2120 iure
465 2084 693 2134 appellatur,
721 2080 817 2132 μω)
848 2084 964 2120 talem
1007 2084 1126 2121 modo
1157 2098 1235 2122 esse
1265 2090 1444 2134 appareat
1478 2083 1518 2118 in
1548 2081 1706 2131 singulis

188 2134 476 2191 ⁷locutionibus,
507 2140 746 2189 dictionibus,
780 2141 974 2179 vocabulis
996 2154 1044 2178 ex
1071 2143 1239 2179 Homero
1268 2141 1394 2192 petitis
1409 2139 1572 2191 atquein
1591 2149 1707 2175 suum

301 2328 336 2373 '‘)
376 2328 451 2364 Vid.
478 2328 641 2363 Creuzer.
665 2329 795 2363 Histor.
820 2329 933 2363 Kunst
962 2329 994 2363 d.
1022 2329 1163 2363 Griech.
1189 2340 1223 2374 p.
1252 2328 1441 2363 141—146.
1464 2327 1530 2361 Vel
1553 2327 1589 2360 in
1613 2326 1708 2361 hisce

208 2374 357 2456 {dtamexril
370 2377 559 2456 exegipllum
582 2376 758 2410 Herodoto
781 2375 888 2409 fuisse
911 2377 1125 2410 obversatum
1158 2376 1234 2409 vult
1258 2376 1440 2418 Dionysius
1466 2374 1519 2408 De
1544 2373 1708 2418 Thucyd-

228 2432 248 2454 u
273 2445 282 2454 .
327 2422 337 2437 ⁷
379 2433 413 2466 p.
506 2447 514 2456 .

303 2490 348 2531 ⁸⁸)
392 2489 469 2525 Vid.
504 2489 665 2524 Creuzer.
699 2489 721 2523 l.
747 2489 768 2525 l.
794 2501 826 2534 p.
854 2488 930 2530 141,
953 2489 1010 2523 ubi
1036 2488 1190 2531 Dionysii
1214 2487 1372 2522 iudicium
1406 2489 1482 2532 (De
1512 2487 1707 2531 Thucydid.

209 2535 284 2568 Iud.
308 2536 355 2568 VI
380 2547 414 2580 p.
439 2537 525 2579 826)
549 2535 706 2580 disquirit
729 2535 938 2568 Herodotum
964 2541 1067 2580 atque
1093 2535 1305 2568 Hellanimun
1329 2535 1511 2569 statuentis
1535 2534 1709 2568 narratio-

210 2592 286 2614 nem
311 2582 492 2615 secundum
516 2582 590 2615 loca
613 2582 830 2615 distribuisse
856 2588 892 2615 et
925 2583 1163 2614 conformasse.
1213 2581 1260 2614 Et
1295 2582 1384 2616 conf.
1413 2592 1549 2627 quoque
1580 2579 1708 2614 Meier-

211 2631 283 2661 otto
308 2627 341 2659 iu
366 2628 553 2672 scriptione
577 2639 682 2672 supra
707 2629 739 2669 §.
764 2630 806 2661 10
832 2628 970 2662 laudata
993 2639 1025 2672 p.
1051 2628 1117 2661 599
1141 2639 1237 2672 seqq.

303 2693 383 2737 ***)
408 2695 552 2740 Longin.
575 2697 627 2730 De
651 2696 782 2730 sublim.
807 2698 838 2738 §-
867 2697 926 2730 12:
963 2693 1077 2738 μόνος
1093 2693 1293 2738 Ἡρόδοτος
1308 2692 1611 2739 Ὃμηρικώτατος
1628 2689 1707 2736 ἐγέ-

211 2751 307 2774 νετο.
354 2740 406 2773 De
431 2742 604 2776 Herodoto
630 2743 768 2775 Homori
790 2743 976 2786 exemplum
1000 2747 1115 2775 secuto
1141 2743 1346 2787 eundemque
1377 2742 1532 2775 imitante
1563 2739 1708 2782 diligen-

212 2792 266 2819 ter
290 2786 489 2820 observavit
512 2800 646 2833 quoque
671 2788 854 2821 Meierotto
889 2790 910 2820 l.
937 2788 957 2823 l.
983 2799 1016 2832 p.
1041 2788 1118 2821 531.
1144 2788 1210 2821 554
1235 2800 1307 2832 seq.
1332 2789 1408 2822 536.
1434 2788 1512 2821 585.
1535 2785 1603 2819 592
1633 2796 1707 2829 seq.

213 2832 291 2867 595.
339 2831 426 2866 Add.
451 2833 527 2867 Alb.
553 2835 596 2867 de
620 2834 739 2879 Iongh.
760 2834 802 2868 de
824 2833 993 2868 Herodoti
1016 2833 1205 2879 philosoph.
1230 2845 1262 2880 p.
1291 2835 1332 2868 18
1358 2834 1434 2868 coll.
1458 2834 1514 2867 21.
