1839 3292
386 221 469 261 1⁰6

782 217 1239 256 HERODOTI

384 343 466 379 νοι,
496 325 694 382 κατεῖχόν
721 342 765 369 τε
795 325 916 381 μέχρι
946 326 1206 380 Μουνυχίης
1244 324 1386 368 πάντα
1421 324 1500 367 τὸν
1535 328 1693 378 τωρ-35

356 394 506 449 Ξθμὸν
550 399 648 450 τῇσι
698 395 841 449 νηυσί.

905 394 1042 435 τῶνδε
1071 392 1116 435 δὲ
1155 394 1317 435 εἵνεκεν
1365 391 1531 446 α’νῆγον
1560 391 1638 442 τοὶς

385 467 513 518 νῆας,
555 462 627 504 ἴνα
670 459 722 515 δὴ
753 465 865 504 τοῖσι
883 459 1057 516 ’Έλλησι
1087 461 1192 516 μηδὲ
1218 460 1397 516 φυγέειν
1427 460 1518 515 ἐξῇ,
1550 457 1636 502 ἀλλ’

384 528 742 584 ἀπολαμφθέντες
773 529 818 571 ἐν
858 532 912 584 τῇ
949 532 1192 584 Σαλαμῖνι,
1241 530 1361 571 δοῖεν
1396 529 1509 570 τίσιν
1550 530 1638 569 τῶν

356 595 451 640 3ἐπ’
478 595 721 653 Ἀρτεμισίῳ
751 595 1078 651 ἀγωνισμάτων.
1121 597 1162 647 ἐς
1193 596 1238 638 δὲ
1268 594 1345 651 τὴν
1372 595 1528 649 νησίδα
1556 593 1637 648 τὴν

394 664 663 707 Ψυττάλειαν
704 663 967 719 καλεομένην
996 662 1259 718 ἀπεβίβαζον
1297 667 1384 705 τῶν
1415 660 1634 715 Περσέων,

383 734 519 775 τῶνδε
549 733 721 784 εἵνεκεν,
752 730 823 784 ὥς,
855 730 983 775 ἐπεάν
1011 732 1187 787 γένηται
1218 731 1445 786 ναυμαχίη,
1477 728 1692 772 {vacco-40

327 935 542 975 titudinem.
556 937 655 986 „Ubi
667 936 731 988 qui
744 934 790 972 de
804 936 869 973 Ceo
878 936 980 974 insu-

327 994 364 1030 la
375 994 541 1042 cogitant
552 1007 571 1029 e
582 995 734 1044 regione
746 993 856 1030 Sunii
867 994 936 1030 sita
946 1000 982 1030 et

329 1048 377 1086 de
404 1049 606 1100 Cynosura,
636 1049 869 1086 Marathonis
895 1063 982 1100 pro-

325 1106 528 1154 montorio,
543 1105 792 1142 adEuboeam
807 1113 982 1154 spectan-

326 1169 376 1210 te,
386 1164 445 1199 cui
456 1175 557 1198 nunc
570 1174 709 1198 nomen
721 1161 813 1210 Cap‘
826 1162 975 1209 Gamla,

327 1231 403 1270 quo
426 1220 566 1254 scilicet
598 1225 759 1268 utroque
780 1218 863 1253 loco
883 1219 978 1254 Per-

325 1287 453 1312 sarum
478 1287 592 1311 naves
620 1273 820 1311 habuerint
847 1275 978 1310 statio-

324 1344 435 1378 nem,
465 1331 541 1382 quai
569 1331 714 1377 relicta,
750 1343 868 1380 prope
889 1332 978 1366 Mu-

324 1386 497 1425 nichium
535 1388 589 1423 illi
620 1388 788 1438 provecti
821 1386 976 1434 fretum,

325 1451 369 1481 ut
397 1443 468 1480 hac
493 1444 607 1480 etiam
636 1451 742 1494 parte
765 1443 878 1493 fugae
911 1457 979 1480 oc-

325 1502 424 1537 casio
441 1500 591 1537 Graecis
601 1498 891 1550 praecideretur,
907 1501 979 1537 ob-

323 1558 520 1607 sepserint‚
540 1569 602 1593 eos
614 1557 764 1607 egregie
777 1556 855 1592 falli
873 1564 980 1607 puto.

324 1615 425 1650 Nam
441 1613 487 1650 de
499 1614 588 1652 locis
604 1614 725 1650 multo
745 1614 980 1663 propioribus

324 1683 397 1707 nec
429 1677 508 1707 tam
543 1671 657 1720 longe
687 1671 840 1706 remotis
874 1671 981 1720 cogi-

323 1725 484 1764 tandum
513 1725 552 1764 h.
570 1727 596 1763 l.
629 1740 729 1774 esse,
766 1725 876 1763 docet
896 1728 981 1777 opi-

324 1796 397 1820 nor
417 1785 530 1820 totius
558 1784 632 1819 loci
663 1785 847 1820 sententia
877 1784 980 1832 ipso-

324 1853 488 1892 rumque
533 1841 725 1887 locorum,
771 1840 812 1875 in
845 1841 979 1891 quibus

325 1904 539 1947 pugnatum
570 1903 645 1941 est,
684 1897 790 1935 ratio.
847 1898 979 1948 Itaque

327 1953 432 1990 Ceam
458 1966 547 1990 cum
569 1954 702 1989 Krusio
724 1953 822 1993 Heu.
847 1954 904 2000 11,
941 1955 977 1992 1.

325 2022 411 2060 pag.
432 2010 512 2050 304
542 2011 752 2060 acceperim
778 2008 825 2045 de
845 2022 889 2046 eo
907 2010 980 2046 Sa-

324 2066 504 2102 laminiae
531 2067 674 2103 insulae
703 2067 976 2117 promontorio,

326 2122 428 2173 quod
451 2122 498 2159 ad
510 2135 686 2159 occasum
701 2130 736 2159 et
754 2124 979 2173 septentrio-

325 2192 417 2215 nem
439 2181 652 2229 Megaricae
672 2181 817 2229 regioni
840 2180 978 2215 obver-

324 2248 410 2273 sum
436 2243 501 2274 est.
558 2235 774 2286 Cynosuram
794 2248 978 2286 promon-

321 2293 461 2328 torium
487 2291 588 2329 idem
616 2306 651 2342 p.
674 2291 764 2331 304.
787 2295 867 2332 307
896 2293 978 2329 col-

321 2349 421 2386 locat
437 2351 475 2385 in
501 2349 672 2386 orientali
694 2349 837 2384 insulae
858 2356 975 2398 parte,

321 2407 388 2443 ubi
408 2413 486 2443 erat
505 2402 688 2456 πορθμός
708 2405 784 2441 sive
801 2406 976 2442 traiectus

322 2464 360 2499 in
399 2464 562 2500 Atticam
581 2460 656 2499 duo
686 2468 834 2497 tantum
857 2460 976 2498 stadia

324 2519 566 2565 disiunctam3
611 2531 714 2555 nunc
738 2524 875 2554 vocant
906 2517 977 2555 Pe-

325 2588 437 2613 ταηια.
494 2574 581 2614 vid.
612 2573 750 2614 Herod.
779 2575 884 2623 VIII,
927 2576 976 2614 91

328 2638 365 2668 et
384 2633 502 2668 Kruse
523 2633 547 2668 l.
572 2632 596 2670 l.
624 2644 710 2682 pag.
729 2633 821 2670 212.
880 2631 980 2676 Quin

326 2689 536 2724 etiamnum
559 2688 597 2723 in
617 2686 734 2724 hocce
755 2694 979 2738 promonto-

325 2745 381 2781 rio
402 2745 545 2795 tropaei
566 2756 586 2779 a
605 2744 756 2781 Graecis
790 2745 826 2779 in
855 2745 979 2780 victo·

324 2801 402 2838 riae
423 2800 647 2838 memoriam
666 2801 779 2838 erecti
802 2801 978 2853 reliquias

1038 936 1222 989 quasdam
1235 937 1395 973 inveniri
1408 942 1563 974 testatur
1579 934 1690 981 Gen„

1039 1008 1154 1046 quem
1184 996 1271 1031 citat
1298 996 1415 1030 Kruse
1438 994 1461 1031 l.
1486 994 1510 1030 l.
1539 1006 1577 1042 p.
1595 994 1689 1032 307.

1038 1052 1098 1087 Ab
1141 1050 1213 1087 hoc
1251 1052 1363 1100 igitur
1401 1052 1485 1087 loco
1528 1056 1690 1099 utroque

1039 1108 1240 1143 Persarum
1261 1120 1396 1154 naves,
1428 1107 1582 1158 quaein
1612 1111 1690 1140 sta-

1032 1164 1136 1199 tione
1148 1164 1200 1198 ibi
1214 1164 1417 1199 collocatae
1434 1169 1559 1209 erant,
1599 1174 1689 1197 eve-

1034 1226 1136 1267 ctae,
1167 1232 1205 1255 se
1231 1219 1398 1270 reliquae
1426 1219 1533 1255 classi
1552 1216 1690 1254 adiuu-

1032 1282 1192 1324 xerunt‚
1234 1276 1286 1311 ita
1314 1282 1355 1311 ut
1389 1288 1503 1312 omne
1536 1274 1689 1322 fretum,

1032 1332 1137 1384 quod
1151 1334 1250 1368 inter
1259 1332 1493 1369 Salaminem
1507 1331 1692 1367 Atticam-

1034 1402 1109 1440 que
1135 1395 1210 1434 est,
1251 1389 1409 1426 navibus
1435 1388 1690 1438 compleretur

1035 1444 1083 1482 ad
1113 1444 1363 1496 Munychiam
1399 1458 1519 1496 usque
1547 1451 1690 1481 retror-

1035 1515 1121 1539 sum
1149 1515 1253 1538 mare
1284 1503 1509 1551 tegentibus.
1534 1523 1586 1528 -
1630 1498 1694 1537 Ad

1035 1572 1196 1610 sequens
1230 1560 1353 1597 τῶνδε
1391 1556 1434 1597 δὲ
1463 1557 1564 1595 conf.
1591 1557 1692 1605 VIII,

1036 1614 1089 1655 46
1118 1622 1154 1651 et
1183 1613 1231 1651 ad
1259 1610 1586 1665 α’πολαμφθέντες
1613 1612 1692 1650 vid.

1037 1673 1147 1708 allata
1174 1671 1221 1707 ad
1247 1672 1301 1713 V,
1332 1674 1421 1711 101.
1468 1671 1692 1707 Transitum

1035 1728 1240 1764 modorum
1263 1727 1351 1778 (ἵνα
1369 1725 1418 1777 δή
1444 1749 1498 1755 -
1525 1725 1611 1779 ε’ξῇ
1637 1750 1687 1755 -

1038 1780 1135 1823 ἄλλά
1167 1806 1221 1814 -
1252 1785 1414 1830 δοῖεν)
1451 1782 1541 1819 hinc
1569 1784 1692 1833 attigit

1037 1843 1082 1880 G.
1125 1843 1333 1881 Hermann,
1365 1839 1413 1877 ad
1440 1841 1566 1890 Viger.
1604 1852 1691 1890 pag.

1037 1898 1129 1938 851.
1177 1899 1270 1933 Mox
1297 1896 1384 1934 dedi
1403 1900 1583 1946 κατεῖχον
1606 1897 1692 1946 ple-

1034 1955 1160 2005 risque
1177 1953 1287 1990 codd.
1314 1956 1365 1990 ita
1384 1953 1600 1989 iubentibus
1621 1965 1691 2003 pro

1035 2010 1209 2059 κατέχον,
1231 2010 1334 2061 quod
1355 2024 1402 2046 ex
1420 2010 1581 2061 antiquis
1609 2008 1693 2045 etli-

1034 2068 1198 2103 tionibus
1223 2069 1426 2103 retinuerat
1448 2065 1690 2104 Gaisfordius.

1033 2125 1138 2160 Facit
1171 2137 1325 2160 mecum
1357 2136 1490 2160 censor
1524 2123 1690 2159 lenensis

1037 2182 1141 2220 1323
1174 2193 1231 2219 nr.
1274 2183 1352 2220 185
1391 2193 1430 2230 p.
1457 2178 1530 2226 46,
1573 2191 1690 2230 quem

1034 2237 1239 2285 Stegerum
1262 2249 1339 2272 esse
1364 2236 1538 2275 coniicio.

1090 2288 1330 2343 ἀπεβίβαζον
1365 2295 1443 2330 τῶν
1480 2289 1686 2341 Περσέων]

1033 2350 1111 2386 scil.
1147 2344 1271 2394 τινάς.
1330 2347 1391 2385 Ad
1426 2346 1688 2397 ἐξοισομένων

1033 2406 1132 2442 conf.
1159 2407 1244 2442 VIII
1263 2435 1272 2452 ‚
1299 2406 1364 2445 49.
1422 2403 1532 2449 Quod
1560 2405 1689 2456 sequi-

1032 2469 1093 2498 tur
1123 2461 1164 2501 ἐν
1195 2464 1247 2515 τῷ
1284 2458 1391 2512 πόρῳ
1418 2461 1538 2497 valet:
1569 2463 1688 2508 iuxta,

1034 2519 1131 2567 apud
1147 2521 1331 2555 transitum
1344 2520 1568 2555 maritimum.
1601 2515 1688 2555 Vid.

1036 2575 1132 2611 Gaii.
1165 2574 1214 2610 ad
1243 2575 1402 2624 Scymn,
1437 2573 1575 2611 Chium
1606 2573 1687 2615 518

1035 2632 1084 2670 T.
1101 2632 1136 2666 II
1157 2644 1242 2681 pag.
1263 2630 1342 2671 374
1357 2644 1434 2683 seq.
1491 2628 1686 2667 Plutarch.

1034 2687 1186 2727 Aristid.
1224 2690 1270 2728 9:
1312 2702 1385 2736 την
1428 2685 1686 2733 Ψυτταλειαν,

1033 2740 1083 2808 ἡ
1099 2741 1175 2795 πρὸ
1205 2759 1276 2794 της
1305 2746 1414 2782 Σαῑλ
1405 2746 1532 2794 μῖνος
1559 2741 1601 2782 ἓν
1629 2743 1686 2795 τῷ

1032 2794 1140 2855 πόρω
1157 2803 1293 2846 κεῖται,
1314 2813 1437 2852 νησος
1460 2795 1509 2840 οὕ
1524 2782 1682 2850 μεγάλη.
