1839 3292
385 192 468 233 194
777 191 1239 230 HERODOTI

385 315 432 345 τε
458 297 764 356 ὑπερφέροντα
792 303 880 343 τῶν
909 299 1065 342 ἄλλων.
1124 297 1172 342 ἐν
1192 298 1389 343 τούτοισι
1416 298 1490 343 καὶ
1522 298 1545 342 ὁ
1564 302 1638 343 Σι-
1651 305 1698 341 30

361 367 520 425 5ληνός
541 373 652 411 τοῖσι
681 367 856 422 κήποισι
882 365 994 422 ἥλω,
1035 363 1093 416 ὡς
1121 366 1288 421 λέγεται
1314 366 1404 411 ’ὑπό
1437 365 1646 410 Μακεδό-

391 452 494 480 νων.
552 434 660 488 ὑπὲρ
692 433 738 476 δὲ
775 438 864 476 τῶν
903 432 1054 489 κήπων
1086 428 1220 487 οὖρος
1250 433 1413 485 κέεται,
1451 433 1644 489 Βέρμιον

390 502 574 557 οὕνομα,
607 500 772 556 ἄβατον
794 500 880 544 ὑπὸ
910 504 1129 556 χειμῶνος.
1168 502 1372 544 ἐνθεῦτεν
1402 500 1448 544 δὲ
1477 499 1644 558 ὁρμεώ-

388 585 533 625 μενοι,
570 567 629 618 ὠς
659 567 820 624 ταύτην
850 568 974 623 ἔσχον
999 568 1344 624 κατεστρέφοντο
1365 567 1438 612 καὶ
1465 567 1544 623 τὴν
1574 568 1645 612 ἅλ-

231 643 331 689 139
388 642 470 692 λην
499 637 796 691 Μακεδονίην.
855 635 954 679 'Arni
995 635 1155 680 τούτου
1192 636 1245 692 δή
1286 639 1366 679 τοῦ
1397 637 1703 690 Περδίκκεω35

62 709 202 779 ξὲἓᾞῖ
216 709 340 770 ἷξὲᾞίιοῐῐζ
392 703 664 758 Ἀλέξανδρος
687 698 767 747 ὧδε
795 702 998 760 ἐγεγόνεε.
1031 702 1245 760 Ἀμύντεω
1263 709 1364 756 παῖς
1392 699 1447 760 ἦν
1465 702 1648 755 Ἀλέξαν·

63 776 172 840 iffi?
210 776 335 805 nem-

338 897 532 952 ἑξήκοντα
542 895 685 950 φύλλα,
704 895 810 954 ὀδμῇ
819 913 859 937 τε
869 895 992 949 ὕπερ-

338 958 510 1009 φέροντα
532 959 614 995 τῶν
634 954 781 1004 ἄλλων]
822 957 878 991 De
898 966 993 991 voce

338 1013 501 1053 ἕκαστον
521 1012 597 1051 vid.
617 1011 751 1050 matth.
773 1012 836 1048 Gr.
858 1013 924 1048 Gr.
955 1012 992 1055 §.

339 1073 434 1118 302,
456 1076 548 1119 not.‚
565 1071 629 1120 qui
655 1068 759 1104 idem
793 1070 829 1113 ξ.
852 1067 945 1112 358,
967 1068 994 1105 2

333 1139 422 1177 pag.
444 1129 524 1166 672
556 1123 602 1161 de
622 1125 789 1174 genitivo
819 1123 994 1160 consula-

335 1189 409 1227 tur,
435 1183 500 1232 qui
520 1182 634 1218 verbo
656 1178 896 1231 ὑπερφέρειν
917 1177 991 1215 h.l.

335 1237 499 1275 additur.
520 1236 581 1274 Ad
597 1243 866 1287 argumentum
880 1247 993 1286 prae-

335 1301 392 1332 ter
407 1293 663 1344 Theophrast.
684 1295 710 1330 l.
731 1294 757 1330 l.
773 1292 850 1330 vid.
874 1292 993 1342 potis-—

333 1352 475 1388 simum
503 1350 644 1387 Athen.
672 1350 744 1386 XV
764 1363 800 1399 p.
829 1351 908 1389 683
930 1349 990 1395 B„

332 1407 399 1444 ubi
419 1407 609 1444 Nicander
627 1418 864 1455 sexagenum
880 1404 992 1440 solio-

333 1476 420 1499 rum
447 1476 548 1499 rosas
576 1464 615 1498 in
643 1463 786 1512 campis
804 1459 992 1497 Emathiis

333 1520 436 1555 nasci
465 1520 577 1566 canit,
608 1520 778 1570 itemque
807 1519 907 1554 Plin.
940 1519 990 1555 H.

332 1577 380 1615 N.
402 1576 509 1622 XXI,
530 1575 556 1613 4
575 1588 605 1612 s.
628 1578 690 1615 10.
745 1576 790 1610 In
810 1574 992 1625 proximis

332 1632 480 1669 verbis:
513 1630 555 1670 ἐν
580 1627 755 1670 τούτοισι
784 1631 851 1669 καὶ
881 1629 905 1669 ό
925 1633 993 1668 Σι-

332 1685 453 1737 ληνός
470 1690 572 1726 τοῖσι
591 1683 757 1737 κήποισι
777 1699 991 1738 pronomen

334 1743 673 1781 demonstrativum
693 1757 713 1779 a
729 1757 796 1780 suo
817 1744 993 1780 substan-

333 1801 410 1836 tivo
432 1801 576 1851 aliquot
606 1801 761 1836 vocibus
790 1801 992 1836 interiectis

334 1855 555 1893 distractum
576 1857 748 1892 observat
764 1857 898 1905 Flugel
912 1856 991 1892 Ob·-

332 1926 455 1950 servv.
480 1914 519 1948 in
540 1911 930 1949 Plutarch.Phocion.
950 1925 990 1962 p.

333 1971 373 2009 6.
397 1972 436 2017 7,
456 1969 522 2005 ubi
542 1968 617 2006 vid.
639 1970 758 2019 plura.

387 2045 618 2098 Βέρμιον-
634 2044 785 2098 ἄβατον
804 2042 883 2085 ὖπὸ
916 2060 990 2096 χει-

330 2101 495 2154 μῶνος]
548 2105 718 2141 Koenius
752 2104 827 2153 legi
858 2104 990 2139 maluit

328 2155 411 2199 ὖπὸ
439 2155 587 2210 χιόνος.
645 2161 728 2206 Quo
761 2166 860 2196 certe
890 2158 992 2195 haud

331 2228 439 2265 opus.
496 2218 595 2252 Nam
640 2217 862 2266 intelligitur
894 2229 990 2252 mons

331 2273 530 2308 inaccessus
549 2276 692 2322 propter
711 2275 802 2310 aeris
828 2275 992 2321 intempe-

329 2329 424 2364 riem.
458 2328 569 2365 Conf.
597 2330 661 2375 lv,
684 2332 750 2369 62.
781 2329 886 2364 vana
903 2326 991 2364 red-

332 2382 500 2420 diderat:
527 2397 589 2434 per
611 2384 760 2435 hyemem
781 2386 990 2432 inaccessus,

332 2453 448 2491 quem
457 2448 606 2477 secutus
622 2439 833 2477 Larcherus
854 2442 987 2486 vertit:

332 2497 557 2534 inaccessible
579 2510 620 2534 en
639 2498 742 2534 lez'ver.
756 2498 888 2547 Lange
904 2510 988 2534 ver-

335 2554 492 2589 nacule:
524 2553 583 2590 der
603 2554 713 2590 Kc'ilte
737 2566 868 2602 wegen.
926 2551 988 2590 Ad

331 2620 443 2644 usum
462 2611 746 2660 praepositionis
766 2607 848 2648 ’ὑπό
870 2610 910 2645 in
934 2616 988 2646 ta-

330 2663 427 2699 libus
439 2664 592 2713 faciunt,
615 2679 712 2717 quae
733 2664 781 2702 ad
794 2664 986 2703 Plutarch.

331 2717 571 2770 Philopoem.
600 2735 639 2772 p.
663 2725 713 2762 10
733 2723 852 2759 attuli.
911 2722 987 2770 Sic,

330 2781 374 2812 ut
391 2773 465 2814 hoc
485 2777 772 2824 unumaddam,
792 2777 988 2819 Plutarch.

1048 897 1187 934 Pericl.
1211 900 1261 938 16
1283 893 1485 946 ἀνάλωτος
1505 892 1590 939 ‘tino'
1609 913 1705 949 χρη-

1050 954 1199 1004 μάτων.
1230 952 1376 1006 ἄβατος
1404 954 1507 993 haud
1538 957 1644 993 aliter
1664 956 1705 991 iu

1047 1011 1148 1049 Plut.
1170 1012 1277 1048 Arat.
1298 1012 1322 1053 5
1354 1013 1419 1049 fin.
1448 1014 1543 1050 Mar.
1565 1014 1617 1053 39
1637 1011 1705 1048 fin.

1051 1067 1158 1117 Sylla
1186 1070 1241 1108 22
1269 1067 1348 1115 fin„
1379 1069 1443 1104 ubi
1462 1066 1541 1108 ὑπὸ
1569 1067 1706 1107 eodem

1050 1121 1167 1159 modo
1197 1121 1358 1160 additur.
1399 1124 1562 1162 Bermius
1582 1137 1706 1173 mons,

1050 1191 1126 1230 quo
1147 1186 1319 1215 montem
1355 1179 1518 1218 Barnum
1551 1181 1608 1230 (iu
1630 1193 1706 1232 quo

1049 1237 1207 1271 nomine
1239 1235 1401 1273 eandem
1426 1238 1578 1273 subesse
1607 1235 1707 1273 radi-

1048 1305 1133 1328 cem
1163 1292 1243 1329 vult
1265 1293 1306 1331 C.
1330 1294 1374 1331 Ο.
1405 1294 1554 1330 Malle-r.
1582 1293 1708 1329 Ueber

1049 1347 1086 1386 d.
1119 1347 1274 1384 Maked.
1309 1362 1347 1399 p.
1380 1350 1461 1399 62)
1493 1349 1708 1386 continuari

1048 1403 1200 1451 dicunt,
1231 1405 1330 1442 inter
1367 1405 1533 1456 Lydiam
1564 1412 1601 1442 et
1629 1407 1708 1442 Ha-

1046 1461 1276 1497 liacmonem
1299 1469 1447 1512 praeter
1467 1463 1580 1499 maris
1599 1474 1708 1499 oram

1048 1516 1266 1554 extenditur
1295 1519 1333 1553 in
1363 1518 1611 1556 Macedoniae
1640 1531 1707 1555 re-

1047 1575 1222 1624 gionibus
1243 1574 1492 1623 inferioribus,
1513 1577 1553 1611 in
1571 1575 1707 1626 quibus

1050 1630 1185 1667 Beroea
1201 1631 1292 1667 olim
1313 1632 1380 1667 sita
1399 1631 1492 1679 fuit,
1522 1633 1584 1668 cui
1604 1644 1707 1668 nunc

1049 1700 1192 1723 nomen
1241 1686 1343 1724 l‘eria
1377 1700 1407 1724 5.
1441 1688 1546 1725 Isara
1590 1687 1708 1725 Veria-

1049 1742 1134 1781 Vid.
1160 1744 1201 1779 C.
1224 1743 1267 1779 Ο.
1288 1744 1435 1780 Mulier.
1459 1744 1485 1780 l.
1507 1744 1530 1781 l.
1551 1757 1589 1794 p.
1612 1746 1650 1783 6.
1667 1747 1708 1790 7,

1051 1812 1127 1850 qno
1149 1798 1285 1835 eodem
1307 1807 1459 1836 auctore
1478 1814 1518 1850 p.
1545 1799 1612 1839 24.
1639 1799 1707 1847 25,

1049 1858 1147 1892 circa
1167 1854 1266 1892 lianc
1287 1857 1474 1892 Beroeam
1506 1856 1612 1892 fuere
1630 1856 1708 1892 Mi-

1050 1911 1119 1948 dae
1137 1910 1237 1948 horti
1256 1913 1295 1948 in
1317 1919 1448 1949 monte
1469 1913 1624 1949 Bermio
1644 1913 1708 1948 in-

1046 1975 1104 2005 tra
1132 1967 1296 2020 Lydiam
1331 1976 1444 2021 atque
1485 1969 1709 2005 Haliacmo-

1047 2038 1151 2072 nem,
1183 2025 1223 2060 in
1259 2038 1302 2061 ea
1331 2027 1447 2075 igitur
1468 2024 1706 2073 Macedonia,

1049 2094 1147 2132 quae
1171 2083 1321 2131 propria
1351 2082 1422 2118 suit
1441 2095 1484 2118 ac
1503 2083 1706 2132 primitiva,

1050 2137 1097 2174 de
1128 2137 1203 2188 quit
1234 2137 1312 2173 dixi
1344 2138 1391 2175 ad
1415 2139 1494 2184 Vll,
1519 2140 1609 2178 127.
1648 2139 1706 2174 De

1048 2193 1195 2230 Beroe&
1224 2206 1266 2231 ac
1300 2195 1456 2243 regione
1486 2193 1611 2230 vicini:
1632 2207 1708 2230 nu-

1046 2263 1113 2300 per
1134 2251 1247 2286 etiam
1268 2251 1476 2287 accuratius
1505 2250 1581 2299 egit
1602 2249 1708 2287 Cou-

1046 2306 1173 2357 sine'ry
1217 2307 1362 2358 Voyag.
1399 2320 1448 2343 en
1500 2305 1651 2344 Maced.
1688 2307 1708 2343 I

1046 2376 1128 2413 cap.
1145 2365 1184 2403 3.

1204 2463 1296 2514 cap.
1319 2463 1535 2503 CXXXIX.

1097 2547 1355 2603 Ἀλέξανδρος
1392 2547 1469 2594 ὦδε
1507 2551 1702 2608 ἐγεγόνεε]

1045 2609 1157 2646 Redit
1175 2604 1252 2648 ὦδε
1280 2612 1318 2645 in
1340 2610 1416 2645 fine
1436 2613 1578 2662 capitis.
1638 2612 1704 2648 Tu

1045 2666 1122 2705 vid.
1152 2665 1285 2706 Matth.
1309 2668 1375 2705 Gr.
1398 2667 1464 2704 Gr.
1495 2669 1532 2713 ξ.
1563 2667 1656 2716 470,
1679 2670 1702 2709 1

1046 2730 1126 2760 not.
1156 2736 1194 2774 p.
1227 2726 1303 2763 871
1337 2730 1373 2759 et
1401 2722 1448 2759 de
1478 2730 1702 2774 argumento

1046 2779 1147 2817 conf.
1175 2783 1268 2816 nott.
1291 2778 1339 2816 ad
1374 2780 1471 2829 VIII,
1496 2782 1588 2821 137.
1639 2778 1702 2817 Ad
