1839 3292
503 227 959 265 CALLIOPE.

1018 228 1096 264 IX.
1345 232 1428 271 213

151 347 174 379 2
284 336 360 385 Ὡς
396 333 442 377 δὲ
472 332 682 377 οἷπίκοντο
712 333 752 385 ές
783 334 863 391 τήν
893 336 1199 390 Λακεδαίμονα
1231 336 1275 377 οἱ
1304 334 1485 390 &irps-80

177 409 244 448 λοι
283 403 326 445 οἱ
354 399 422 444 ἄπ’
463 400 709 457 Ἀθηναίων
747 400 836 457 ἅμα
877 400 1082 457 ἀγόμενοι
1120 402 1166 445 ἔκ
1201 418 1244 444 τε
1286 401 1430 457 Μεγά-

178 486 269 524 ρων
298 468 505 525 ἀγγέλους
534 469 604 512 καὶ
634 469 680 512 ἐκ
697 470 969 519 Πλαταιέων,
1002 469 1149 522 ἔλεγον
1180 467 1281 512 τάδε
1313 469 1427 512 ε’πελ-

105 548 118 574 1
147 536 330 587 Βθόντες
371 536 439 580 έπὶ
467 535 569 587 τοὺς
597 534 809 590 ἐφόρους·

854 533 1100 590 ,ξἘπεμψαν
1135 534 1270 590 ἡμέας
1294 534 1425 592 Ἀθη-

175 610 345 657 ,,ναῖοι,
376 604 569 660 λέγοντες
595 602 661 645 ὅτι
680 600 782 657 ἡμῖν
799 603 1001 657 βασιλεὺς
1026 602 1049 645 ὁ
1071 602 1264 657 Μήδων,
1294 608 1424 647 τοῦτο

172 672 292 727 „uim
309 669 543 728 τὴνχεόρην
565 668 781 713 ἀποδιδοῖ·
798 673 927 713 τοῦτο
941 669 998 724 δὲ,
1020 669 1272 724 συμμάχους
1283 670 1421 714 ἐθέλει
1438 678 1481 712 85

170 739 261 795 ,,έπ’
297 742 369 796 ἴσῃ
399 754 442 781 τε
481 737 555 782 καὶ
585 736 714 795 ὁμοίῃ
744 736 1037 794 ποιήσασθαι,
1078 736 1185 780 ἄνευ
1215 753 1258 780 τε
1289 737 1423 781 δόλου

171 808 272 861 ,,καὶ
302 805 489 860 ἀπάτης·
532 804 669 848 ἐθέλει
699 806 745 849 δὲ
782 806 856 850 καὶ
885 805 1019 860 ἄλλην
1055 804 1201 860 χώρην
1230 805 1340 859 πρὸς
1369 810 1422 862 τῇ

143 873 380 929 4,,ἡμετέρῃ
421 872 610 923 διδόναι,
652 872 731 928 τήν
775 872 829 916 ἂν
869 871 992 916 αὐτοὶ
1032 871 1241 928 ἑλώμεθα.
1300 871 1422 928 ἡμεῖς

170 942 267 994 ,,δὲ,
298 942 384 983 Δία
413 955 456 982 τε
476 937 703 994 Ἑλλήνιον
728 940 1014 992 αἰδεσθέντες,
1044 940 1117 983 καὶ
1136 939 1216 996 τήν
1241 938 1423 983 Ἐλλάδα
1479 951 1559 992 694

168 1009 340 1064 ,,δεινόν
382 1005 635 1061 ποιεύμενοι
683 1010 951 1062 προδοῦναι,
995 1005 1048 1051 οὗ
1094 1007 1417 1061 καταινέσαμεν,
1431 1014 1474 1048 91

168 1075 304 1130 „omni
322 1074 611 1128 ἀπειπάμεθα,
631 1077 704 1118 καί
721 1091 800 1130 περ
823 1075 1094 1130 ἀδικεόμενοι
1105 1072 1175 1117 ὑπ’
1190 1073 1419 1130 “Ελλήνων

162 1144 263 1195 ,,καὶ
275 1141 722 1196 καταπροδιδόμενοι’
707 1142 981 1198 επιστάμενοί
993 1159 1035 1186 τε
1054 1142 1118 1187 ὅτι
1138 1142 1418 1196 κερδαλεωτέ-

165 1243 188 1262 ,,
195 1210 273 1265 ρόν
283 1210 369 1253 ἐστι
382 1209 630 1265 ὁμολογέειν
643 1226 702 1265 τῳ
687 1209 863 1265 ’Πέρσῃ
878 1210 1074 1265 μᾶλλον’
1057 1209 1162 1267 ήπερ
1178 1210 1415 1265 πολεμέειν·

92 1291 108 1318 2
136 1285 174 1328 5,
180 1275 244 1326 ,οὔ
284 1294 361 1333 μεν
396 1275 498 1320 οὐδὲ
528 1276 854 1333 ὁμολογήσομεν
883 1277 1052 1329 ἑκόντες
1081 1275 1204 1321 εἶναι.

1264 1278 1337 1320 καὶ
1366 1276 1413 1321 τὸ
1427 1285 1472 1319 95

162 1360 267 1400 ,,μεν
297 1343 372 1387 ἀπ’
414 1344 559 1402 ἡμέων
588 1345 703 1389 οὕτω
736 1343 976 1402 ἀκίβδηλον
1006 1345 1105 1393 ἐὸν,
1147 1344 1318 1400 νέμεται
1347 1345 1415 1389 ἐπὶ

103 1554 183 1590 fero
203 1558 333 1589 tenent
354 1548 488 1588 Matth.
519 1557 556 1588 et
575 1548 757 1598 Bekker„

103 1608 282 1661 equidem
303 1621 391 1645 cum
410 1608 562 1659 reliquis
585 1606 673 1644 dedi
690 1606 758 1646 καὶ

101 1663 200 1715 ἤδη
215 1695 225 1713 ,
254 1664 357 1717 qnod
379 1665 493 1700 etiam
522 1662 563 1701 h.
591 1665 618 1702 l.
640 1664 756 1700 citans

101 1721 150 1758 ad
179 1723 327 1759 Aelian.
358 1722 404 1758 N.
425 1722 473 1757 A.
494 1721 532 1768 Ι,
562 1719 614 1760 24
647 1719 756 1757 affert

99 1779 244 1825 Iacobs‚
265 1790 458 1829 exponens
471 1778 591 1814 statim
608 1783 644 1813 et
664 1777 756 1813 sub-

99 1835 191 1871 itam
239 1835 396 1871 subiecti
444 1832 547 1884 quod
605 1832 752 1882 dicitur,

99 1892 351 1928 mutationem
384 1891 482 1927 bene
518 1896 667 1929 notans.
700 1913 751 1918 —-

99 1950 156 1984 De
176 1949 307 1997 ephoris
337 1946 502 1984 dixilnus
531 1945 579 1983 ad
598 1947 653 1994 V,
688 1948 755 1987 39.

98 2006 172 2048 VI,
191 2006 256 2045 63.
277 2006 341 2045 82.

371 2094 408 2139 ξ.
443 2094 481 2132 1.

154 2166 220 2211 ἐπ’
248 2171 314 2226 ἰ’σῃ
342 2186 382 2211 τε
409 2170 476 2210 καὶ
508 2167 643 2224 ὁμοίῃ]
668 2169 693 2206 i.
715 2183 750 2206 e.

98 2242 211 2278 aequa
255 2229 462 2266 conditione.
528 2227 591 2265 Sic
637 2227 749 2277 plane

98 2284 318 2336 Thucydid.
338 2286 376 2332 Ι,
406 2286 470 2331 26,
493 2285 598 2321 cuius
618 2284 749 2320 locum

99 2340 207 2377 affert
226 2341 350 2391 Viger.
372 2354 410 2391 p.
432 2343 499 2381 96.

154 2397 231 2436 Δία
251 2412 289 2436 τε
305 2392 510 2447 Ἑλλήνιον
542 2395 752 2436 αἰδεσθέν-

99 2454 177 2501 τες]
224 2453 335 2490 Iovem
360 2454 505 2490 Graecis
546 2467 751 2492 communem

98 2510 237 2545 reveriti
272 2511 535 2559 interpretatur
565 2509 750 2548 Valcken.

98 2566 216 2601 citans
264 2564 453 2615 Aristoph.
491 2568 591 2619 qu.
646 2567 751 2608 1250

97 2620 211 2657 Piud.
243 2623 353 2662 Nem.
389 2622 444 2670 V,
486 2625 562 2668 19,
600 2622 666 2658 ubi
703 2624 750 2661 ab

96 2678 225 2714 Aeaco
275 2679 510 2727 cognominis
564 2680 750 2728 originem

95 2740 273 2784 repetunt
300 2732 532 2771 scholiastae.
587 2736 685 2772 Nan]
707 2738 747 2773 in

95 2791 244 2842 Aegina
263 2790 386 2827 insula
405 2791 501 2829 Iovis
511 2789 747 2830 Panhellenii

814 1551 1002 1602 templum
1015 1579 1026 1598 ‚
1048 1549 1112 1587 ubi
1127 1551 1275 1587 Aeacus
1289 1562 1393 1587 sacra
1414 1550 1472 1586 fe-

814 1608 905 1644 cisse
926 1608 1066 1656 fertur3
1099 1605 1145 1643 de
1168 1620 1243 1659 quo
1268 1606 1344 1645 vid.
1365 1608 1470 1643 Pau-

812 1677 894 1701 san.
914 1666 953 1711 Ι,
988 1662 1041 1703 44
1069 1665 1105 1709 §.
1131 1666 1191 1704 13.
1221 1665 1278 1711 ΙΙ,
1309 1665 1361 1703 29
1385 1665 1421 1709 §.
1444 1666 1469 1704 6

812 1721 899 1762 coll,
928 1722 985 1767 ΙΙ,
1016 1722 1067 1760 30
1098 1721 1135 1765 ξ.
1167 1722 1205 1759 3.
1239 1719 1278 1759 4.
1314 1721 1469 1757 Isocrat.

811 1790 898 1827 pag.
923 1779 998 1816 191
1022 1777 1066 1813 Ε.
1091 1777 1167 1826 [cp.
1184 1776 1208 1816 5
1227 1777 1263 1822 ξ.
1281 1774 1348 1824 14]
1367 1775 1468 1816 Add.

809 1832 972 1870 Eckhel.
1002 1834 1130 1870 Doctr.
1151 1834 1196 1869 N.
1217 1835 1234 1868 1
1253 1845 1342 1883 pag.
1371 1831 1468 1872 244.

809 1890 872 1927 Ad
917 1886 1050 1929 δεινόν
1085 1885 1314 1938 ποιεύμενοι
1367 1889 1468 1926 conf.

810 1948 888 1994 ΙΙΙ,
913 1945 984 1993 14,
1008 1944 1094 1985 add.
1115 1947 1292 1983 Iacobim.
1318 1943 1365 1981 ad
1385 1947 1468 1981 Lu-

810 2003 910 2040 ciani
928 2002 1072 2038 Toxar.
1092 2015 1178 2052 pag.
1200 2002 1264 2042 65.
1301 2000 1348 2038 de
1371 2014 1466 2039 voce

810 2062 960 2124 μᾶλλον
973 2065 1054 2109 post
1069 2059 1367 2108 comparativum
1381 2072 1466 2109 κερ-

807 2110 1200 2163 δαλεώτερονίηεειῑῆ
1222 2113 1298 2151 vid.
1319 2116 1358 2160 I,
1396 2116 1464 2153 31.

807 2195 862 2202 ——-
882 2171 1089 2209 particulas
1111 2186 1157 2210 ου
1183 2167 1254 2220 μὲν
1277 2165 1369 2209 ου’δὲ
1389 2182 1463 2205 no-

804 2230 882 2268 tavi
903 2227 950 2264 acl
970 2229 1076 2275 VIII,
1099 2230 1190 2267 130.
1211 2227 1463 2263 Locutionem

806 2283 962 2332 ἑκόντες
987 2280 1089 2323 εἶναι
1108 2284 1229 2333 attigit
1250 2280 1462 2323 Matth.Gr.

807 2344 874 2382 Gr.
896 2343 931 2388 §.
953 2340 1033 2381 545
1053 2352 1141 2391 pag.
1165 2342 1283 2380 1070.

1080 2430 1118 2475 ξ.
1150 2432 1187 2470 2.

864 2508 932 2550 καὶ
962 2506 1004 2548 τὸ
1037 2505 1109 2558 μὲν
1151 2501 1220 2546 ἀπ’
1244 2503 1379 2556 ἡμέων
1407 2526 1462 2532 ——

809 2567 873 2607 ἐπὶ
905 2563 999 2611 τούς
1011 2561 1224 2613 ’Έλληναςῇ
1256 2561 1317 2598 Ad
1351 2575 1461 2598 voces

807 2622 850 2663 τὸ
874 2618 939 2661 ἄπ’
958 2619 1093 2670 ἡμέων
1113 2617 1191 2657 vid.
1213 2625 1307 2655 nott.
1322 2617 1368 2654 ad
1382 2619 1461 2666 VII,

810 2681 901 2720 101.
961 2676 1071 2722 Quod
1096 2675 1264 2727 sequitur
1294 2670 1462 2726 ἀκίβδη-

805 2739 896 2782 λον,
936 2746 1025 2770 cum
1054 2733 1204 2783 proprie
1235 2730 1282 2767 ad
1323 2744 1461 2767 numos

803 2797 946 2844 spectet
966 2788 1068 2826 haud
1089 2792 1296 2839 corruptos,
1319 2787 1366 2825 ad
1386 2788 1458 2824 alia
