1839 3292
371 191 456 232 2⁰⁰

343 298 563 354 2,,λόγους
588 300 838 344 ἐνδέκεσθαι
867 302 986 354 παρὰ
1013 305 1096 344 τοῦ
1118 302 1359 357 βαρβάρου.

770 194 1232 232 HERODOTI

1416 303 1514 348 οὔτε
1542 302 1626 359 yolo

370 367 569 420 ,,δίκαιον
599 366 824 422 οὐδαμῶς,
857 366 958 410 οὔτε
988 367 1155 422 κόσμον
1185 369 1325 423 φέρου
1352 369 1451 414 οὔτε
1479 387 1527 425 γε
1557 372 1628 413 ἅλ-

373 439 515 486 ,,λοισι
549 431 766 489 Ἑλλήνων
809 434 1061 489 οὐδαμοῖσι,
1110 432 1215 489 ὑμῖν
1257 435 1302 478 δὲ
1343 435 1396 491 δὴ
1432 439 1508 480 καὶ
1554 437 1626 481 διοὶ

344 501 581 553 3,,πάντων
598 502 764 556 ἥκιστα,
797 506 973 546 πολλῶν
997 504 1150 545 εἵνεκα.
1181 502 1368 557 ἐγείρατε
1388 503 1470 558 γὰρ
1502 505 1664 550 τόνδε5

375 568 481 622 ,,τόν
510 568 704 624 πόλεμον
723 568 867 625 ὑμεῖς,
900 569 1029 613 οὐδὲν
1049 569 1520 625 ἡμέων·βουλομένων,
1553 573 1628 616 καὶ

374 637 498 690 „mot
526 642 602 692 τῆς
631 636 835 691 ὑμετέρης
866 638 1000 692 ἀρχῆς
1030 636 1053 680 ὁ
1092 636 1214 692 ἀγών
1245 636 1410 693 ἐγένετο
1428 652 1438 662 ·
1467 641 1552 680 νῦν
1580 637 1627 681 δὲ

345 702 526 758 4,,φέρει
554 706 627 747 καὶ
656 705 698 756 ἐς
736 710 882 748 πᾶσαν
909 705 988 761 τήν
1027 703 1221 749 Ἐλλάδα.

1281 705 1421 756 ἄλλως
1449 721 1493 748 τε
1523 704 1627 748 τού-

370 787 484 823 ,,των
523 769 728 816 ἁπάντων
765 775 933 825 αἰτίους
970 772 1173 829 γενέσθαι
1212 771 1483 829 δουλοσύνης
1510 777 1625 817 τοῖσι

315 974 355 1011 in
377 988 539 1027 quorum
551 976 698 1018 duobus
726 993 878 1031 prorsus
899 980 969 1019 de·

314 1039 369 1069 est
388 1035 522 1070 vocula
541 1035 598 1086 γέ.

370 1088 437 1128 καὶ
466 1090 555 1141 περὶ
586 1092 660 1142 τῆς
677 1089 868 1142 ὑμετέρης
897 1089 969 1144 029-

313 1146 404 1194 W]
453 1148 617 1196 Reposui
657 1161 745 1184 cum
781 1150 896 1188 Gaiss.
931 1156 969 1186 et

313 1202 458 1251 Negiis,
481 1205 561 1254 (qui
582 1206 760 1255 exponit:
793 1202 858 1244 δια
892 1203 968 1256 τὴν

313 1253 448 1307 ἰδικήν
470 1271 540 1306 σας
562 1258 829 1312 ἐπικράτειαν)
846 1257 969 1313 αόχιῖς

310 1313 413 1350 libris
432 1317 575 1366 scriptis
594 1318 807 1354 iubentibus
811 1320 969 1369 ,quibus

311 1369 436 1407 invitis
458 1371 623 1421 Schaef,
659 1387 774 1425 quem
784 1374 967 1425 Salmoh

312 1433 349 1462 et
369 1425 538 1465 Bekker.
568 1438 789 1482 sequuntur,
812 1430 967 1469 dederat

312 1477 462 1532 ἆρχήνε
502 1498 646 1523 omnmo.
692 1488 749 1524 W
751 1489 966 1538 esselingius

311 1540 522 1577 conieceiat
558 1539 748 1593 ἀρχῆθεν,
778 1545 966 1594 interpre-

311 1601 414 1632 taus:
447 1597 488 1633 cle
510 1603 625 1635 vestra
647 1602 786 1649 regione
815 1603 966 1651 primum

312 1651 612 1704 decertatumfuit
642 1663 679 1692 et
700 1659 864 1694 excitans
885 1660 966 1694 He-

311 1707 393 1747 rod.
415 1710 512 1757 ull
534 1714 587 1752 22
609 1713 694 1749 coll.
715 1715 754 1752 2.

366 1767 443 1803 νῦν
467 1765 508 1805 δὲ
527 1767 636 1818 φέοει
657 1784 693 1806 κ.
711 1784 744 1807 τ.
758 1771 790 1807 λ.
794 1770 811 1817 ]
827 1770 962 1821 suppl.

313 1816 382 1859 δ’
356 1819 485 1874 αγεόν·
516 1837 608 1860 nunc
624 1837 700 1861 vero
716 1839 961 1878 1›ugz‹z,quae

309 1880 460 1928 proprie
482 1879 528 1916 de
549 1888 671 1917 vestro
702 1883 861 1932 imperio
882 1891 963 1921 orta

309 1940 379 1980 est,
429 1935 476 1971 acl
523 1949 651 1974 omnem
687 1942 839 1988 pertinet
875 1941 963 1978 adeo

310 1989 509 2030 Graeciam.

362 2043 513 2088 τούτων
529 2045 719 2089 αποῖντων
738 2049 887 2098 αἰτίους
900 2067 964 2104 γε-

305 2099 476 2153 νέσθαι]
534 2106 631 2142 cum
683 2108 799 2147 Gaisf.
856 2108 964 2146 Bek-

306 2156 401 2196 kero
434 2168 470 2197 et
498 2175 653 2199 censore
677 2165 825 2201 lenensi
858 2167 962 2209 1828

307 2216 473 2265 Erg'a'nz.
496 2219 556 2254 Bl.
576 2218 628 2259 45
649 2234 687 2270 p.
709 2220 789 2262 348
820 2222 963 2258 restitui

307 2269 458 2312 τούτων
483 2271 684 2322 απάντων,
716 2276 819 2327 quod
847 2279 963 2328 pleni-

308 2340 383 2380 que
413 2336 567 2367 tuentur
596 2332 679 2367 libri
707 2335 845 2384 scripti,
876 2334 965 2381 (nisi

310 2384 414 2436 quod
454 2385 530 2423 duo
572 2386 735 2425 afferunt
772 2387 963 2441 πάντων)

307 2441 411 2492 quod
433 2455 551 2494 quum
567 2443 777 2494 displiceret
791 2448 878 2483 viris
895 2446 966 2483 do-

308 2498 374 2534 ctis
394 2512 464 2535 nec
485 2501 570 2536 satis
590 2499 791 2538 cohaerere
812 2502 962 2539 videre-

306 2558 368 2589 tur
388 2568 475 2592 cum
496 2559 758 2608 sequentibus,
779 2561 818 2595 in
839 2561 959 2597 varias

305 2608 519 2649 inciderunt
533 2616 782 2654 coniecturas.
806 2617 960 2653 Dorvil-

305 2665 377 2702 lius
416 2669 526 2704 scribi
557 2672 765 2709 maluerat:
809 2668 959 2719 ἐκτός

305 2736 346 2761 τε
366 2723 535 2763 τουτέων
552 2724 741 2767 ἁπάντων
756 2733 897 2779 praeter
916 2742 958 2766 ea

307 2781 422 2817 omnia
440 2780 688 2821 Athenienses
718 2792 814 2836 etc.;
853 2785 957 2839 quod

1025 993 1141 1032 quam
1160 979 1342 1031 frigidum
1369 980 1428 1028 sit,
1458 979 1523 1017 vix
1544 993 1682 1032 quem-

1025 1050 1141 1088 quam
1160 1038 1267 1086 sugit.
1304 1039 1382 1074 Nec
1397 1038 1523 1074 minus
1543 1038 1680 1087 frigere

1023 1101 1157 1143 putem
1199 1092 1342 1130 Reiskii
1373 1092 1680 1130 emendationem

1026 1146 1147 1188 ἄνευ
1177 1148 1344 1188 τουτέων
1363 1144 1574 1196 ἁπάντωνς
1614 1150 1680 1201 qui

1024 1204 1127 1257 qnod
1148 1207 1262 1242 etiam
1282 1220 1349 1244 και
1380 1212 1464 1255 post
1492 1203 1682 1256 γενέσθαι

1024 1261 1113 1299 addi
1141 1263 1279 1310 voluit,
1315 1260 1418 1298 idem
1452 1263 1528 1298 iam
1548 1262 1680 1299 Pawio

1023 1319 1063 1354 in
1083 1325 1253 1355 mentem
1272 1324 1448 1366 venerat,
1481 1318 1546 1369 qui
1574 1316 1680 1356 hunc

1024 1376 1063 1411 in
1085 1374 1244 1411 modum
1265 1387 1418 1427 quoque
1439 1375 1550 1412 scribi
1570 1387 1679 1425 posse

1024 1433 1258 1468 coniecerat:
1308 1429 1482 1479 αἰτίους,
1526 1429 1680 1479 αἰτίους

1022 1486 1210 1539 γενέσθαι
1231 1484 1499 1537 δουλοσύνης,
1528 1487 1584 1524 bis
1603 1500 1679 1538 po-

1022 1545 1091 1581 sita
1110 1557 1204 1582 voce
1226 1543 1392 1590 αἰτίους.
1430 1545 1479 1580 Η.
1511 1543 1679 1594 Stepha-

1021 1614 1094 1637 nus
1140 1607 1385 1652 proposuerat
1426 1598 1455 1650 ἦ
1467 1615 1488 1651 γ
1499 1613 1515 1639 ε
1527 1603 1614 1638 ῖσθ
1627 1616 1651 1639 α
1663 1615 1678 1640 ι

1021 1660 1108 1708 (pro
1159 1656 1375 1709 γενέσθαι)
1431 1653 1678 1707 δουλοσύνης

1015 1716 1149 1764 primos
1168 1727 1184 1751 e
1211 1714 1358 1750 Graecis
1382 1714 1504 1762 iugum
1522 1715 1677 1750 servitu-

1020 1772 1066 1807 tis
1111 1771 1246 1816 subz're3
1295 1768 1400 1821 quod
1447 1776 1490 1806 ut
1524 1770 1677 1820 probari

1020 1833 1153 1877 queat,
1193 1827 1327 1863 merito
1349 1824 1496 1863 dudum
1516 1827 1677 1863 vereba-

1019 1889 1080 1919 tur
1091 1884 1322 1932 VVesseling.
1352 1883 1521 1919 Koenius
1542 1883 1676 1919 conie-

1019 1946 1141 1976 cerat:
1171 1934 1325 1978 τούτων
1356 1935 1543 1978 ἄπτὶντων
1567 1936 1676 1987 ἐκτὸς

1020 1995 1170 2042 αἰτίους
1189 1994 1388 2049 γενέσθαι.
1424 1997 1565 2032 Lenior
1583 2008 1676 2032 sane

1019 2051 1282 2089 Valckenaerii
1309 2051 1499 2088 medicina
1528 2066 1569 2091 τε
1589 2059 1675 2102 post

1020 2108 1170 2155 αἰτίους
1182 2110 1396 2156 inserentis;
1419 2121 1535 2160 quam
1556 2109 1674 2158 parti-

1019 2166 1145 2201 culam
1183 2166 1235 2202 ita
1268 2165 1388 2201 solam
1416 2165 1508 2215 poni
1536 2163 1675 2202 docent

1019 2220 1068 2257 ad
1096 2222 1176 2268 vll,
1203 2223 1279 2262 188
1311 2222 1435 2257 allata.
1492 2221 1548 2257 Ac
1580 2234 1673 2271 pro-

1019 2278 1130 2314 batur
1145 2276 1238 2314 haec
1258 2276 1473 2314 emendatio
1494 2279 1671 2326 Hoegero

1020 2335 1059 2370 in
1086 2336 1187 2371 Actt.
1219 2331 1326 2384 phill.
1355 2335 1527 2372 Monacc.
1557 2335 1623 2381 111,
1644 2333 1672 2375 4

1020 2404 1058 2441 p.
1080 2390 1173 2437 525,
1200 2391 1251 2426 ita
1272 2396 1412 2438 tamen,
1428 2397 1469 2427 ut
1490 2391 1673 2440 particula

1022 2461 1061 2485 τε
1081 2454 1163 2497 post
1186 2445 1431 2496 δουλοσύνης
1451 2448 1670 2496 collocetur,

1022 2504 1195 2554 absorpta
1226 2503 1305 2540 scil.
1336 2505 1508 2553 sequenti
1555 2507 1671 2542 τοῖσι.

1017 2559 1127 2605 Quod
1148 2573 1235 2597 vero
1260 2558 1485 2597 Schaeserus
1514 2559 1671 2597 dederat

1014 2612 1166 2655 τούτων
1208 2612 1502 2664 ἀπαντώντων,
1533 2618 1669 2653 merito

1014 2672 1117 2710 idem
1138 2674 1334 2722 Hoegerus
1354 2675 1512 2724 respuit,
1534 2686 1669 2724 quam-

1014 2742 1131 2781 quam
1151 2729 1514 2780 Schweighaeusero
1529 2730 1668 2780 proba-

1013 2793 1112 2835 tum,
1131 2787 1197 2838 qui
1228 2785 1274 2824 de
1295 2787 1515 2824 confusione
1531 2787 1669 2824 utrius-
