1839 3292
270 232 355 272 420
819 230 1200 269 COMMENTATIO

272 345 351 383 lem
370 342 632 382 exhibeamus.
689 343 827 380 Talem
848 342 951 378 enim
969 343 1222 379 temeritatem
1242 355 1263 378 a
1287 340 1512 380 venerandis
1534 342 1764 396 antiquitatis

273 403 532 439 monumentis
555 412 670 452 quam
692 399 861 435 maxime
877 399 1006 435 abesse
1023 397 1161 435 debere
1179 398 1403 438 iudicamus.
1463 399 1572 445 Quod
1601 412 1693 438 vero
1713 401 1763 438 A.

273 457 455 496 Matthiae
475 459 600 494 statuit
621 454 669 491 ad
690 453 871 491 Herodot.
892 456 939 502 II,
962 457 1014 495 87
1035 468 1073 505 p.
1096 456 1200 495 289:
1247 456 1554 508 „Qualiscunque
1574 457 1621 493 sit
1644 455 1764 493 diale-

273 517 325 552 cti
345 513 584 551 Herodoteae
605 512 774 559 licentia,
810 512 913 561 leges
935 512 1003 547 etsi
1018 524 1095 547 non
1121 512 1392 558 invenerimus,
1414 525 1491 548 esse
1512 520 1654 561 tamen,
1676 513 1764 565 qui-

272 572 344 609 bus
364 570 501 607 harum
522 569 732 605 formarum
762 566 810 604 ad
827 581 936 604 suam
958 580 1132 619 quaeque
1162 567 1476 604 consuetudinem
1505 570 1763 620 restringatur,

272 640 389 664 nemo
416 626 526 662 facile
546 638 686 674 negare
706 626 856 675 poterit.
915 625 987 660 Res
1020 631 1074 661 est
1099 625 1278 674 longioris
1304 623 1569 675 disquisitionis
1587 654 1596 672 ‚
1646 639 1764 677 quam

273 691 315 721 ut
338 684 443 720 brevi
462 683 706 718 annotatione
729 681 873 718 absolvi
901 681 1055 730 possit,“
1085 682 1149 717 vix
1171 680 1349 732 equidem
1367 680 1478 717 credo
1500 680 1764 719 huiuscemodi

271 741 376 790 leges
402 752 574 790 unquam
604 738 685 775 fore
710 739 775 789 qui
805 738 989 787 reperiat3
1027 750 1124 788 quae
1154 739 1325 774 maxime
1355 749 1490 774 vereor
1520 745 1563 774 ut
1590 751 1765 790 unquam

273 797 484 834 exstiterint
500 796 676 831 animove
696 795 886 844 scriptoris
907 801 986 830 tam
1008 793 1160 830 definite
1187 801 1223 830 et
1245 796 1342 830 clare
1364 795 1582 831 obversatae
1609 795 1765 833 fuerint.

273 854 348 899 Qui
377 854 494 903 igitur
513 853 559 888 ab
580 849 763 887 Herodoti
783 849 926 887 editore
946 849 984 886 id
1006 852 1179 900 postulat,
1212 848 1256 900 ἢ)
1289 858 1329 886 nt
1350 852 1442 887 tales
1457 852 1640 888 sermonis
1660 852 1765 902 leges

272 911 442 957 rimetur,
473 906 685 945 secundum
706 919 798 958 quas
818 907 938 943 varias
959 905 1020 943 hic
1040 907 1115 943 illic
1137 908 1264 944 obvias
1285 908 1462 944 lectiones
1484 906 1664 945 diiudicet
1677 915 1765 945 tex-

272 973 434 1017 tumque
468 965 691 1011 constituat,
730 964 761 1000 is
789 964 878 1000 talia
906 964 960 999 illi
986 964 1185 1013 imponere
1212 962 1306 999 mihi
1335 963 1502 1011 videtur,
1540 977 1638 1016 quae
1659 978 1765 1001 nun-

275 1035 391 1076 quam
413 1022 458 1058 ab
478 1022 543 1057 illo
563 1021 743 1071 praestari
762 1033 870 1070 posse
889 1032 1109 1069 persuasum
1130 1018 1265 1056 habeo.
1295 1022 1429 1072 Itaque
1451 1033 1500 1056 ne
1524 1021 1676 1058 Struvio
1689 1018 1763 1071 Μ)
1787 1042 1789 1046 -

275 1078 433 1132 quidem
469 1079 577 1114 nobis
605 1090 755 1128 prorsus
784 1077 953 1113 assentiri
976 1076 1100 1124 licuit3
1141 1077 1206 1127 qui
1238 1077 1294 1112 vir
1320 1075 1555 1114 doctissimus
1583 1076 1765 1114 laudabili

274 1134 420 1182 studio,
462 1135 523 1171 cui
545 1147 613 1185 par
644 1134 798 1170 accessit
825 1132 1019 1182 diligentia
1053 1145 1279 1184 summaque
1303 1134 1466 1169 sollertia
1485 1134 1525 1169 in
1549 1134 1706 1183 singulis
1727 1140 1765 1170 et

274 1190 496 1242 colligendis
515 1198 553 1227 et
569 1189 802 1240 digerendis,
824 1192 998 1226 Ionicum
1018 1188 1201 1226 Herodoti
1217 1203 1434 1226 sermonem
1455 1188 1502 1226 ad
1523 1197 1641 1226 certas
1661 1191 1764 1241 leges

274 1256 314 1286 et
334 1248 384 1285 ad
403 1249 540 1285 iustam
561 1247 771 1284 formarum
792 1247 1042 1283 constantiam
1064 1246 1286 1294 revocandi,
1320 1259 1395 1297 quo
1425 1247 1553 1283 critico
1573 1247 1654 1284 viro
1679 1260 1765 1283 cer-

274 1312 355 1343 tam
375 1311 522 1356 pararet
537 1305 660 1352 viam,
690 1310 733 1339 ut
754 1316 803 1339 ne
822 1304 862 1339 in
882 1304 1038 1352 singulis
1061 1303 1191 1339 formis
1217 1302 1399 1353 eligendis
1427 1315 1564 1353 anceps
1592 1302 1765 1340 haereret

274 1362 552 1399 inconstantiae
581 1361 635 1396 illi
664 1360 875 1396 formarum
905 1361 1140 1410 singularum
1169 1361 1221 1396 ita
1250 1360 1416 1396 succurri
1436 1372 1544 1410 posse
1564 1361 1763 1397 arbitratus

276 1426 351 1467 est,
380 1425 423 1455 ut
441 1419 471 1455 si
492 1430 608 1469 quam
626 1417 790 1453 formam
818 1417 989 1467 plurimis
1017 1417 1107 1453 locis
1127 1418 1273 1464 Noster,
1301 1416 1513 1452 secundum
1531 1418 1764 1467 optimorum

274 1476 461 1513 librorum
484 1475 766 1521 auctoritatem,
803 1480 1017 1509 constanter
1037 1475 1219 1520 tenuerit,
1260 1472 1421 1509 eandem
1442 1486 1595 1525 quoque
1616 1475 1655 1509 in
1674 1474 1765 1509 reli-

276 1532 360 1584 quis
381 1532 492 1578 locis,
524 1532 564 1566 in
586 1531 722 1581 quibus
741 1531 869 1580 paucis
892 1531 962 1566 alia
982 1530 1107 1566 forma
1128 1531 1250 1578 obvia,
1271 1531 1387 1580 recipi
1406 1530 1520 1566 vellet
1549 1530 1611 1567 vel
1638 1530 1764 1567 invitis

275 1587 470 1625 codicibus
485 1616 495 1634 ,
525 1600 546 1623 a
575 1587 710 1638 quibus
727 1599 796 1623 nos
816 1587 855 1622 in
871 1600 911 1622 re
931 1593 1010 1623 tam
1030 1588 1172 1622 incerta
1192 1593 1347 1637 tamque
1373 1585 1487 1622 dubia
1506 1593 1604 1623 stare
1626 1587 1764 1623 malui-

274 1657 375 1692 mus,
402 1640 500 1691 ssusssse)
539 1656 659 1694 quum
678 1644 774 1679 iusta
791 1642 964 1679 mutandi
985 1655 1096 1679 causa
1115 1643 1223 1679 nobis
1241 1644 1345 1678 nulla
1366 1642 1617 1692 adparuisset‚
1639 1645 1765 1680 Hero-

275 1699 412 1738 dotum
438 1712 516 1736 una
537 1698 747 1750 eademque
780 1699 903 1735 forma
923 1700 1044 1735 ubivis
1066 1712 1178 1735 usum
1198 1712 1277 1735 esse
1296 1700 1522 1749 negantibus
1543 1706 1580 1736 et
1607 1698 1765 1750 quidem

275 1757 357 1808 ipso
376 1763 550 1793 veterum
570 1757 753 1792 librorum
775 1769 823 1791 ex
851 1756 1087 1803 testimonio,
1130 1769 1295 1807 quorum
1323 1757 1587 1792 auctoritatem
1616 1757 1655 1792 in
1675 1757 1765 1792 tali-

275 1814 346 1852 bus
366 1812 537 1850 deserere
555 1813 663 1849 nobis
684 1825 762 1848 non
792 1813 891 1848 licet.
951 1814 1192 1864 Quamquam
1213 1825 1293 1848 non
1314 1825 1398 1849 sum
1412 1813 1580 1860 nescius,
1611 1813 1649 1848 in
1682 1814 1764 1848 He-

275 1869 410 1907 rodoto
444 1867 547 1905 haud
575 1881 697 1919 pauca
727 1868 815 1904 ferri
842 1867 1003 1914 menda,
1035 1882 1132 1919 quae
1152 1868 1328 1905 codicum
1350 1875 1537 1920 quotquot
1563 1875 1764 1919 supersunt

277 1927 452 1964 omnium
474 1926 614 1962 auxilio
635 1925 715 1962 tolli
734 1932 940 1976 nequeant,
961 1923 1010 1975 †)
1041 1925 1088 1961 de
1118 1926 1252 1977 quibus
1273 1928 1408 1962 merito
1438 1927 1516 1961 iam
1535 1932 1762 1977 conquestus

274 1990 356 2021 erat
374 1979 750 2034 Wesselingius,††)
771 1983 801 2019 si
821 1981 978 2034 quidem
996 1983 1066 2019 ista
1091 1988 1171 2019 tam
1188 1983 1396 2021 inveterata
1410 1989 1519 2032 sunt,
1550 1988 1592 2019 ut
1613 1981 1762 2020 codices

366 2208 399 2249 ³)
425 2206 523 2240 Conf.
547 2203 787 2250 Ephemeridd.
810 2205 958 2239 lenenss.
984 2205 1072 2240 1817
1096 2216 1147 2239 nr.
1174 2207 1237 2240 161
1263 2217 1297 2250 p.
1322 2205 1402 2240 352.

364 2273 412 2317 *ἢ
447 2274 690 2314 Quaestionum
720 2273 763 2307 de
787 2273 932 2307 dialecto
956 2273 1123 2306 Herodoti
1148 2274 1326 2317 Specimen
1351 2273 1376 2305 Ι.
1403 2272 1447 2306 ΙΙ.
1467 2271 1531 2308 III.
1556 2271 1761 2317 Regimontii

272 2320 491 2411 [1)82ἒ9ῧεὲὶὲξ.
527 2321 583 2354 Tu
614 2320 681 2353 vid.
707 2331 795 2365 quae
818 2320 888 2353 dixi
910 2319 946 2353 in
969 2319 1116 2354 Seebod.
1141 2319 1293 2352 biblioth.
1326 2318 1432 2352 critic.
1460 2320 1559 2386 1839.
1583 2319 1616 2352 11
1640 2331 1690 2353 nr.
1716 2321 1761 2354 98

365 2433 429 2475 ”“)
459 2432 523 2466 Vid
553 2435 636 2466 nott.
654 2433 694 2466 ad
720 2432 848 2466 Herod.
872 2432 919 2474 II,
945 2432 1020 2467 121.
1044 2431 1090 2465 Τ.
1114 2432 1130 2464 Ι
1155 2444 1186 2476 p.
1211 2433 1277 2466 751
1304 2432 1345 2466 ad
1369 2432 1431 2471 ΠΙ,
1456 2433 1489 2467 2.
1513 2433 1557 2466 48
1579 2432 1642 2475 (T.
1667 2431 1702 2465 Π
1725 2443 1759 2477 p.

272 2479 308 2557 {i
331 2477 612 2558 l43.ib81:7)crii⁷tl‚¹68}
633 2479 676 2512 T.
703 2479 755 2512 111
779 2491 812 2524 p.
835 2479 903 2513 322
926 2478 999 2513 coll.
1023 2477 1066 2511 ad
1089 2477 1117 2521 Ι,
1141 2480 1196 2512 77.
1230 2478 1275 2515 T.
1298 2479 1312 2512 l
1336 2489 1371 2523 p.
1397 2480 1460 2513 198
1496 2484 1532 2512 et
1562 2489 1650 2523 quae
1685 2477 1761 2515 dixi

365 2591 409 2635 †)
461 2591 560 2625 Conf.
603 2593 689 2626 nott.
726 2591 768 2626 ad
792 2591 867 2632 VII,
895 2592 969 2625 16⁶2.
990 2591 1034 2624 T.
1061 2591 1112 2624 111
1136 2603 1168 2636 p.
1195 2592 1259 2625 691
1295 2591 1367 2625 coll.
1394 2591 1454 2633 IX,
1487 2591 1563 2625 122.
1612 2590 1661 2624 Et
1693 2589 1760 2623 huc

275 2636 386 2669 refero
411 2638 602 2671 mendosum
616 2637 698 2671 illud
723 2636 979 2681 διεπρήστευσε
1003 2637 1063 2678 IV,
1080 2638 1136 2678 79,
1160 2638 1215 2670 ubi
1233 2638 1276 2672 cf.
1300 2641 1383 2671 nott.
1408 2638 1452 2672 T.
1476 2637 1510 2670 II
1532 2648 1566 2680 p.
1590 2636 1667 2677 429,
1700 2647 1760 2668 eo-

277 2680 431 2725 demque,
456 2688 495 2716 ut
517 2683 664 2726 videtur,
689 2684 862 2728 pertinent
884 2683 960 2724 vll,
987 2683 1050 2716 145
1076 2679 1342 2726 ἐγκεχρημένοι,
1367 2683 1425 2716 ubi
1449 2682 1521 2716 vid.
1547 2686 1630 2715 nott.
1655 2681 1696 2714 T.
1708 2681 1760 2714 111

275 2737 310 2771 p.
338 2727 414 2760 659.
441 2728 518 2769 Vll,
540 2730 583 2763 89
607 2727 846 2769 ἐσταλάδατο,
873 2728 929 2762 nbi
953 2728 1019 2761 vid.
1044 2732 1127 2764 nott.
1151 2740 1185 2773 p.
1219 2730 1286 2764 572
1308 2740 1381 2773 seq.
1406 2728 1503 2770 VIII,
1527 2727 1572 2762 73
1605 2723 1759 2760 ἐκδεδω-

276 2771 450 2815 ρίευνται,
472 2774 528 2807 ubi
550 2774 618 2808 vid.
641 2780 727 2809 nott.
752 2776 796 2809 T.
820 2775 870 2808 III
892 2786 924 2819 p.
950 2776 1026 2810 100.

368 2840 434 2884 ††)
458 2840 493 2874 in
512 2841 693 2878 Dissertat.
716 2843 844 2878 Herod.
868 2841 901 2876 X
922 2853 959 2887 p.
973 2841 1049 2877 147.
