1839 3292
392 226 463 262 DE
491 224 616 262 VITA
643 224 716 261 ET
749 223 984 262 SCRIPTIS
1012 224 1294 263 HERODOTI.
1498 230 1582 272 397

100 340 146 387 V,
175 342 242 380 77.
272 339 324 380 89
344 338 430 374 coll.
463 337 525 383 VI,
559 338 650 377 103.
679 337 777 384 VIII,
811 336 874 377 52.
907 335 972 377 53.
1005 335 1070 378 55.
1090 337 1124 385 *)
1182 337 1399 375 Salaminem
1427 351 1579 391 quoque

99 395 193 434 vidit
211 398 413 445 locumque
432 394 878 444 celeberrimaepugnae3
900 400 942 429 tu
963 393 1011 430 cf.
1031 394 1202 444 inprimis
1223 396 1397 440 VIII,76.
1421 396 1487 434 90.
1517 396 1579 433 Ad

99 453 269 500 Aeginam
288 449 524 486 Herodotum
552 450 623 485 iter
641 450 770 486 fecisse
792 448 944 486 credam
964 451 1104 501 Heysio
1120 464 1158 501 p.
1181 452 1260 491 119
1290 451 1418 488 citanti
1448 451 1491 497 V,
1511 454 1579 492 83.

100 510 167 548 86.
189 510 252 547 87.
271 508 335 548 88.
367 508 465 554 VIII,
487 504 540 547 84
560 507 729 558 itemque
743 505 790 543 ad
809 506 985 542 Euboeam
1006 507 1054 542 ob
1074 508 1153 554 VII,
1178 509 1267 555 176,
1308 507 1508 545 Corinthum
1530 509 1578 544 ob

97 565 127 611 I,
148 566 213 604 23.
235 562 302 603 24.
322 563 366 610 V,
389 565 455 603 87.
475 563 572 609 VIII,
596 562 660 609 94,
689 562 859 599 Isthmum
881 562 929 597 ob
951 563 1048 606 VIII,
1079 565 1168 602 121.
1197 564 1264 612 IX,
1287 566 1361 604 81:
1393 576 1414 599 e
1443 564 1579 615 quibus

97 621 187 656 locis
217 618 426 656 admodum
447 618 489 654 fit
508 619 712 668 probabile,
745 621 923 654 Nostrum
944 616 1039 654 haec
1058 618 1137 668 ipsa
1155 619 1240 655 loca
1259 620 1440 656 invisisse.
1469 619 1578 657 Idem

97 675 258 713 dixerim
284 675 330 712 de
346 677 423 712 aliis
443 675 694 725 Peloponnesi
721 675 833 721 locis,
865 686 1029 725 quorum
1054 676 1198 711 mentio
1228 675 1270 712 fit
1299 689 1366 726 per
1394 676 1578 713 Herodoti

95 731 286 780 historias,
318 743 549 783 quamquam
569 731 621 767 ibi
639 744 679 766 se
698 730 810 768 fuisse
831 732 1012 781 expressis
1033 731 1154 767 verbis
1174 743 1251 767 uon
1273 733 1454 770 enuntiat.
1502 735 1578 770 Re-

95 789 192 825 feras
214 788 287 825 huc
306 789 407 824 locos
428 788 555 837 Heysii
576 786 757 823 industria
779 789 855 823 iam
876 788 1050 823 collectos
1080 800 1117 837 p.
1142 790 1220 827 120
1239 801 1318 840 seq.
1349 788 1396 824 de
1415 790 1577 827 Arcadia

94 845 161 895 VI,
181 848 271 886 127.
302 844 349 880 de
373 843 490 892 Tegea
504 845 532 890 I,
553 846 617 883 66.
642 845 716 888 IX,
737 847 810 891 703
837 843 884 880 de
903 841 1066 881 Nonacri
1084 850 1119 880 et
1150 843 1284 893 Stygia
1301 844 1398 894 aqud
1428 844 1490 892 VI,
1507 847 1574 894 74,

94 899 143 938 de
162 901 270 939 Elide
287 901 350 948 IV,
371 902 436 947 30,
471 899 518 936 de
542 899 730 950 Triphylia
751 901 813 948 IV,
839 899 929 948 148,
949 899 996 936 de
1019 900 1185 950 Olympia
1203 902 1283 949 VII,
1307 904 1401 942 170.
1418 903 1488 949 IX,
1509 904 1576 941 81.

92 959 140 1005 II,
162 961 200 1005 73
232 956 278 993 de
308 957 460 1006 Sicyone
495 957 540 1003 V,
563 959 627 1001 67,
667 956 714 993 de
733 957 924 1007 Epidauro
952 957 995 1005 V,
1018 958 1083 1004 83,
1119 956 1166 993 de
1191 958 1308 1007 fluvio
1333 957 1490 994 Erasino
1511 960 1576 1006 VI,

41 1018 44 1022 '
91 1016 159 1060 76,
199 1012 246 1050 de
265 1013 409 1062 Argivis
427 1014 471 1060 V,
495 1015 560 1060 88,
590 1026 683 1064 quos
705 1013 858 1050 eosdem
878 1019 987 1049 testes
1000 1013 1140 1063 profert
1159 1014 1204 1061 V,
1225 1016 1289 1054 87.
1326 1015 1389 1061 VI,
1419 1015 1486 1054 75.
1506 1014 1575 1054 84.

91 1071 171 1118 Vll,
202 1068 293 1110 148.
325 1069 416 1109 150.
448 1070 540 1109 152.
599 1069 753 1119 Spartae
777 1070 888 1107 fuisse
917 1068 1156 1106 Herodotum
1184 1069 1280 1107 nihil
1305 1077 1359 1107 est
1393 1069 1573 1120 dubium3

90 1126 167 1164 vid.
191 1139 288 1177 quae
310 1125 388 1162 dixi
409 1124 457 1161 ad
477 1126 542 1171 ΙΙΙ,
560 1124 626 1165 55.
648 1127 728 1173 VII,
749 1126 842 1173 214,
873 1125 976 1162 unde
995 1125 1310 1164 Lacedaemoniis
1330 1128 1477 1178 saepius
1496 1129 1575 1164 uti-

89 1189 152 1220 tur
170 1183 346 1219 testibus:
385 1183 414 1227 I,
437 1184 502 1222 70.
522 1182 586 1228 Ill,
606 1180 672 1221 47.
693 1183 755 1230 IV,
781 1182 871 1223 150.
892 1183 938 1230 V,
958 1181 1026 1224 49.
1045 1182 1107 1231 VI,
1130 1184 1195 1224 52.
1216 1183 1282 1223 53-
1308 1184 1370 1230 VI,
1392 1183 1457 1231 84,
1479 1197 1574 1236 quos

89 1240 193 1276 locos
214 1239 365 1288 collegit
392 1236 495 1273 idem
518 1240 641 1288 Heyse
664 1240 689 1276 l.
719 1240 743 1278 l.
766 1252 802 1288 p.
830 1241 928 1285 120,
959 1239 1024 1290 qui
1057 1237 1132 1275 huc
1162 1240 1277 1276 etiam
1294 1240 1424 1276 referri
1454 1242 1575 1278 voluit

94 1295 293 1332 Taenarum
313 1295 615 1345 promontorium
638 1296 666 1342 I,
689 1295 752 1336 24.
789 1294 994 1344 Therapnas
1015 1296 1076 1342 VI,
1099 1298 1165 1343 61,
1199 1295 1381 1346 Cytheram
1409 1297 1574 1334 insulam

91 1352 146 1401 (I,
179 1352 278 1399 105)
320 1364 363 1387 ac
388 1351 538 1388 Theram
557 1351 619 1396 IV,
646 1350 721 1391 147
745 1364 823 1401 seq.
845 1352 933 1398 150,
960 1350 1142 1401 Syphnum
1162 1353 1227 1399 III,
1250 1354 1316 1399 57,
1348 1352 1482 1390 Parum
1503 1356 1573 1399 VI,

93 1407 184 1455 134,
212 1408 340 1444 Delum
368 1408 415 1454 II,
453 1410 543 1447 170.
570 1408 632 1453 IV,
655 1409 721 1447 33.
745 1408 811 1447 34.
833 1406 898 1446 35.
930 1408 991 1454 VI,
1016 1410 1080 1447 98.
1140 1408 1365 1458 Zacynthum
1392 1410 1454 1456 IV,
1478 1410 1572 1450 195.

88 1466 188 1501 Hinc
211 1464 388 1515 Cycladas
408 1464 520 1499 etiam
548 1464 700 1510 insulas,
729 1475 891 1515 quarum
911 1463 1088 1516 frequens
1114 1466 1273 1513 mentio,
1301 1465 1427 1503 vIsisse
1446 1468 1572 1504 Hero-

90 1519 242 1569 dotum,
267 1533 288 1557 a
309 1532 397 1558 vero
417 1518 520 1556 haud
546 1518 746 1557 abhorrere
766 1519 926 1558 videtur.

198 1634 302 1679 Quae
328 1631 376 1669 ad
405 1630 642 1669 occidentem
664 1639 700 1669 et
717 1633 1014 1683 septentrionem
1041 1640 1204 1683 vergunt
1232 1635 1409 1685 Europae
1434 1642 1570 1686 partes,

87 1702 147 1726 eas
176 1688 352 1726 historiae
381 1690 477 1738 patri
507 1702 585 1725 non
616 1690 737 1739 magis
768 1692 936 1740 cognitas
963 1690 1077 1726 fuisse
1104 1703 1218 1741 quam
1245 1692 1465 1743 aequalibus
1494 1694 1570 1730 suis

85 1747 170 1783 satis
187 1746 325 1783 docent
344 1744 385 1782 hi
403 1746 499 1782 loci:
535 1747 599 1794 IV,
621 1744 687 1786 45.
716 1747 780 1793 III,
807 1746 883 1786 115
909 1753 973 1783 aut
991 1759 1088 1797 quae
1111 1745 1158 1783 de
1178 1749 1270 1784 Istro
1297 1747 1412 1785 habet
1438 1750 1484 1796 II,
1503 1753 1570 1789 33.

84 1804 148 1849 IV,
183 1802 250 1842 49.
285 1802 504 1852 Apolloniam
531 1803 571 1838 in
600 1803 727 1853 Illyria
746 1804 927 1839 Nostrum
955 1804 1100 1840 venisse
1126 1805 1253 1854 Heyse
1272 1818 1310 1856 p.
1336 1807 1414 1847 138
1442 1806 1570 1856 colligi

84 1860 166 1898 vult
190 1872 238 1895 ex
257 1860 325 1907 IX,
352 1860 425 1906 93,
454 1859 623 1911 itemque
643 1858 691 1896 ad
711 1860 874 1897 Venetos
894 1872 943 1896 ex
957 1860 1001 1908 V,
1024 1861 1049 1899 9
1070 1866 1107 1897 et
1120 1861 1149 1908 Ι,
1175 1862 1265 1901 196.

195 1970 342 2009 Italiam
362 1971 388 2008 i.
409 1984 443 2008 e.
463 1971 680 2008 inferiorem
710 1970 802 2017 eius,
823 1983 921 2022 quae
948 1984 1052 2008 nunc
1071 1971 1123 2008 sic
1143 1979 1315 2022 vocatur,
1329 1980 1477 2024 partem
1498 1970 1568 2022 ἨΙ)

82 2029 262 2064 Nostrum
286 2041 523 2078 peragrasse,
567 2027 722 2064 Thuriis
750 2040 870 2078 quum
897 2026 1135 2064 domicilium
1172 2028 1334 2077 fixisset,
1366 2029 1463 2066 nihil
1497 2030 1569 2068 du-

82 2085 204 2125 bium.
260 2085 312 2121 Et
344 2085 442 2121 bene
461 2084 537 2121 huc
558 2086 719 2136 Heysius
751 2085 777 2120 l.
807 2085 833 2121 l.
856 2098 896 2135 p.
921 2086 999 2124 138
1019 2085 1145 2122 retulit
1164 2083 1234 2122 hos
1253 2086 1376 2123 locos:
1408 2088 1471 2133 IV,
1504 2087 1568 2128 15.

82 2142 149 2180 99.
177 2142 221 2189 V,
237 2139 304 2181 44.
325 2139 378 2181 45
410 2140 457 2178 de
489 2141 625 2192 Sybari
642 2149 678 2178 et
699 2142 864 2178 Crotone
879 2171 888 2189 ,
913 2139 959 2177 de
983 2141 1058 2192 quit
1078 2142 1172 2178 urbe
1195 2143 1309 2178 etiam
1325 2141 1411 2179 vide
1432 2144 1479 2180 sis
1499 2145 1566 2192 III,

84 2197 177 2237 131.
203 2199 292 2238 137.
312 2199 404 2237 138.
463 2197 576 2234 Haud
597 2197 691 2235 vidit
712 2196 929 2235 Sardiniam
946 2197 1227 2250 Corsicamque,
1255 2199 1361 2236 cuius
1371 2201 1569 2251 utriusque

81 2251 225 2289 insulae
244 2252 360 2290 modo
382 2255 555 2291 notitiam
576 2255 743 2306 aliquam
764 2260 974 2305 acceperat,
995 2256 1148 2305 qualem
1170 2256 1283 2292 etiam
1296 2254 1342 2292 de
1355 2255 1566 2308 Tyrrhenis

83 2314 195 2359 atque
225 2311 374 2346 Umbris
394 2318 551 2348 nactum
572 2325 660 2347 eum
671 2325 749 2348 esse
779 2318 934 2361 apparet
953 2323 1001 2346 ex
1018 2312 1048 2359 Ι,
1072 2309 1137 2351 94.
1157 2312 1220 2359 IV,
1234 2311 1302 2352 49.
1322 2313 1351 2359 I,
1377 2315 1469 2353 163.
1489 2315 1567 2354 166

81 2377 162 2416 seq.
186 2367 428 2414 VI,22,nam
450 2381 494 2404 eo
506 2370 761 2420 usqueipsum
787 2368 932 2406 venisse
952 2366 1213 2415 Herodotum,
1256 2369 1391 2420 quibus
1410 2371 1566 2407 testibus

82 2421 253 2470 probem,
281 2435 361 2459 non
389 2421 527 2462 habeo.
582 2426 628 2461 In
652 2425 816 2463 Siciliam
835 2426 1014 2461 Nostrum
1035 2424 1250 2475 profectum
1269 2439 1348 2462 esse
1366 2428 1495 2463 notavi
1516 2426 1567 2463 ad

82 2477 164 2524 VII,
193 2478 269 2518 153
282 2485 361 2515 not.
377 2481 461 2519 coll.
475 2482 578 2529 1653
609 2482 750 2534 ibique,
760 2482 790 2518 si
810 2487 910 2517 recte
920 2481 1028 2532 ponit
1046 2483 1172 2531 Heyse
1192 2495 1230 2531 p.
1255 2483 1332 2522 139
1353 2495 1446 2533 seq„
1470 2482 1565 2520 vidit

81 2532 256 2582 Egestam
267 2534 311 2583 V,
323 2534 389 2584 47,
411 2536 570 2575 Zanclen
586 2539 647 2588 VI,
667 2538 734 2588 25,
748 2537 952 2589 Syracusas
961 2538 1044 2586 VH,
1063 2540 1154 2586 167,
1185 2537 1364 2576 Carnicum
1378 2539 1458 2588 VII,
1473 2543 1564 2581 170.

170 2754 206 2800 ²¹¹)
231 2755 308 2790 Vid.
332 2756 450 2801 Heyse
472 2756 494 2792 l.
517 2758 540 2792 Ι.
562 2770 598 2804 p.
622 2759 708 2803 122,
732 2758 790 2806 qui
813 2759 875 2794 hos
899 2759 990 2794 locos
1013 2757 1079 2794 iam
1106 2758 1231 2794 attunt.

168 2823 213 2868 '*)
239 2826 283 2859 cf.
307 2828 393 2860 nott.
416 2826 460 2860 ad
482 2826 513 2869 Ι,
538 2827 614 2863 167.
637 2829 701 2871 111,
724 2829 804 2863 136.
827 2829 888 2870 IV,
914 2827 966 2862 15.
993 2827 1035 2871 V,
1057 2826 1114 2864 43.
1138 2828 1199 2871 VI,
1224 2827 1301 2864 127.
