1839 3292
709 623 1077 683 HPOAO
1105 624 1303 682 ΤΟΥ

553 763 993 809 ιΣΤοΡΙΩΝ
1082 763 1313 808 ΕΝΝΑ
1340 763 1456 807 ΤΗ.

806 918 1194 960 ΚΑΛΛΙΟΠΗ.

279 1030 308 1074 Ῑ
369 1037 741 1091 ,ΠῙΑΡΔΟΝΙΟΣ
769 1049 835 1101 δὲ’,
867 1049 926 1100 ὥς
956 1051 1001 1094 οἱ
1027 1050 1327 1104 ἀπονοστήσας
1352 1047 1633 1103 Ἀλέξανδρος
1689 1062 1766 1101 691

42 1092 208 1120 Alexandro
225 1093 314 1121 rebus
416 1115 423 1126 ,
556 1115 564 1127 .
589 1115 598 1131 ,
759 1117 768 1132 ,
860 1116 871 1130 ,
921 1118 931 1131 ,
1082 1117 1093 1130 .-
1239 1117 1247 1131 2
1309 1116 1320 1130 s
1558 1118 1567 1132 ι

40 1126 159 1194 {ssfeffii
194 1135 316 1187 3335?
372 1132 425 1182 τοι
447 1132 565 1169 παρα
597 1122 832 1172 Αθηναιων
855 1129 1052 1174 εσημῃνε,
1072 1124 1276 1172 ορμηθεις
1304 1132 1350 1159 εκ
1384 1119 1660 1172 Θεσσαλιηςρ

41 1193 317 1254 piusqu'hessalia
371 1184 448 1238 ἡγε
476 1182 555 1238 τὴν
585 1183 788 1241 στρατιὴν
818 1188 986 1242 σπουδῇ
1010 1185 1077 1228 ἐπὶ
1106 1184 1181 1234 τὰς
1200 1183 1409 1239 Ἀθήνας·
1453 1182 1562 1226 ὅκου
1587 1182 1634 1226 δὲ

40 1232 313 1297 ¹vnet*[ii.¹⁰4⁰7¹2¹³¹.],⁰³⁰⁸
347 1250 584 1295 Ξὲκάστοτε
621 1255 814 1308 γίνοιτο,
855 1252 1040 1304 τούτους
1069 1253 1389 1307 παρελάμβανε.
1444 1254 1559 1293 τοῖσι
1587 1250 1634 1293 δὲ

377 1321 612 1376 Θεσσαλίης
645 1320 917 1377 ἡγεομένοισι
947 1320 1048 1365 οὔτε
1085 1321 1138 1364 τὰ
1167 1320 1254 1375 πρό
1285 1325 1365 1363 τοῦ
1394 1317 1636 1374 πεπρηγμέ-

565 1561 642 1612 Cap
692 1562 710 1598 I
1029 1527 1106 1567 vid.
1145 1527 1222 1566 citt.
1280 1528 1338 1564 De
1367 1527 1560 1577 particulis
1601 1522 1691 1565 οὕτε

375 1636 568 1688 ὁρμηθεὶς
587 1639 627 1679 ἐκ
652 1639 882 1690 Θεσσαλίης]
902 1641 974 1677 At-

316 1695 385 1745 tigi
407 1694 454 1731 ad
475 1696 571 1741 vm,
596 1698 688 1737 133.
737 1696 873 1733 Incidit
900 1695 973 1733 hoc

315 1752 355 1788 in
377 1764 521 1787 annum
547 1753 626 1792 479
650 1765 684 1789 a.
720 1752 808 1789 Chr.
830 1767 870 1790 n.
917 1755 974 1790 Ac

316 1809 443 1845 scribit
492 1808 645 1846 Diodor.
692 1810 767 1857 XI,
807 1811 872 1849 28.
909 1811 975 1850 30.

316 1863 560 1901 Mardonium
601 1872 750 1915 praeter
785 1867 912 1916 copias
953 1878 975 1902 a

316 1922 448 1957 Xerxe
481 1929 651 1972 acceptas
682 1920 857 1959 habuisse
891 1923 974 1972 plus

318 1976 512 2016 ducenties
543 1979 647 2015 mille
676 1980 775 2015 viros
805 1992 825 2014 e
845 1977 975 2015 Thra-

317 2034 387 2081 cia,
409 2035 644 2082 Macedonia,
666 2036 820 2087 aliisque
841 2036 974 2072 civita-

317 2090 416 2127 tibus
433 2092 667 2138 consociati53
687 2093 738 2128 ita
748 2099 787 2128 ut
800 2093 974 2129 omnium

316 2147 429 2183 fuerit
449 2161 597 2184 summa
611 2150 847 2199 quingenties
857 2150 974 2185 mille.

318 2203 402 2248 Quo
424 2217 512 2240 sane
533 2206 706 2255 pertinet,
740 2204 843 2257 quod
863 2218 975 2256 supra

318 2258 367 2295 ad
388 2260 467 2307 Vll,
491 2264 570 2301 110
587 2262 672 2297 coll.
691 2263 721 2309 I,
751 2265 840 2309 171,
863 2269 976 2298 nota-

318 2316 454 2363 vimus,
476 2318 606 2354 Persas
626 2325 758 2367 gentes
774 2319 889 2355 victas
911 2318 973 2355 vel

316 2373 415 2408 ultro
438 2372 581 2410 deditas
611 2387 742 2410 secum
763 2373 912 2411 duxisse
932 2375 973 2410 in

315 2431 483 2466 exercitu
511 2431 734 2479 militantes,
772 2444 893 2482 eoque
915 2437 973 2467 et-

315 2485 392 2521 iam
423 2487 640 2536 pertinent,
673 2500 770 2539 quae
797 2500 891 2523 mox
911 2485 973 2523 liic

316 2541 516 2590 leguntur:
568 2541 734 2591 τούτους
770 2541 974 2596 παρελάμ-

317 2597 414 2648 βανε
444 2599 503 2635 lios
522 2602 698 2639 assumsit.

373 2657 473 2692 τοῖσι
495 2653 535 2694 δὲ
567 2656 783 2705 Θεσσαλίης
812 2653 976 2707 ἡγεομέ-

317 2721 421 2748 νοισι
443 2731 491 2737 -
515 2711 693 2762 μετέμελε
713 2711 859 2761 οὐδέν]
899 2713 975 2748 Par

318 2766 494 2803 orationis
524 2774 710 2806 structura
738 2770 801 2818 vl,
841 2771 879 2818 3,
907 2769 974 2806 ubi

1029 1599 1135 1623 —te
1157 1584 1235 1621 dixi
1257 1583 1304 1620 ad
1323 1584 1384 1628 vl,
1409 1587 1446 1622 1.
1477 1582 1519 1622 οἱ
1539 1584 1691 1621 Θεσσα-

1029 1641 1115 1691 λίης
1137 1636 1346 1693 ἡγεόμενοι
1365 1639 1482 1676 iidem
1502 1645 1601 1686 sunt,
1625 1639 1692 1691 qui

1029 1711 1123 1734 mox
1146 1710 1228 1748 cap.
1243 1699 1279 1733 II
1298 1703 1481 1733 vocantur
1504 1696 1544 1735 οἱ
1569 1695 1692 1734 δυνα-

1032 1749 1236 1799 στεύοντες
1265 1767 1295 1790 s.
1327 1753 1368 1792 οἱ
1401 1750 1613 1799 (iumenti,
1642 1751 1689 1800 V,
1742 1777 1744 1779 -

1033 1812 1097 1850 66,
1119 1812 1187 1858 lx,
1209 1810 1276 1855 41,
1306 1808 1526 1846 Thessaliae
1546 1809 1691 1859 princi-

1031 1880 1110 1916 pes,
1140 1868 1238 1903 inter
1259 1879 1351 1918 quos
1378 1867 1616 1917 potissimum
1635 1865 1690 1902 A·

1033 1923 1180 1960 leuaclae
1215 1924 1331 1971 (conf.
1352 1930 1444 1960 nott.
1467 1921 1515 1959 ad
1530 1923 1610 1969 Vll,
1630 1919 1690 1971 6),

1033 1980 1099 2031 qui
1131 1981 1300 2016 Larissae
1336 1980 1543 2031 imperium
1579 1985 1691 2015 tene-

1032 2036 1144 2084 bant,
1176 2050 1418 2088 quorumque
1446 2049 1544 2073 unus
1574 2036 1690 2071 etiam

1029 2093 1092 2128 ille
1112 2093 1182 2129 fuit
1206 2093 1360 2141 Thorax,
1392 2094 1496 2130 cuius
1519 2090 1691 2128 eiusdem

1031 2151 1177 2186 mentio
1200 2149 1241 2186 fit
1261 2151 1330 2196 IX,
1358 2150 1409 2189 58
1432 2149 1517 2186 coll.
1533 2146 1687 2188 Pindar,

1032 2204 1147 2255 Pyth.
1177 2207 1227 2252 X,
1262 2208 1339 2245 1OO
1368 2218 1473 2256 seqq.
1505 2211 1541 2240 et
1577 2202 1685 2242 ovid.

1031 2262 1087 2301 lb.
1104 2262 1183 2301 325
1206 2261 1514 2311 (ubiLarissaeus
1525 2259 1687 2310 Aleuas),

1034 2318 1098 2369 qui
1119 2319 1289 2354 Xerxem
1308 2319 1386 2354 scil.
1409 2331 1429 2353 e
1453 2318 1610 2354 Graecia
1626 2316 1689 2352 fu-

1029 2375 1197 2423 gientem
1220 2381 1273 2410 est
1302 2375 1514 2410 comitatus.
1571 2375 1688 2409 Nam-

1032 2443 1106 2482 que
1150 2429 1339 2467 Aleuadas
1388 2431 1525 2467 Xerxis
1563 2436 1688 2480 partes

1031 2494 1184 2523 strenue
1225 2488 1419 2537 amplexos
1461 2500 1539 2524 esse
1574 2486 1688 2522 novi-

1029 2555 1114 2579 mus
1136 2557 1184 2579 ex
1212 2543 1352 2579 Herod.
1375 2544 1472 2590 VIII,
1495 2545 1582 2583 172.
1607 2540 1687 2582 174

1031 2600 1120 2636 coli.
1162 2602 1264 2646 1303
1312 2612 1520 2650 eorumque
1553 2611 1682 2635 exem-

1030 2657 1136 2706 plum
1154 2656 1316 2707 reliquos
1334 2658 1448 2693 etiam
1469 2653 1687 2692 Thessaliae

1031 2711 1206 2763 dynastas
1227 2720 1372 2750 secutos
1394 2725 1472 2749 esse
1492 2711 1686 2762 probabile

1031 2775 1097 2809 est.
1119 2789 1171 2797 —
1213 2768 1275 2807 Ad
1297 2766 1594 2808 locutionem*.s’n
1614 2768 1687 2806 τοῦ
