1839 3292
29 493 67 521 ad
79 492 240 521 diiuculnm
257 501 305 521 us-

29 536 86 560 que
110 528 288 555 retinentur.

29 561 106 589 'l'um
126 561 201 588 ethi
220 569 286 587 ver-

28 604 78 622 sus
88 595 226 622 Piataeas
243 602 305 621 mo-

30 634 118 656 vent:
150 627 304 655 Lacedae-

28 663 119 690 monii
153 661 272 696 quidem

28 695 147 723 cumTe

172 695 246 721 eatis
255 702 308 729 per

28 729 121 757 calles

175 728 306 755 inhaere-

28 763 74 790 nis
107 762 145 789 ad
179 761 302 789 fluvium

28 796 230 830 ΜοΙοὲιιῐοιιι,
290 809 301 814 -

27 830 198 857 theniensen
232 828 263 854 in

27 870 163 897 campum
182 861 304 888 Cithae-

28 897 94 925 roni
108 896 286 924 subiectum.

359 183 444 224 292

734 181 1202 219 HERODOTI

359 290 519 349 έχρήϊζέ
548 308 592 335 τε
611 295 697 334 τῶν
723 289 968 345 Ἀθηναίων
987 289 1299 343 προσχωρῆσαί
1328 303 1372 331 τε
1393 286 1503 342 πρὸς
1527 286 1630 330 ἑωυ-

359 360 488 412 τούς,
528 360 599 403 καὶ
620 358 784 401 ποιέειν
817 358 914 410 περὶ
943 360 1019 411 τῆς
1048 353 1220 398 ἀπόδου
1260 354 1314 397 τά
1358 371 1439 410 περ
1468 355 1526 399 ἂν
1554 354 1630 398 καὶ

231 427 299 474 56
358 433 495 484 σφεῖς.
545 427 629 469 Καὶ
662 424 685 468 6
728 425 806 480 μὲν
838 422 1135 467 ἀπαλλάσσετο
1166 423 1210 473 ές
1231 422 1336 474 τούς
1357 422 1627 480 Ἀθηναίους.

363 496 466 545 τοὺς
498 494 542 536 δὲ
573 494 662 536 ἐπεὶ
694 493 1072 547 ἀνακρινομένους
1100 490 1210 546 πρός
1240 490 1430 540 ἑωυτούς
1448 489 1537 546 ἠώς
1556 496 1686 533 και-80

361 562 595 618 τελάμβανε
612 595 621 613 ,
655 561 702 605 ἐν
721 560 864 618 τούτῳ
894 564 956 616 τῷ
976 559 1117 619 χρόνῳ
1148 557 1392 616 κατήμενος
1409 556 1432 601 ὁ
1454 561 1630 600 Παυσα-

362 633 481 685 νίης,
518 628 572 672 ου’
601 630 768 672 δοκέων
802 629 878 672 τὸν
913 626 1242 684 Ἀμομφάρετον
1280 628 1507 679 λείψεσθαι
1540 627 1630 668 τῶν

365 699 509 742 ἄλλων
547 699 908 752 Λακεδαιμονίων
952 694 1318 753 ἀποστειχόντων,
1359 694 1430 752 (τὰ
1467 694 1520 750 δὴ
1557 693 1632 737 καὶ

359 766 561 822 έγένετο,)
595 766 792 822 σημήνας
820 763 957 820 ἀπῆγε
976 764 1046 807 διὰ
1068 771 1154 808 τῶν
1183 768 1393 808 κολωνῶν
1409 762 1514 814 τούς
1543 767 1629 805 λοι·

332 834 479 884 Ξπούς
516 829 702 884 πάντας·
744 835 921 876 εἵποντο
953 833 998 875 δὲ
1027 832 1101 875 καὶ
1135 836 1348 889 Τεγεῆται.
1402 831 1686 888 Ἀθηναῖοι85

363 902 408 945 δὲ
438 898 666 955 ταχθέντες
693 899 823 956 ἤϊσαν
852 899 906 943 τὰ
936 900 1117 955 ἔμπαλιν
1144 900 1174 956 ἦ
1203 898 1556 956 Λακεδαιμόνιοι.
1588 898 1632 940 οἱ

360 969 439 1024 μὲν
467 967 552 1023 γάρ
586 971 676 1010 τῶν
705 983 748 1010 τε
778 966 926 1023 ὄχθων
955 966 1205 1024 ἀντείχοντο
1233 972 1306 1012 καὶ
1324 971 1398 1025 τῆς
1412 965 1628 1021 ὑπωρείης

358 1040 438 1079 τοῦ
469 1038 770 1089 Κιθαιρῶνος,
802 1035 1069 1091 φοβεόμενοι
1097 1034 1178 1092 τὴν
1204 1037 1362 1080 ἵππον·
1394 1034 1628 1090 Ἀθηναῖοι

305 1316 360 1351 bis
401 1312 603 1350 interiectis
643 1311 826 1362 repetitur
861 1311 968 1363 quasi

305 1373 386 1422 ipso
406 1371 564 1407 nomine
584 1369 730 1419 prolato
761 1366 781 1408 6
800 1370 969 1407 Παυσα·

305 1428 417 1477 νίης;
441 1440 517 1479 quo
535 1425 672 1463 eodem
690 1438 809 1476 quum
824 1432 967 1476 spectet

304 1483 456 1523 καλέων
469 1513 478 1531 ,
501 1496 598 1535 quae
619 1489 832 1533 sequuntur
851 1482 966 1519 verba

300 1537 402 1592 πρός
423 1555 462 1579 τε
481 1539 547 1579 τὸν
565 1535 794 1588 Ἀθηναίων
812 1534 967 1589 κήρυκα

300 1596 574 1647 ἐπειρωτῶντα
610 1592 656 1633 τοὶ
693 1594 961 1646 ἐντεταλμένα,

300 1655 361 1691 vel
382 1656 432 1690 ita
454 1651 692 1703 expedienda
707 1681 716 1699 ,
749 1658 789 1688 ut
810 1666 830 1688 e
851 1666 963 1702 prae—

301 1711 434 1761 gressis
456 1717 585 1746 mente
616 1715 806 1759 repetatur
840 1707 964 1759 λέγων

302 1774 366 1804 aut
396 1768 518 1804 simile
546 1765 658 1818 quid,
699 1778 820 1817 eoque
849 1767 966 1801 etiam

302 1824 485 1860 referatur
505 1823 639 1860 vocula
662 1836 701 1860 τε
715 1851 723 1867 ,
765 1822 884 1858 semel
905 1821 965 1858 hic

301 1882 422 1932 posita
443 1887 484 1916 ut
504 1879 668 1916 vidimus
690 1878 737 1915 ad
759 1879 838 1925 vll,
865 1880 965 1919 188:

301 1939 363 1973 vel
379 1937 623 1989 sequentibus
644 1937 694 1971 ita
715 1942 803 1972 suut
819 1934 968 1971 adstru-

304 1993 425 2041 enda,
457 2001 498 2030 ut
532 1993 624 2030 duas
646 1994 823 2028 orationis
844 1998 968 2042 partes

304 2050 409 2087 hunc
429 2051 508 2087 fere
536 2051 575 2086 in
610 2049 773 2085 modum
807 2062 874 2099 per
895 2047 969 2084 du-

303 2109 395 2158 plex
433 2121 473 2146 τε
514 2106 695 2156 coniungi
736 2113 967 2142 statuamus:

303 2160 406 2215 πρός
433 2179 453 2202 τ
467 2178 483 2202 ε
502 2160 573 2202 τὸν
591 2158 819 2213 Ἀθηναίων
848 2158 968 2212 κήρυ-

301 2236 353 2259 κα
367 2219 492 2271 λέγειν
508 2218 658 2258 ἐκέλευε
670 2242 720 2247 -
734 2214 885 2269 ἐχρήϊζέ
903 2233 922 2256 τ
937 2232 966 2265 ε,

304 2276 409 2329 quod
438 2275 590 2313 dicendi
624 2288 744 2326 genus
775 2276 967 2324 attigimus

304 2333 354 2370 ad
373 2334 464 2380 VII,
499 2335 523 2374 8
549 2333 588 2378 §.
620 2335 656 2371 1.
730 2332 836 2367 Tum
859 2343 968 2380 prae-

304 2391 439 2440 positio
461 2386 561 2440 πρός
580 2395 724 2438 spectat
745 2387 793 2424 ad
829 2386 966 2438 λέγειν.

305 2449 397 2483 Utut
418 2453 492 2494 est,
523 2445 618 2482 haec
651 2445 729 2481 fere
750 2445 874 2480 existit
894 2444 968 2480 loci

305 2505 513 2540 sententia:
546 2502 619 2539 Hic
645 2514 722 2538 vero
744 2501 967 2549 (Pausanias

305 2559 403 2607 scil.)
425 2563 592 2596 amentem
619 2571 679 2595 nec
709 2560 767 2595 sui
786 2561 967 2606 compotem

305 2617 488 2665 increpans
527 2616 628 2653 illum
663 2612 968 2664 (Amomphare-

306 2672 421 2719 tum),
439 2675 510 2709 iam
533 2672 847 2709 aclAthenz'ensium
861 2683 968 2720 prae-

306 2740 416 2764 conem
460 2741 644 2764 conversus
681 2730 966 2776 interrogantem,

305 2797 394 2835 quae
419 2785 489 2834 ipsi
509 2785 684 2823 mandata
712 2789 833 2834 erant,
863 2785 967 2821 iussit

231 1099 298 1147 57
357 1104 424 1154 δὲ,
468 1100 584 1146 κάτω
614 1102 884 1159 τραφθέντες
921 1102 964 1155 ἐς
1000 1104 1050 1147 τὸ
1079 1105 1244 1147 πεδίον.
1296 1101 1628 1161 Ἀμομφάρετος

1023 1325 1100 1350 eum
1126 1310 1392 1365 (praeconem)
1413 1311 1527 1349 elicere
1547 1306 1686 1360 (Athe-

1023 1370 1259 1422 niensibus),
1298 1383 1386 1419 quae
1412 1369 1468 1406 hic
1495 1371 1685 1417 agerentur

1023 1428 1197 1477 simulque
1222 1429 1327 1477 petiit
1358 1428 1406 1474 (s.
1440 1438 1529 1462 eum
1556 1431 1686 1475 petere

1022 1484 1145 1531 iussit)
1180 1485 1224 1521 ab
1252 1483 1539 1529 Atheniensibus,
1569 1485 1609 1518 ut
1635 1480 1686 1518 acl

1023 1553 1058 1577 se
1075 1543 1229 1578 venirent
1249 1543 1356 1590 atque
1390 1540 1432 1576 de
1452 1539 1604 1576 discessu
1619 1537 1685 1588 fa-

1023 1601 1135 1634 cerent
1165 1610 1226 1644 ea,
1259 1609 1485 1645 quaecunque
1505 1598 1600 1646 ipsus
1626 1595 1687 1631 vi-

1022 1654 1154 1691 dissent
1164 1653 1352 1704 facientes.

1244 1710 1336 1759 Cap.
1362 1708 1458 1745 LVI.

1078 1763 1173 1813 τούς
1184 1763 1225 1805 δὲ
1241 1765 1324 1805 ἐπεὶ
1344 1760 1686 1813 ἀνακρινομένους

1024 1838 1061 1861 κ.
1098 1838 1132 1863 τ.
1165 1824 1217 1871 λ.]
1271 1823 1437 1859 Sensum
1469 1821 1544 1856 loci
1580 1817 1685 1855 hunc

1024 1879 1104 1915 fere
1132 1893 1211 1916 esse
1247 1886 1361 1929 puto:
1405 1877 1532 1926 „Quos
1571 1888 1685 1914 secum

1026 1936 1258 1985 disceptantes
1297 1948 1373 1972 cum
1400 1947 1531 1972 aurora
1560 1933 1686 1984 depre-

1025 1993 1208 2039 henderet,
1257 1991 1481 2038 Pausanias,
1528 1992 1591 2040 qui
1621 2001 1685 2040 per

1026 2049 1087 2085 hoc
1106 2053 1239 2098 tempus
1261 2052 1373 2099 quiete
1391 2047 1558 2095 consedit,
1580 2059 1685 2096 quum

1024 2106 1325 2155 Amompharetum
1338 2107 1372 2142 si
1384 2105 1515 2154 reliqui
1530 2102 1685 2140 discede-

1024 2166 1098 2198 rent
1137 2161 1412 2198 Lacedaemonii
1445 2171 1684 2196 remansurum

1023 2232 1094 2254 esse
1126 2219 1262 2254 minime
1297 2220 1443 2267 putaret
1485 2214 1543 2264 (id
1579 2214 1683 2267 quod

1024 2276 1140 2310 etiam
1170 2272 1344 2321 accidit),
1375 2275 1478 2322 signo
1510 2272 1594 2309 dato
1615 2273 1683 2309 ab-

1022 2330 1128 2367 duxit
1158 2343 1269 2367 ornnes
1300 2330 1451 2379 reliquos
1474 2342 1537 2379 per
1561 2329 1681 2376 clivos,

1022 2387 1242 2437 sequentibus
1259 2399 1390 2437 quoque
1407 2386 1682 2435 TegeatiS.“—

1022 2443 1084 2480 Ad
1113 2457 1273 2494 sequens
1301 2441 1422 2493 ἤϊσαν
1440 2439 1488 2481 vo}
1514 2441 1682 2491 ἔμπαλιν

1021 2499 1099 2537 vid.
1120 2507 1215 2537 nott.
1237 2498 1285 2536 ad
1305 2501 1372 2537 VII
1388 2528 1398 2547 ,
1422 2499 1496 2545 583
1519 2497 1567 2535 de
1586 2511 1682 2536 voce

1019 2553 1143 2607 ’ὄχθος
1169 2557 1270 2593 conf.
1300 2563 1394 2594 nott.
1436 2555 1484 2592 ad
1509 2556 1588 2602 IX,
1626 2554 1681 2594 25

1024 2620 1061 2650 et
1098 2612 1146 2649 ad
1184 2626 1319 2650 vocem
1345 2611 1553 2664 ὑπωρείης
1582 2617 1681 2648 nott.

1024 2668 1072 2707 ad
1092 2670 1172 2717 IX,
1198 2672 1259 2710 19.

1077 2721 1287 2776 Ἀθηναῖοι
1303 2723 1351 2765 δέ
1364 2721 1469 2764 κάτω
1480 2719 1680 2774 τραφθέν-

1025 2797 1086 2830 τες
1106 2782 1145 2831 ἒς
1166 2780 1206 2822 τὸ
1231 2781 1385 2833 πεδίον]
1418 2781 1509 2821 Scit.
1545 2776 1679 2831 ἤϊσαν,
