1839 3292
270 217 356 258 452

269 325 458 368 Aneristus,
482 325 663 370 Spei-thiae
682 326 791 368 filius,
818 326 851 359 in
868 325 988 359 Asiam

313 373 440 407 missus
464 373 618 417 legatus,
643 374 687 406 ab
724 372 988 406 Atheniensibus

313 419 527 459 interfectus,
553 419 627 461 Vll,
653 419 731 451 137.

267 466 468 509 Angareion
519 465 644 497 Persae
681 463 762 505 qnid
801 464 986 507 appellent,

316 511 411 552 VIII,
434 510 480 543 98
505 514 574 542 not.
600 510 662 549 1113
687 508 754 542 126
777 515 849 543 not.
872 511 907 554 *)

267 557 411 601 Angites
434 557 483 596 ss.,
507 555 541 588 iu
559 555 781 598 Strymonem
798 555 886 598 fluit,
911 554 987 597 VII,

313 602 391 636 113.
415 602 461 634 T.
487 601 537 634 III
561 613 594 645 p.
616 601 697 636 824.

266 650 407 691 Angrus
438 647 496 688 ss.‚
532 658 573 680 ex
607 647 739 692 Illyriis
770 647 901 691 ssuens,
926 647 986 688 IV,

309 694 355 727 -19
377 697 447 726 not.

265 741 400 784 Anguis
423 739 544 783 ingens
559 738 648 773 arcis
665 742 778 773 custos
796 739 829 772 in
853 740 985 782 templo

310 787 356 820 ab
380 785 646 820 Atheniensibus
667 787 789 829 cultus,
814 786 910 827 VIII,
928 785 985 821 41.

311 832 388 865 Vid.
413 833 570 876 Serpens.

263 878 436 922 Anguilla
458 888 557 911 sacra
580 876 773 921 Aegyptiis,
792 875 837 917 H,
850 875 896 909 72
915 879 985 911 not.

263 924 460 965 Animalia,
484 934 572 966 quae
595 924 638 956 ab
663 922 864 956 hominibus
889 934 985 955 com-

309 971 477 1010 eduntur,
532 969 663 1002 feracia
707 973 741 1002 et
792 969 983 1001 foecunda:

309 1027 398 1057 qnae
421 1014 525 1048 noxia
542 1019 633 1056 sunt,
657 1025 780 1058 parum
800 1015 984 1055 foecunda,

309 1061 372 1104 ΙΙΙ,
385 1061 465 1094 107.
488 1061 618 1094 animal
637 1062 770 1093 nullum
785 1060 985 1093 interimunt

306 1107 386 1140 Indi
409 1106 564 1149 quidam,
588 1107 651 1148 ΙΙΙ,
676 1106 754 1140 100.
779 1107 983 1147 animantes,

307 1157 379 1186 tam
405 1154 563 1186 volucres
599 1165 703 1195 quam
737 1153 985 1195 quadrupedes,

308 1198 344 1232 in
365 1199 464 1232 India
488 1199 638 1232 maiores
658 1210 761 1242 quam
781 1199 858 1232 aliis
873 1200 907 1231 in
932 1199 984 1231 Io-

307 1244 369 1286 cis,
394 1245 455 1286 ΙΙΙ,
479 1245 558 1278 106.
581 1265 628 1269 -
651 1245 817 1279 animalia
841 1245 875 1277 in
895 1245 984 1277 saxis

306 1290 413 1334 primi
435 1292 651 1334 sculpserunt
679 1291 855 1336 Aegyptii,
881 1291 926 1331 II,
950 1290 983 1323 4.

306 1337 475 1370 animalia
507 1337 680 1380 quomodo
712 1338 747 1370 in
780 1337 852 1370 suis
883 1336 984 1370 vesti-

305 1383 373 1415 bus
404 1383 548 1426 pingant
571 1383 631 1426 qui
661 1384 855 1417 Caucasum
888 1383 984 1416 ineo-

304 1429 391 1470 lunt,
414 1429 441 1470 Ι,
466 1429 546 1463 203.
579 1429 745 1463 animalia
778 1430 870 1472 apud
897 1430 982 1462 Per-

306 1486 363 1509 sas
387 1479 421 1508 et
444 1475 569 1519 Magos
593 1476 710 1510 omnia
730 1476 785 1508 vel
809 1476 904 1509 mala
928 1475 983 1508 vel

305 1520 419 1562 bona,
443 1520 472 1562 I,
497 1521 565 1554 1⁴0
594 1526 663 1555 not.
697 1522 863 1555 animalia
895 1532 984 1564 qua-

305 1566 400 1600 drati
423 1567 493 1600 oris
513 1568 605 1611 apud
629 1568 799 1609 Gelonos,
823 1568 883 1608 IV,
903 1567 983 1608 109,

305 1612 367 1645 ubi
416 1616 512 1646 sunt:
572 1610 980 1657 τετραγωνοπρόσωπας

303 1658 494 1700 „animans
527 1659 587 1702 qui
611 1665 669 1692 ont
694 1661 730 1692 la
748 1662 833 1701 face
850 1661 979 1702 carrc'e,

305 1707 345 1737 ut
373 1704 483 1737 reddit
513 1705 677 1749 Mongez.
701 1706 810 1738 Mem.
835 1706 876 1738 de
900 1706 981 1738 I’In-

306 1749 376 1783 stit.
400 1750 450 1783 lx
475 1762 506 1794 p.
520 1749 565 1783 59
589 1762 683 1794 sequ.
707 1751 856 1796 cogitari
881 1763 981 1793 posse

303 1800 402 1829 ratus
425 1801 567 1830 auctore
591 1797 717 1830 Cuvier
749 1802 783 1831 et
815 1797 982 1831 Latreille

308 1842 351 1874 de
374 1842 489 1875 Phoca
508 1843 659 1876 vitulina
686 1843 797 1883 Linn.‚
830 1854 918 1886 quae
945 1843 980 1876 in

303 1887 376 1921 illis
417 1888 619 1932 regionibus
655 1888 980 1932 septentrionalibus

303 1933 391 1966 olim
411 1934 589 1975 exstiterit,
612 1935 778 1976 cuiusque
798 1935 901 1968 etiam
922 1947 980 1969 ca-

302 1983 366 2022 put
389 1981 575 2023 vultusque
598 1993 665 2014 non
689 1982 792 2014 aliter
812 1992 854 2014 ac
869 1982 979 2015 lutra-

302 2036 382 2058 rum
410 2030 444 2059 et
468 2033 641 2060 castorum
665 2028 873 2070 quadratam
905 2028 979 2061 fere

303 2072 472 2113 praebeat
494 2073 657 2115 speciem.

257 2117 418 2150 Animam
443 2118 594 2152 hominis
618 2119 852 2153 immortalem
878 2122 913 2152 et
935 2119 979 2151 de

304 2174 449 2206 corpore
480 2165 515 2197 in
551 2177 675 2207 eorpus
699 2166 852 2206 migrare
874 2165 978 2208 primi

303 2209 463 2243 dixerunt
482 2211 661 2255 Aegyptii,
686 2212 731 2254 ΙΙ,
748 2211 816 2245 123
838 2218 907 2245 not.

257 2265 400 2299 Animus
434 2267 616 2301 hominum
649 2268 789 2302 habitat
824 2269 857 2301 in
883 2267 978 2301 auri-

301 2312 376 2353 bus,
401 2312 476 2352 VII,
502 2312 558 2346 39.
586 2333 628 2338 —
661 2314 768 2347 animi
792 2315 883 2346 vires
915 2325 978 2346 au-

300 2362 427 2401 gentur
446 2364 650 2403 augescente
662 2371 817 2404 corpore,
836 2358 979 2402 111,134

302 2408 337 2436 et
359 2407 430 2438 not.

255 2462 390 2496 Annum
414 2461 521 2506 primi
545 2462 709 2507 Aegyptii
734 2464 976 2505 compererunt

301 2513 336 2542 et
368 2509 596 2544 dIstinxerunt
626 2510 661 2542 in
694 2520 839 2549 menses,
875 2508 921 2549 II,
951 2506 974 2541 4

299 2557 369 2588 not.
393 2575 439 2580 —
470 2555 550 2589 anni
574 2555 662 2589 ratio
694 2555 783 2597 apud
810 2555 974 2597 Graecos,

300 2599 330 2640 I,
354 2600 400 2633 32
423 2605 494 2635 not.
529 2602 609 2638 coll.
640 2601 687 2643 ΙΙ,
712 2601 746 2636 4.
783 2601 873 2644 apud
906 2600 974 2634 Ae-

788 218 820 255 1.
853 218 1016 255 INDEX
1047 218 1241 256 RERUM.

1088 326 1243 370 gyptios,
1266 328 1318 370 11,
1345 328 1368 362 4
1399 331 1470 362 not.
1503 328 1594 372 apud
1626 328 1761 371 Persas,

1089 373 1149 413 III,
1175 373 1232 406 90.
1256 374 1335 407 anni
1360 375 1533 408 humanae
1557 374 1649 407 vitae
1679 386 1761 417 1.xx,

1088 418 1117 456 I,
1142 418 1200 451 32.
1225 419 1305 452 anni
1340 420 1432 453 vitae
1464 420 1692 463 Aethiopum,
1725 426 1762 455 et

1087 464 1287 505 Persarum,
1320 465 1382 507 Ill,
1418 466 1474 498 22.
1501 466 1557 501 23.
1580 485 1627 490 -—
1652 477 1762 500 anno-

1086 521 1166 543 rum
1190 522 1248 544 xv,
1281 511 1393 544 millia
1425 522 1446 545 a
1471 513 1621 556 Dionyso
1646 513 1689 545 ad
1713 513 1761 545 A-

1087 556 1200 634 }nasiii
1230 568 1349 600 regem
1371 562 1554 592 numerant
1583 558 1760 603 Aegyptii,

1109 603 1131 642 l,
1157 604 1173 634 Ἰ
1202 601 1234 635 ’5.

1042 648 1210 680 Annnlmn
1232 647 1460 691 signatorium
1485 652 1621 692 gestant
1638 649 1760 693 Baby-

1088 695 1172 727 lonii
1195 694 1344 738 singuli,
1371 695 1395 734 I,
1416 694 1494 728 195.
1526 695 1671 728 annulus
1693 695 1759 728 Po-

1086 740 1231 783 lycratis
1255 740 1475 783 signatorius,
1503 741 1565 782 Ill,
1588 741 1644 774 41.

1040 787 1215 830 Anopaea,
1249 787 1372 819 semita
1397 790 1430 818 et
1457 798 1555 820 mons
1583 787 1627 820 ad
1651 787 1760 822 Ther-

1086 833 1255 876 mopylas,
1280 833 1352 872 ΠΙ,
1376 832 1456 865 216.

1040 880 1181 911 Anseres
1216 883 1411 911 mactantur
1442 879 1478 911 in
1509 878 1681 923 Aegypto,
1712 878 1760 920 ΙΙ,

1085 924 1130 957 45
1147 925 1192 957 cf.
1216 935 1245 957 c.
1270 924 1326 957 37.

1039 970 1217 1011 Antacaez‘,
1242 974 1316 1004 cete
1336 969 1491 1014 ingentia
1507 969 1558 1003 sic
1578 969 1683 1011 dicta,
1699 969 1758 1011 IV,

1086 1016 1132 1048 53
1155 1021 1227 1049 not.

1039 1063 1261 1105 Antan-oras,
1294 1060 1529 1106 Hegetoridae
1552 1064 1671 1104 pater,
1695 1061 1758 1102 IX,

1085 1108 1163 1140 176.

1039 1154 1238 1186 Antandrns
1262 1147 1532 1194 (”Λντανδροςή
1550 1151 1759 1195 Πελασγὶς),

1085 1200 1158 1239 ΠΙ,
1190 1198 1236 1231 42
1268 1203 1337 1232 not.
1369 1199 1403 1231 in
1433 1198 1576 1231 Troade
1598 1203 1691 1233 terra
1714 1200 1759 1232 ab

1085 1245 1198 1278 Otane
1221 1250 1332 1287 capta,
1357 1246 1397 1287 V,
1420 1244 1465 1277 26
1489 1249 1558 1277 not.

1038 1293 1186 1324 Anthela
1211 1302 1289 1334 opp.
1314 1291 1357 1323 ad
1381 1291 1660 1334 Thermopylas,
1682 1290 1759 1332 VII,

1086 1337 1166 1370 176.
1191 1337 1240 1369 ibi
1274 1337 1544 1381 Amphictyones
1573 1338 1668 1370 sedes
1692 1338 1760 1370 ha-

1085 1384 1177 1423 bent,
1201 1383 1270 1415 200
1294 1387 1362 1417 not.

1038 1430 1225 1463 Anthemus
1249 1440 1328 1472 opp.
1354 1428 1506 1472 Hippiae
1523 1428 1692 1472 oblatum,
1716 1427 1759 1469 V,

1084 1476 1131 1508 9-1
1156 1480 1223 1508 not.
1249 1475 1293 1512 Τ,
1319 1475 1367 1507 III
1392 1487 1423 1518 p.
1449 1474 1527 1509 816.

1037 1522 1215 1565 Anthylla,
1237 1521 1320 1554 urbs
1345 1521 1379 1553 in
1404 1521 1636 1554 calceamenta
1657 1519 1759 1553 datur

1083 1568 1182 1600 uxori
1209 1567 1282 1599 eius
1307 1567 1366 1609 qui
1390 1567 1426 1600 in
1449 1567 1608 1611 Aegypto
1622 1569 1758 1611 regnat,

1084 1613 1128 1652 ΙΙ,
1154 1612 1210 1645 98.
1238 1614 1282 1645 cf.
1308 1617 1378 1647 not.

1037 1660 1240 1691 Antichares
1264 1658 1441 1699 Eleonius,
1465 1658 1504 1698 V,
1528 1658 1586 1694 43.

1036 1706 1202 1748 Anticyra
1226 1705 1320 1746 urbs,
1346 1705 1420 1746 VII,
1448 1703 1514 1737 198
1539 1708 1609 1738 not.
1639 1702 1721 1736 213.

1035 1751 1220 1783 Antidorns
1235 1750 1397 1783 Lemnius
1418 1761 1439 1782 a
1458 1751 1572 1783 Xerxe
1590 1749 1632 1784 ad
1645 1750 1756 1783 Grae-

1082 1807 1140 1829 cos
1164 1796 1363 1839 transfugit,
1387 1796 1479 1837 VIII,
1503 1796 1559 1830 11.

1035 1843 1193 1885 Antilope
1216 1842 1251 1875 in
1275 1843 1398 1886 Libya,
1424 1842 1483 1884 lv,
1502 1842 1569 1875 191
1592 1844 1664 1876 not.
1687 1840 1757 1874 192

1081 1894 1150 1921 not.

1035 1934 1230 1975 Antiochus,
1254 1933 1435 1966 Tisameni
1465 1937 1575 1976 pater,
1608 1932 1670 1973 lx,
1696 1931 1756 1968 33.

1035 1981 1229 2023 Antipater,
1248 1980 1353 2023 Orgis
1371 1980 1432 2020 fil„
1457 1979 1599 2012 Thasiis
1618 1979 1756 2011 demon-

1080 2031 1166 2060 strat
1190 2026 1226 2058 in
1257 2037 1400 2059 coenam
1427 2025 1531 2059 Xerxi
1563 2023 1756 2068 praebitam

1081 2084 1172 2107 cccc.
1201 2072 1329 2106 talenta
1363 2083 1438 2105 esse
1470 2071 1657 2114 insumpta,
1680 2070 1753 2110 VII,

1034 2165 1278 2207 Antiphemus,
1310 2162 1513 2196 Lindiorum
1547 2162 1634 2204 dux,
1678 2161 1754 2203 VII,

1080 2209 1148 2242 153
1172 2213 1240 2241 noh

1033 2257 1178 2288 Antrum
1212 2254 1411 2298 Corycium,
1445 2253 1537 2294 VIII,
1571 2252 1628 2286 36.
1653 2256 1753 2287 antra

1079 2300 1251 2343 mysteriis
1292 2300 1507 2333 celebrandis
1552 2299 1753 2342 inserviunt,

1078 2347 1137 2387 lv,
1160 2345 1206 2379 95
1230 2349 1298 2379 not.

1031 2404 1160 2436 Anubis
1184 2406 1254 2435 not.
1279 2402 1323 2436 ad
1346 2402 1390 2443 ΙΙ,
1413 2401 1471 2435 67.

1030 2461 1163 2505 Anysis,
1188 2471 1247 2493 rex
1270 2460 1436 2503 Aegypti,
1466 2469 1642 2492 successor
1663 2457 1751 2502 Asy-

1077 2507 1163 2548 chis,
1202 2517 1341 2545 caecus3
1383 2517 1404 2539 a
1437 2504 1573 2538 Sabaeo
1607 2505 1751 2538 Aethio-

1076 2565 1159 2597 pum
1187 2564 1270 2596 rege
1303 2562 1411 2595 regno
1446 2557 1577 2592 exutus,
1613 2551 1657 2590 ΙΙ,
1682 2549 1750 2583 137

1077 2603 1147 2633 not.
1173 2598 1294 2632 deinde
1317 2598 1356 2633 L.
1381 2602 1458 2641 post
1481 2596 1578 2632 annis
1599 2607 1747 2642 regnum

281 2824 290 2831 ·
350 2778 385 2822 *J
410 2781 491 2813 Vid.
512 2782 660 2816 Exercit.
678 2782 722 2816 de
740 2781 897 2828 Angariis
912 2782 1007 2817 Vett.
1026 2780 1186 2825 praeside
1200 2781 1238 2815 Β.
1260 2777 1461 2824 Stolbergio
1480 2777 1525 2812 ab
1542 2776 1624 2811 Abr.
1642 2774 1746 2810 Calo-

259 2835 313 2858 vlo
336 2827 586 2873 (VVittenberg.
608 2830 709 2873 1680)
729 2841 805 2874 cap.
825 2831 869 2863 Ill
893 2829 924 2874 ᾗ.
942 2830 963 2864 7
985 2839 1079 2872 seqq·
