1839 3292
394 177 479 223 316
798 179 1261 221 HERODOTI

367 286 682 340 Ξπεντάεθλον,
710 288 758 330 ἐκ
787 286 1051 343 προκλήσιος
1082 287 1303 342 ἐφόνευσε.
1335 291 1470 335 αὐτόν
1500 291 1547 336 δὲ
1567 297 1664 337 Σω-

393 354 537 411 φάνεα
565 355 710 412 χρόνῳ
740 355 925 408 ὕστερον
956 354 1128 398 τούτων
1156 357 1393 412 κατέλαβε,
1424 360 1564 413 ἄνδρα
1592 377 1663 417 γε·
1677 370 1723 404 80

392 422 582 478 νόμενον
630 421 817 478 ἀγαθὸν,
845 421 1088 478 Ἀθηναίων
1118 427 1434 480 στρατηγέοντα
1463 427 1554 483 ἅμα
1583 433 1665 473 Λε-

395 491 515 549 άγρῳ
569 491 630 545 τῷ
677 489 966 542 Γλαύκωνος,
1033 491 1276 536 ἀποθανεῖν
1327 491 1415 538 ὑπὸ
1461 493 1667 540 Ἠδωνῶν

395 558 445 601 ἐν
482 556 616 614 Δάτῳ
654 558 754 613 περὶ
797 562 885 602 τῶν
923 557 1146 615 μετάλλων
1175 564 1265 604 τῶν
1292 561 1487 617 χρυσέων
1514 565 1666 620 μαχεό-

394 642 543 683 μενον.

505 694 583 746 Ὡς
611 694 658 738 δὲ
686 698 801 739 τοῖσι
817 693 993 752 ’Ἕλλησι
1027 696 1074 739 ἐν
1095 698 1342 753 Πλαταιῇσι
1372 697 1668 752 κατέστρωντο

403 765 448 808 οῖ
476 763 708 821 βάρβαροι,
738 762 933 808 ἐνθαῦτά
969 774 1048 820 σφι
1077 762 1237 821 ἐπῆλθε
1265 764 1378 820 γυνὴ
1410 763 1724 822 αὐτόμολος·85

271 691 340 737 76

66 764 128 792 coa
144 761 262 790 muner.
279 758 344 785 He-

63 796 222 836 getoridao
255 793 330 828 filia,

342 978 400 1017 92
426 976 514 1012 coll.
540 974 612 1020 IX,
635 975 688 1014 33
719 979 755 1010 et
783 973 948 1011 Pausan.
974 974 1005 1021 1,

343 1034 399 1074 29
423 1034 460 1078 §.
475 1030 516 1071 4.
564 1033 622 1068 De
644 1030 837 1067 locutione
849 1028 891 1068 ἐκ
906 1044 1007 1080 προ-

343 1085 507 1139 κλήσιος
535 1088 636 1126 conf.
653 1094 749 1126 nott.
771 1084 819 1123 ad
847 1087 893 1134 V,
926 1089 945 1125 1
971 1092 1008 1123 et

345 1143 395 1182 de
423 1145 547 1183 verbis
572 1140 697 1196 χρόνῳ
717 1139 884 1191 ὕστερον
913 1138 1009 1181 τού-

345 1217 427 1241 των
456 1208 540 1239 nott
561 1200 610 1238 ad
629 1201 697 1248 IX,
720 1198 794 1247 643
821 1198 868 1235 de
884 1199 1006 1236 verbis

347 1255 476 1307 ἄνδρα
495 1254 711 1311 γενόμενον
730 1252 885 1308 οἷγαθὸν
912 1262 1008 1294 nott.

347 1314 395 1352 ad
426 1317 495 1363 IX,
527 1317 594 1355 71.
652 1312 790 1351 Incidit
819 1311 1009 1363 Soplianis

346 1385 449 1409 mors
470 1373 510 1408 in
531 1369 745 1423 Olympiad.
760 1371 928 1406 LXXXI
939 1383 1009 1405 ex—

345 1436 503 1465 euntem
522 1442 552 1468 S.
573 1428 654 1468 453
672 1440 703 1466 a.
716 1425 804 1465 Chr.
824 1440 864 1463 n.
886 1439 1007 1478 quum

344 1484 599 1523 Athenienses
629 1484 698 1521 sub
721 1482 902 1520 archonte
925 1484 1007 1534 Ly-

344 1543 490 1581 sistrate
519 1543 658 1578 iterum
688 1542 883 1577 mitterent
902 1541 1008 1576 colo-

345 1612 428 1648 nos,
467 1599 631 1635 Eionem
660 1599 726 1650 qui
766 1603 1007 1647 occuparent,

346 1663 390 1693 ut
420 1657 517 1692 bene
531 1662 638 1692 notat
667 1655 914 1704 Wesseling„
946 1654 1009 1690 cui

347 1712 437 1751 add.
465 1710 646 1752 Larcher.
675 1712 753 1749 tab.
783 1709 1008 1760 chronolog.

344 1783 387 1821 p.
416 1769 512 1810 655.
569 1768 633 1805 Ad
665 1767 828 1805 eandem
857 1766 1009 1804 cladem

345 1833 517 1878 spectant
529 1826 604 1862 loci
614 1826 825 1862 Pausaniae
846 1825 868 1863 l.
882 1825 905 1860 l.
925 1821 1009 1874 (ubi

346 1883 426 1921 vid.
448 1884 606 1921 Siebelis
625 1897 664 1934 p.
696 1883 807 1931 106),
836 1881 1008 1917 Isocratis

346 1942 407 1978 De
436 1953 520 1991 pac.
543 1941 579 1985 ξ.
600 1942 652 1979 86
690 1939 778 1984 (ubi
799 1935 1010 1988 legendum

348 1996 394 2037 ἓν
403 1994 522 2050 Δάτῳ
539 2003 692 2033 auctore
703 1997 868 2042 Baitero,
893 2007 1011 2046 quem

347 2053 427 2094 vid.
456 2053 581 2092 Praef.
604 2052 664 2090 ed.
689 2054 801 2090 Isocr.
817 2053 1010 2102 Panegyr.

347 2125 385 2162 p.
402 2111 477 2160 IX)
499 2109 720 2161 Thucydid.
748 2111 777 2158 I,
802 2110 894 2149 100.
914 2109 1010 2144 Dio-

349 2168 434 2206 dor.
465 2169 544 2209 Sic.
574 2168 662 2214 XII,
692 2168 759 2208 68.
816 2163 1011 2216 Quiquod

348 2224 566 2263 Drabescam
594 2223 709 2261 cladis
729 2224 860 2260 locum
880 2220 1010 2258 decla-

347 2288 446 2327 rant,
466 2294 547 2318 non
567 2281 733 2317 multum
763 2279 889 2326 refert,
912 2290 1012 2330 quo-

347 2340 454 2376 niam
464 2337 662 2375 Drabescus
684 2344 719 2373 et
739 2336 859 2373 Datus
875 2334 1012 2372 eadem

347 2395 428 2432 fere
447 2396 487 2431 iu
507 2395 664 2444 regione
683 2394 775 2430 sitae
806 2398 913 2428 erant
932 2404 1012 2428 non

350 2453 519 2489 multum
530 2450 710 2488 distantes
722 2456 815 2487 teste
832 2449 1013 2486 strabon.

350 2510 419 2546 vll
440 2509 507 2546 fin.
536 2509 757 2558 Harpocrat.
779 2520 809 2544 S.
824 2519 862 2544 v.
884 2500 1015 2551 Δάτος

352 2567 439 2602 coll.
469 2564 579 2603 Suid.
608 2566 626 2601 I
646 2578 682 2615 p.
705 2564 804 2613 511)
832 2561 1013 2613 idemque

351 2623 540 2672 proelium
561 2621 710 2659 diverso
738 2618 857 2657 modo
879 2619 1015 2669 appel-

353 2680 450 2715 latur
466 2692 487 2715 a
505 2679 761 2729 scriptoribus.
793 2679 849 2713 De
870 2688 947 2728 quo
964 2675 1014 2712 cf.

351 2733 488 2785 Spohn
518 2735 567 2771 ad
587 2738 742 2772 Isocrat.
761 2735 954 2784 Panegyr.
975 2733 1014 2778 ξ.

357 2791 446 2832 142.
498 2791 671 2829 Drabesci
708 2804 853 2829 nomen
887 2787 1013 2827 adhuc

1062 973 1216 1011 retineri
1227 974 1266 1010 in
1277 974 1350 1012 vici
1364 973 1540 1013 Sclravitz
1550 974 1722 1022 nomine,

1064 1044 1112 1066 ex
1143 1043 1208 1067 ore
1243 1030 1514 1083 archiepiscopi
1553 1030 1724 1068 Thessa-

1062 1087 1262 1124 lonicensis
1327 1089 1456 1125 retulit
1511 1087 1722 1138 Cousinery

1063 1144 1220 1194 Voyage
1237 1157 1285 1180 en
1296 1143 1444 1182 Maced.
1459 1146 1538 1195 IIp.
1552 1144 1601 1185 51
1617 1157 1628 1192 3
1657 1144 1726 1195 qui

1063 1199 1170 1237 idem
1188 1201 1420 1251 suspicatur,
1455 1202 1584 1238 vicum
1605 1213 1726 1252 quen-

1066 1256 1156 1294 dam
1177 1259 1320 1308 campis
1348 1256 1613 1308 Philipporum
1639 1269 1728 1307 pro..

1063 1315 1228 1362 ximum,
1241 1315 1302 1350 cui
1316 1327 1459 1351 nomen
1475 1314 1724 1351 Palaeochori

1066 1371 1107 1419 (i.
1128 1384 1162 1408 e.
1185 1373 1335 1422 antiqua
1356 1371 1468 1419 urbs),
1505 1371 1724 1408 successisse

1064 1428 1104 1464 in
1124 1429 1254 1465 locum
1269 1429 1405 1466 veteris
1422 1427 1526 1465 Dati.
1578 1429 1724 1464 Datum

1061 1497 1152 1522 vero
1190 1486 1282 1522 olim
1325 1485 1523 1522 Satrarum
1568 1490 1727 1535 gentem

1064 1540 1129 1587 (de
1162 1554 1236 1593 qua
1265 1540 1344 1581 vid.
1375 1542 1455 1589 VII,
1488 1543 1581 1581 110.
1615 1540 1728 1589 111)

1063 1599 1227 1635 tenuisse
1242 1627 1251 1645 ,
1279 1596 1385 1634 idem
1415 1597 1565 1634 efficere
1587 1597 1670 1634 vult
1688 1597 1727 1633 Π

1062 1667 1100 1706 p.
1130 1657 1197 1695 97.
1219 1655 1287 1694 98.
1307 1676 1363 1683 —-
1401 1655 1459 1691 De
1480 1653 1624 1691 Edonis
1646 1652 1726 1690 dixi

1062 1713 1102 1748 in
1123 1718 1218 1748 nott.
1240 1710 1288 1748 ad
1308 1711 1353 1760 V,
1379 1714 1444 1751 11.
1475 1731 1532 1739 —
1588 1710 1727 1760 Leagri

1064 1768 1162 1805 silius
1186 1762 1383 1807 Γλαύκων
1405 1766 1430 1807 ό
1451 1763 1639 1818 Λεάγρου
1665 1773 1726 1803 te-

1064 1833 1120 1862 ste
1164 1823 1451 1873 Valckenaerio,
1490 1829 1725 1860 memoratur

1065 1880 1287 1933 Thucydid.
1304 1883 1333 1929 I,
1352 1881 1420 1922 51.
1448 1881 1506 1917 Ac
1515 1880 1722 1917 Pausanias

1066 1951 1220 1990 quoque
1236 1939 1261 1974 l.
1277 1938 1303 1974 l.
1324 1937 1508 1987 Leagrum
1528 1938 1726 1990 copiarum

1066 1994 1209 2033 indicat
1229 1993 1381 2035 ducem.

1248 2085 1342 2136 cap.
1362 2083 1540 2122 LXXVI.

1122 2161 1406 2215 κατέστρωντο]
1438 2161 1525 2200 vid.
1553 2168 1650 2199 nott.
1679 2159 1728 2198 ad

1066 2221 1166 2270 VIII,
1184 2221 1250 2261 52.
1267 2221 1406 2257 Pollux
1424 2221 1493 2267 IX,
1510 2219 1600 2260 153.
1622 2220 1728 2264 Quae

1066 2279 1237 2329 sequitur
1275 2276 1322 2313 de
1361 2277 1521 2313 muliere
1559 2274 1728 2323 historia,

1069 2347 1154 2371 eam
1168 2335 1206 2370 iu
1218 2334 1397 2384 pauciora
1410 2339 1643 2370 contractam
1656 2344 1729 2368 ex-

1068 2389 1174 2428 hibet
1193 2392 1357 2427 Pausan.
1378 2390 1444 2437 ΙΙΙ,
1465 2389 1491 2430 4
1524 2391 1559 2434 ξ.
1580 2391 1619 2430 7.
1662 2389 1729 2425 Tu

1069 2448 1120 2485 cf.
1141 2448 1290 2484 Miiller.
1310 2448 1499 2497 Aeginett.
1519 2458 1607 2496 pag.
1636 2446 1731 2485 126.

1068 2506 1128 2541 De
1150 2504 1379 2541 Pltarandate
1400 2503 1449 2544 cf,
1469 2503 1550 2550 VII,
1571 2504 1639 2543 79.
1681 2502 1727 2537 Iu

1070 2563 1191 2611 ipsam
1219 2574 1355 2597 vocem
1385 2560 1578 2612 inquisivit
1605 2570 1727 2608 nuper

1071 2619 1173 2655 Pott.
1189 2618 1359 2668 Etymol.
1380 2614 1535 2656 Forsch,
1554 2630 1593 2667 p.
1609 2614 1727 2654 XLV.

1070 2675 1154 2720 Quzi
1182 2674 1342 2711 indicari
1375 2674 1503 2711 statuit
1531 2686 1555 2709 a
1574 2672 1727 2709 Beleram

1072 2732 1159 2784 (qui
1188 2739 1242 2768 est
1269 2744 1367 2768 unus
1397 2744 1417 2766 e
1447 2730 1567 2780 geniis
1595 2729 1726 2764 Persa-

1071 2802 1182 2837 rum,
1226 2787 1334 2826 Izeds
1366 2787 1532 2833 vocatis)
1590 2784 1726 2821 datum.
