1839 3292
238 626 303 671 19

28 689 139 717 Graeci
157 689 194 717 ad
214 690 306 717 Eleu-

27 724 121 750 sinem
141 724 271 757 undique

27 756 145 784 collecti
158 778 166 790 ,
186 758 255 784 inde
273 758 305 785 ἰιι

28 790 183 817 Boeotiam
211 800 271 818 mo-

27 828 109 850 vent:
126 824 173 850 ubi
185 828 307 859 propter

27 856 175 891 Erythras
209 858 297 885 exad-

28 898 134 917 versus
154 891 301 918 barbaros

28 930 130 954 castra
140 929 299 954 metantur.

358 176 441 217 232

757 175 1223 213 HERODOTI

359 286 621 338 ,,Θαρσεέτε,
654 279 688 327 ὦ
725 284 916 333 Φωκέες·
953 281 1109 335 ἄνδρες
1136 283 1221 337 γάρ
1255 283 1441 340 ἐφάνητε
1474 284 1646 336 ἐόντεςι

327 352 571 408 4,,ἀγαθοὶ,
603 350 683 394 οὐκ
714 351 771 401 ὠς
802 351 884 405 ἐγώ
914 349 1239 404 ἐπυνθανόμην.

1299 351 1372 394 καὶ
1400 356 1485 395 νῦν
1514 368 1621 407 προ-

358 420 542 474 ,,θυ’μως
583 417 733 473 φέρετε
772 416 851 460 τὸν
892 417 1084 474 πόλεμον
1122 420 1304 460 τοῦτον·
1353 417 1621 476 εὐεργεσίῃσι

365 489 481 543 ,,γοὶρ
514 486 568 529 οὐ
598 484 793 540 νικήσετε
818 485 916 528 οὔτε
948 481 1011 528 ὦν
1041 485 1136 540 ἐμὲ,
1170 483 1272 528 οὔτε
1302 487 1521 540 βασιλέα.“
1557 488 1621 531 Τὰ

356 555 454 610 περὶ
487 553 678 596 Φωκέων
708 553 786 607 μὲν
816 553 858 605 ἐς
887 558 1074 597 τοσοῦτο
1105 553 1286 608 ἐγένετο.
1621 563 1643 598 5

474 620 811 676 Λακεδαιμόνιοι
843 622 915 674 δὲ,
957 622 1016 673 ὠς
1052 622 1094 673 ἐς
1133 621 1211 665 τόν
1246 620 1424 676 Ἰσθμόν
1465 616 1620 676 ἦλθον,

363 690 411 733 ἐν
439 688 581 747 τούτῳ
615 689 1045 743 ἐστρατοπεδεύοντο.
1085 689 1419 744 πυνθανόμενοι
1450 689 1496 732 δὲ
1525 694 1625 733 ταῦ-

362 774 415 801 τα
444 759 486 801 οἱ
515 758 662 801 λοιποὶ
694 756 1046 812 Πελοποννήσιοι
1086 763 1199 801 τοῖσι
1238 757 1290 800 τοὶ
1329 757 1490 812 ἀμείνω
1523 757 1624 801 έάν-

365 827 492 876 δανε,
525 827 566 868 οἵ
596 825 641 868 δὲ
670 826 742 869 καὶ
773 826 971 880 ὁρέοντες
999 824 1189 878 ἐξιόντας
1209 824 1508 880 Σπαρτιήτας,
1540 824 1624 869 ov'x

328 893 579 937 Ξέδικαίευν
608 895 832 937 λείπεσθαι
857 899 932 950 τῆς
961 894 1114 946 ἐξόδου
1145 895 1514 949 Λακεδαιμονίων.
1553 891 1625 938 Ἐκ
1639 901 1683 936 10

361 961 413 1016 δὴ
446 957 508 1004 ὦν
523 965 602 1004 τοῦ
629 962 819 1017 Ἰσθμοῦ,
842 962 1222 1017 καλλιερησάντων
1252 965 1340 1004 τῶν
1370 963 1503 1015 ἱρῶν,
1530 961 1626 1005 ἐπο-

330 1028 546 1083 3ρεύοντο
577 1028 746 1079 πάντες,
775 1030 850 1072 καὶ
870 1027 1151 1072 ἀπικνέονται
1170 1029 1212 1082 ἐς
1238 1027 1471 1073 Ἐλευσῖνα.
1502 1030 1625 1087 ποιή-

366 1108 523 1146 σαντες
560 1096 605 1139 δὲ
644 1097 718 1139 καὶ
755 1096 950 1140 ἐνθαῦτα
980 1095 1075 1150 ἱρὰ,
1119 1096 1177 1147 ὥς
1214 1109 1293 1152 σφι
1323 1097 1626 1153 ἐκαλλιερέετο,

363 1163 511 1216 πρόσω
542 1164 833 1219 ἐπορεύοντο·
865 1163 1092 1221 Ἀθηναῖοι
1121 1164 1166 1208 ὁὲ
1197 1165 1286 1220 ἅμα
1317 1164 1507 1217 αὐτοῖσι,
1539 1169 1630 1209 δια-

365 1230 519 1287 βάντες
549 1232 628 1288 μὲν
657 1233 704 1277 ἐκ
735 1237 1012 1286 Σαλαμῖνος,
1043 1232 1324 1289 συμμιγέντες
1354 1235 1397 1277 δὲ
1427 1233 1473 1277 ἐν
1491 1232 1630 1278 Ἐλευ-

333 1302 468 1342 4σῖνι.
523 1297 598 1352 Ὡς
628 1301 674 1346 δὲ
705 1299 789 1357 ἄρα
828 1300 1039 1346 ἀπίκοντο
1077 1306 1154 1357 τῆς
1186 1303 1398 1359 Βοιωτίης
1430 1300 1474 1353 ἐς
1494 1300 1626 1359 Ἐρυ-
1639 1309 1682 1345 15

311 1505 453 1557 ἔχουσι,
477 1507 581 1559 quod
592 1505 867 1546 Valckenaerio
880 1521 971 1560 pro-

310 1563 392 1600 bari
411 1563 536 1602 video.

365 1618 587 1672 προθύμως
600 1619 779 1672 φέρετεᾙ.
794 1635 827 1662 e.
840 1622 970 1671 sedulo,

307 1680 475 1725 gnaviter
485 1679 754 1716 sustinetelwcce
771 1679 908 1727 bellum,
929 1687 972 1717 ut

309 1734 381 1781 IX,
397 1734 463 1774 40.
485 1735 588 1780 Quae
604 1736 784 1772 continuo
800 1749 971 1787 sequun-

311 1797 372 1827 tur
403 1792 538 1828 verba:
567 1788 807 1846 εὐεργεσίῃσι
828 1791 901 1845 γτὶρ
923 1789 972 1832 ου’

312 1842 492 1897 νικήσετε
505 1845 594 1886 οὕτε
606 1843 663 1886 ὦν
679 1847 745 1898 ἐμὲ
755 1845 844 1887 οὔτε
859 1851 973 1899 βασι-

311 1902 379 1942 λέα
390 1916 434 1940 eo
447 1906 648 1954 pertinent,
663 1904 764 1956 quod
781 1906 819 1941 iu
846 1907 974 1942 maxi-

311 1961 383 1996 mis
395 1958 604 1998 habebatur
623 1975 758 2012 regum
772 1963 975 1999 Persarum

311 2016 443 2054 officiis
463 2018 647 2054 beneficia
668 2025 821 2069 accepta
844 2033 975 2056 remu-

311 2074 450 2113 nerari.
509 2076 566 2110 De
607 2087 682 2126 quo
717 2075 796 2113 vid.
832 2074 975 2113 Herod.

311 2131 387 2176 111,
422 2129 513 2170 140.
537 2132 697 2179 160.V‚
730 2134 794 2171 11.
824 2134 887 2180 Vl,
908 2135 975 2189 39·

312 2187 383 2223 VII
396 2216 406 2234 ‚
447 2186 537 2227 194.
588 2188 676 2224 Vim
715 2191 874 2226 voculae
905 2190 974 2238 niv,

312 2255 412 2294 quae
432 2245 645 2292 negationis
665 2246 745 2282 vim
760 2253 885 2296 auget,
901 2258 975 2283 no-

313 2300 407 2336 tavit
464 2300 647 2337 VVentzel
688 2304 745 2337 De
800 2315 971 2353 praepos.

309 2357 420 2393 tmesi
440 2368 500 2406 ap.
522 2356 665 2397 Herod.
688 2370 773 2408 pag.
799 2362 852 2399 30
869 2388 879 2405 ‚
907 2359 972 2395 ubi

309 2413 426 2450 etiam
447 2414 536 2450 citat
553 2415 592 2462 Ι,
614 2413 682 2455 46.
719 2415 808 2463 VH,
842 2414 934 2455 140.

529 2503 621 2555 Cap.
655 2505 764 2543 XIX.

374 2576 447 2620 οὐκ
472 2581 686 2632 ἐδικαίευν]
716 2586 773 2621 De
795 2581 868 2622 hoc
888 2598 976 2621 ver-

318 2636 367 2673 bo
406 2638 483 2675 vid.
517 2647 614 2677 nott.
647 2640 696 2677 ad
733 2642 839 2688 Vlll,
874 2644 992 2689 1263-

319 2692 368 2729 de
396 2696 511 2731 verbo
549 2699 768 2749 καλλιερεῖν
810 2697 889 2734 dixi
926 2697 975 2735 ad

319 2750 387 2787 V11
398 2779 408 2798 ‚
444 2750 536 2791 134.
574 2752 686 2790 Unde
717 2755 804 2792 satis
833 2755 976 2805 perspi-

1029 1508 1138 1557 citur,
1168 1508 1270 1545 male
1296 1506 1334 1549 h.
1364 1509 1390 1546 l.
1414 1510 1551 1561 corrigi
1569 1508 1689 1562 ἷρὲων

1027 1578 1096 1616 pro
1134 1564 1255 1616 ἱρῶν,
1283 1572 1326 1602 ut
1351 1567 1544 1604 sacerdotes
1572 1568 1688 1604 intel-

1026 1623 1215 1672 ligantur,
1238 1636 1317 1660 nou
1336 1625 1520 1671 victimae,
1551 1625 1687 1675 quibus

1027 1680 1114 1716 solis
1142 1678 1203 1716 hic
1223 1686 1277 1716 est
1296 1680 1415 1718 locus.
1447 1680 1561 1718 Haud
1581 1682 1689 1718 aliter

1026 1748 1121 1772 mox
1149 1735 1244 1773 dixit
1290 1731 1356 1788 ἷροέ
1389 1750 1418 1773 s·
1451 1734 1538 1788 ἱεροὶ
1558 1741 1689 1777 ποιεῖν

1029 1806 1134 1830 sacra
1167 1792 1316 1842 facere,
1369 1795 1591 1844 sacrficare:
1640 1793 1689 1831 de

1031 1862 1107 1900 quo
1134 1849 1212 1887 vid.
1242 1857 1338 1887 nott.
1373 1849 1422 1886 ad
1453 1852 1524 1898 VI,
1559 1851 1612 1891 57
1653 1857 1691 1888 et

1029 1905 1225 1945 Lambert.
1260 1908 1347 1943 Bos.
1382 1908 1515 1958 Ellips,
1546 1909 1592 1946 L.
1625 1909 1691 1946 Gr.

1029 1975 1119 2013 pag.
1136 1965 1230 2003 200.
1283 1962 1394 2008 Quod
1420 1977 1510 2001 vero
1530 1963 1693 2001 Bekke-

1032 2032 1096 2056 rus
1128 2018 1255 2068 dedit,
1296 2016 1351 2066 ὥς
1382 2033 1454 2069 σφι
1485 2020 1693 2072 ἐκαλλίρεε,

1031 2072 1085 2115 τὸ
1128 2072 1263 2125 πρόσω
1301 2074 1563 2127 ἐπορεύοντο,
1600 2077 1641 2115 id
1671 2091 1692 2114 e

1033 2132 1211 2169 Siivernii
1231 2133 1340 2169 fluxit
1361 2135 1597 2182 coniectura3
1617 2147 1690 2172 nec

1031 2201 1122 2226 vero
1138 2190 1265 2239 scripti
1295 2190 1380 2226 libri
1405 2189 1599 2227 addicunt.

1086 2243 1155 2291 Ὡς
1185 2243 1227 2283 δὲ
1248 2242 1324 2294 ἄρα
1349 2241 1540 2286 α’πίκοντο
1566 2268 1618 2274 —-
1649 2245 1690 2294 ἔς

1029 2297 1250 2352 Ἐρυθρὰς]
1276 2304 1350 2338 Pro
1380 2300 1432 2349 ὥς
1466 2301 1507 2341 δὲ
1537 2317 1626 2340 cum
1651 2305 1693 2340 in

1029 2358 1220 2394 Saucrol'ti
1247 2358 1377 2396 codice
1394 2367 1513 2397 exstet
1548 2358 1599 2399 ἐκ
1627 2358 1691 2408 δὲ,

1028 2413 1418 2464 Schweighaeuserus
1481 2419 1693 2468 suspicatur

1026 2472 1210 2522 scriptum
1229 2473 1340 2509 fuisse
1363 2471 1459 2521 ἐπεὶ,
1494 2474 1693 2511 conferens

1030 2529 1108 2572 IX,
1142 2532 1219 2576 17⁷
1253 2530 1318 2565 ubi
1343 2531 1472 2567 similis
1508 2531 1693 2567 librorum

1030 2585 1256 2634 scriptorum
1272 2587 1452 2626 confusio.
1480 2588 1537 2623 De
1552 2587 1694 2638 Eryth-

1031 2643 1082 2678 ris
1103 2640 1181 2678 dixi
1203 2641 1251 2678 ad
1274 2644 1349 2691 IX,
1386 2646 1449 2683 17.
1480 2645 1592 2691 „Huc
1623 2644 1693 2692 (ait

1037 2697 1298 2745 Valet-en.)
1349 2707 1556 2752 autequam
1603 2713 1693 2736 cum

1032 2756 1187 2793 caeteris
1208 2757 1359 2794 Graecis
1380 2759 1552 2795 venirent
1566 2755 1691 2794 Athe-
