1839 3292
526 615 1123 676 HPoAOTOY

401 754 839 802 ΙΣΤΟΡΙΩΝ
944 755 1246 799 ΟΓΛΟΗ.

655 914 691 954 Ο
709 911 983 952 YPANIA.

95 1045 124 1089 1
186 1023 269 1082 Ol
293 1034 339 1077 δὲ
363 1032 627 1090 Ἑλλήνων’
611 1051 653 1085 ες
685 1032 764 1077 τὸν
804 1030 1015 1076 ναυτικὸν
1051 1028 1237 1084 στρατὸν
1266 1030 1453 1085 ταχθέν-

184 1118 272 1153 τες,
316 1096 430 1158 ἦσαν
462 1104 565 1146 οἵδε.
636 1101 860 1158 Ἀθηναῖοι
891 1116 990 1157 μεν,
1032 1098 1134 1148 νέας
1163 1096 1484 1153 παρεχόμενοιὸ
1513 1094 1595 1171 {19

185 1169 289 1214 ἑπτά
320 1171 392 1214 καὶ
424 1173 562 1215 εἴκοσι
591 1171 664 1214 καὶ
695 1168 873 1212 ἑκατόν·
917 1167 1004 1210 ὑπὸ
1037 1166 1083 1210 δὲ
1114 1164 1271 1221 ἀρετῆς
1302 1181 1346 1208 τε
1376 1165 1452 1209 καὶ
1542 1149 1709 1180 ”mmmm

1512 1178 1652 1220 deinceps
1688 1191 1738 1210 res

185 1241 435 1296 προθυμίης
465 1238 714 1290 Πλαταιέες,
747 1235 921 1294 ἄπειροι
949 1240 1026 1293 τῆς
1055 1238 1264 1291 ναυτικῆς
1295 1234 1452 1287 ἐόντες,
1511 1214 1789 1323 §ossfifggi‘igffissm

1510 1322 1557 1342 lus
1561 1320 1586 1343 tr
1591 1317 1717 1346 uxetint.

362 1413 478 1463 Cap.
520 1412 552 1449 Ι.

191 1525 246 1566 Oi
266 1525 306 1566 δὲ
328 1522 529 1576 Ἑλλήνων
543 1522 582 1571 ἒς
603 1520 675 1564 τόν
695 1538 792 1580 ναυ-

130 1581 242 1623 τικόν
258 1580 423 1635 στρατόν
439 1580 661 1632 ταχθέντες,
683 1582 790 1630 ἦσαν

133 1641 235 1690 οἶδε]
270 1642 328 1676 De
357 1640 550 1677 locutione
580 1637 792 1689 ταχθέντες

132 1697 172 1744 ἐς
200 1713 270 1737 τον
300 1712 334 1737 ν.
367 1692 530 1753 στρατὸν
565 1696 666 1734 conf.
698 1695 793 1730 alla-

132 1762 171 1792 ta
200 1753 248 1791 ad
268 1755 350 1802 VII,
374 1756 441 1793 21.
472 1765 578 1803 ἠσαν
605 1765 674 1803 pro
699 1751 794 1790 ε’σαν

133 1810 222 1849 dedi
260 1824 350 1848 cum
391 1808 618 1847 Gaisfordio.
683 1807 794 1854 Quod

133 1869 237 1906 idem
266 1868 340 1904 feci
369 1868 478 1914 VIII,
516 1869 556 1906 2.
587 1865 626 1906 5.
658 1868 696 1906 6.
730 1869 794 1906 10.

135 1929 200 1967 18.
234 1924 300 1965 24.
332 1928 397 1965 37.
428 1923 494 1964 46.
525 1922 592 1963 47.
629 1925 696 1962 69.
725 1924 793 1962 72.

134 1984 200 2022 86.
221 1983 286 2021 87.
312 1983 376 2022 93.
395 1982 574 2020 99.107.
592 1981 682 2019 110.
700 1981 792 2018 111.

136 2039 337 2078 113.129.
390 2037 447 2073 Cf.
476 2037 617 2072 Censor
643 2037 793 2072 lenens.

137 2097 243 2135 1828
260 2108 318 2131 nr.
347 2095 424 2134 186
446 2107 483 2144 p.
497 2092 562 2133 48.
596 2091 658 2128 Ad
679 2105 795 2142 argu-

135 2158 310 2187 mentum
351 2151 427 2187 loci
466 2149 559 2186 haec
599 2149 795 2199 adscripsit

138 2206 361 2256 Scliwez'glta
398 2206 665 2255 „Referuntur
698 2205 793 2242 haec

138 2263 186 2299 ad
216 2278 279 2312 ea,
288 2277 418 2321 quae
447 2265 535 2308 VH,
569 2266 653 2303 202
691 2262 793 2299 dicta

137 2328 242 2358 sunt:
275 2315 379 2373 ἦσαν
411 2319 452 2360 δὲ
479 2320 562 2360 οιδε
591 2314 791 2370 Ελληνων

141 2376 181 2414 οἱ
215 2373 344 2428 ὖπομε
328 2376 484 2424 ένοντες
522 2391 591 2415 τον
631 2376 793 2427 Πέρσην

141 2431 182 2471 ἐν
210 2431 333 2487 τούτῳ
372 2436 427 2487 τῷ
464 2445 602 2486 χωοωτ
651 2447 792 2483 nempe

143 2488 190 2524 ad
213 2489 470 2541 Thermopylas.
516 2491 668 2527 Scilicet
689 2488 793 2526 haud

143 2544 194 2579 ita
221 2548 350 2595 procul
384 2560 404 2583 a
430 2545 701 2597 Thermopylis
723 2548 794 2583 ab·

145 2607 223 2636 erat
260 2604 525 2640 Artemisium:
573 2605 678 2651 (Vll,
712 2602 791 2644 175

144 2658 256 2705 extr.)
287 2658 333 2694 ad
353 2658 630 2711 Thermopylas
662 2661 792 2710 copiae

143 2715 376 2750 Graecorum
411 2716 599 2766 pedestres
639 2717 793 2767 opposi-

142 2777 202 2806 tae
233 2778 320 2807 sunt
356 2772 493 2820 Xerxi3
545 2773 593 2810 ad
623 2774 793 2810 Artemi-

142 2827 260 2873 sium,
298 2828 429 2877 copiae
469 2830 631 2868 navales.
710 2831 792 2867 Iam

197 2886 419 2921 HERODOT.
439 2883 506 2922 IV.

844 1417 1061 1461 postquam,
1083 1421 1181 1460 quae
1201 1406 1249 1444 ad
1259 1406 1510 1460 Thermopy-

845 1468 900 1504 las
932 1465 1173 1513 acciderunt,
1211 1466 1386 1515 exposuit
1415 1467 1509 1501 scri—

846 1531 945 1575 ptor,
967 1536 1070 1560 nunc
1093 1522 1216 1573 pergit
1237 1521 1285 1558 ad
1308 1534 1509 1572 exponen-

850 1580 915 1618 das
936 1594 992 1617 res
1014 1579 1061 1616 ad
1077 1580 1326 1617 Artemisium
1347 1579 1509 1629 gestas.“

903 1632 1119 1687 Ἀθηναῖοι
1160 1633 1232 1686 μὲν
1247 1665 1257 1684 ,
1308 1635 1399 1682 νέας
1431 1651 1510 1675 πα·-

851 1689 1064 1744 ρεχόμενοι
1086 1690 1181 1732 {mci
1202 1691 1267 1731 καὶ
1292 1692 1417 1731 εἴκοσι
1442 1692 1512 1732 καὶ

852 1748 1011 1800 ἑκατόν]
1053 1752 1110 1786 Ita
1146 1763 1236 1786 cum
1277 1747 1511 1799 Schweigh„

853 1808 970 1846 Gaisf.
995 1814 1032 1844 et
1051 1805 1176 1843 Bekk.
1209 1820 1229 1842 e
1251 1807 1443 1843 Sancrofti
1462 1808 1511 1843 li-

851 1866 919 1902 bro
937 1866 1088 1916 alioque
1105 1864 1287 1914 rescripsi,
1310 1877 1408 1915 quae
1424 1865 1510 1901 vul-

852 1935 901 1972 go
921 1923 974 1959 sic
993 1922 1219 1972 legebantur
1240 1922 1389 1957 inverso
1406 1920 1512 1957 ordi-

851 1992 922 2015 ne:
945 1977 1087 2018 ἕκατόν
1099 1976 1166 2016 καὶ
1184 1977 1307 2016 εἴκοσι
1319 1976 1384 2016 καὶ
1400 1975 1512 2017 ἑκτά.

853 2036 963 2072 Conf.
984 2034 1167 2072 Matthiae
1184 2036 1357 2074 Gramm.
1375 2036 1510 2075 Graec.

853 2094 889 2138 ξ.
913 2092 991 2133 140
1013 2106 1099 2143 pag.
1122 2089 1216 2140 264,
1249 2093 1315 2143 qui
1345 2090 1449 2128 idem
1471 2094 1510 2129 in

851 2156 960 2186 textu
988 2151 1188 2199 vulgarem
1223 2149 1378 2184 retinuit
1405 2148 1510 2185 ordi-

849 2219 952 2243 nem.
984 2205 1095 2252 Quod
1114 2217 1205 2241 vero
1226 2209 1359 2241 centum
1377 2206 1513 2253 viginti

849 2267 974 2314 septem
1003 2264 1049 2299 ab
1070 2263 1202 2299 Atticis
1223 2259 1409 2297 exhibitas
1431 2276 1509 2299 esse

849 2333 964 2357 naves
977 2321 1103 2356 scribit
1113 2317 1340 2365 Herodotus,
1358 2319 1421 2355 vix
1433 2319 1508 2356 dis-

849 2378 962 2414 sentit
975 2375 1163 2413 Diodorus
1175 2375 1259 2422 XV,
1276 2377 1342 2421 78,
1361 2377 1425 2425 qui
1442 2376 1510 2413 du-

850 2437 969 2471 centas
986 2434 1103 2484 ponit,
1121 2434 1292 2483 itemque
1309 2432 1505 2469 Cornelius

849 2493 975 2541 Nepos
997 2489 1248 2526 Themistocl.
1282 2491 1319 2535 3,
1342 2488 1408 2523 ubi
1428 2488 1506 2526 vid.

848 2549 1025 2598 Namque
1056 2548 1136 2597 ipse
1165 2547 1299 2581 Noster
1328 2544 1427 2592 VIII,
1455 2544 1506 2585 14

850 2605 935 2642 coll.
966 2603 1123 2640 Diodor.
1152 2602 1220 2648 XI,
1245 2602 1295 2641 13
1327 2603 1508 2651 quinqua-

849 2664 954 2709 ginta
974 2666 1043 2697 tres
1070 2671 1185 2695 naves
1211 2658 1338 2694 scribit
1366 2660 1507 2695 auxilio

849 2719 995 2754 venisse
1026 2716 1192 2762 Atticas,
1223 2727 1386 2766 quarum
1416 2715 1507 2752 inde

850 2785 1000 2810 summa
1020 2773 1062 2808 fit
1083 2775 1218 2808 centum
1238 2775 1437 2821 octoginta,
1464 2779 1506 2809 ut

849 2831 1011 2879 legimus
1031 2829 1131 2878 VIII,
1144 2827 1209 2869 44.
1240 2830 1383 2875 Quibus
1395 2830 1425 2866 si
1437 2827 1506 2865 ad-
