1839 3292
480 204 943 242 CALLIOPE.
1003 205 1086 245 IX.
1331 208 1415 247 283

160 333 235 374 νης
267 318 341 370 τῆς
379 314 654 369 Γαργαφίης,
693 310 764 356 ἐπ’
802 306 829 369 ᾗ
862 311 1280 368 ἐστρατοπεδεύοντο
1306 311 1414 367 τότε,

105 485 229 516 autem
274 477 381 524 loco,
422 475 487 512 ubi
528 473 758 511 Plataeensis

100 546 250 586 pugnae
280 534 411 583 incipit
436 532 618 578 narratio,
653 529 757 566 haud

101 593 270 627 alienum
304 591 374 626 erit
394 601 550 624 monere
583 588 754 633 lectores,

100 646 148 683 ad
169 660 233 697 ea,
268 659 365 698 quae
386 644 432 681 de
451 645 530 694 ipsa
551 655 680 693 pugna
699 643 757 679 lo-

100 704 250 755 cisque,
289 704 329 738 iu
369 701 504 752 quibus
539 706 753 749 pugnatum

100 766 174 807 est,
200 757 301 809 apud
321 756 559 793 Herodotum
579 754 752 806 produn-

101 823 182 863 tur,
211 816 281 851 rite
313 811 558 862 intelligenda
585 813 752 857 multum

97 872 221 908 facere
264 869 364 907 docti
402 868 520 919 Angli
567 869 751 916 libellum,

99 940 213 979 quem
235 940 283 963 ex
297 927 459 963 aliorum
478 925 593 974 libris,
614 926 752 973 Krusii‚

96 984 292 1021 Letronnii
322 983 509 1031 (Journal.
537 980 573 1018 d.
609 983 754 1019 Savans

100 1042 206 1081 1817
240 1052 328 1090 pag.
349 1042 430 1080 720
454 1038 603 1090 seqq.)‚
641 1039 754 1075 Gailii

96 1095 192 1132 mihi
223 1097 336 1132 unice
359 1097 577 1146 cognitum,
607 1108 686 1132 non
707 1093 756 1132 ad

97 1165 232 1189 manus
252 1153 365 1189 fuisse
384 1151 494 1189 valde
506 1150 631 1188 doleo.
688 1152 756 1187 In-

97 1210 270 1245 scribitur
284 1210 346 1245 ille
356 1209 473 1245 liber:
491 1209 670 1259 Topogra
676 1207 755 1259 phy

97 1266 319 1302 illustrative
343 1265 386 1302 of
400 1264 464 1301 the
485 1266 600 1302 battle
615 1265 755 1301 ofPla-

98 1328 183 1358 taea
233 1329 305 1359 etc.
357 1322 408 1372 by
444 1320 542 1358 Iohn
583 1322 755 1371 Spencer

99 1376 310 1429 Stanhope.
356 1377 518 1415 London
555 1379 675 1417 1817.
707 1380 756 1425 83

99 1433 234 1471 additis
261 1435 375 1471 simul
414 1435 561 1484 mappis
592 1446 756 1484 geogra-

99 1489 218 1541 phicis
241 1493 354 1528 totius
389 1491 553 1540 regionis
583 1489 753 1527 delinea-⁴

97 1548 218 1584 tiones
251 1546 539 1584 exhibentibus:
574 1546 623 1583 ad
661 1560 754 1598 quas

98 1602 219 1641 editor
251 1603 366 1654 opera
387 1603 571 1640 Allasonii
602 1605 754 1654 potissi-

96 1673 205 1696 mum
225 1673 312 1697 usus
347 1674 425 1698 esse
458 1661 589 1697 fertur.
648 1661 753 1706 Quae

97 1717 150 1752 ibi
181 1715 382 1754 exhibetur
408 1717 638 1754 Plataeensis
667 1718 753 1768 pla-

97 1774 202 1809 nitiei
235 1773 494 1822 adumbratio,
526 1786 612 1810 eam
641 1787 753 1826 repe-

96 1831 155 1866 tiit
172 1832 309 1880 Kruse‚
331 1831 456 1879 (cuius
476 1829 551 1868 vid.
571 1831 677 1868 Atlas
694 1845 752 1869 nr.

93 1887 145 1923 VI
166 1887 252 1923 coll.
272 1888 369 1925 Hell.
389 1889 425 1924 II
441 1915 451 1935 ,
489 1890 525 1927 1.
546 1900 634 1938 pag.
657 1887 753 1928 591.

94 1941 195 1992 492)
222 1944 363 1995 quippe
391 1944 576 1994 optimam
605 1957 672 1980 suo
691 1945 755 1980 iu-

95 1996 214 2047 dicio,
272 2001 314 2036 in
352 2013 449 2052 qua,
501 2013 754 2052 quaecunque

93 2055 309 2094 Herodotus
329 2063 496 2104 enarret,
525 2057 623 2095 bene
642 2059 753 2095 inve-

94 2112 167 2148 niri
191 2114 347 2163 possint.
387 2112 563 2150 Eandem
584 2127 751 2167 quoque,

95 2170 222 2218 paucis
242 2169 469 2222 quibusdam
488 2171 659 2219 mutatis,
682 2185 752 2208 ex-

96 2223 216 2263 hibuit
249 2228 374 2276 GaiL,
406 2228 510 2264 cuius
545 2226 623 2264 vid.
645 2228 750 2266 Atlas

96 2281 247 2330 planch.
277 2286 330 2325 26
363 2285 449 2321 coll.
485 2285 650 2335 Analyse
684 2284 750 2323 des

99 2337 224 2375 cartes
256 2352 342 2390 pag.
363 2343 432 2381 27.
478 2342 534 2377 Le
563 2340 749 2392 philolog,

98 2393 148 2430 IV
167 2407 253 2444 pag.
273 2398 354 2437 279
374 2410 479 2449 seqq.
500 2398 534 2435 V
559 2410 646 2448 pag.
671 2400 750 2438 190

97 2461 176 2500 seq·
201 2451 277 2490 195
297 2465 402 2505 seqq.
433 2456 513 2494 226
533 2468 638 2506 seqq.
668 2457 750 2494 273

97 2517 202 2557 seqq.
265 2508 338 2544 Ubi
368 2522 464 2560 quae
498 2510 546 2547 ad
575 2509 753 2548 Herodo-

99 2570 180 2598 tum
210 2562 472 2602 illustrandum
500 2568 678 2617 protulit,
707 2581 752 2604 ea

97 2619 171 2654 suis
192 2631 367 2672 quaeque
394 2623 483 2660 locis
512 2637 752 2661 commemo-

97 2675 293 2712 rabuntur.
365 2677 468 2722 Quae
521 2694 611 2718 vero
663 2687 752 2717 ante

97 2729 297 2768 doctorum
344 2734 496 2771 illorum
538 2737 752 2787 Auglorum

98 2800 254 2839 operam
276 2789 490 2828 ferebantur
518 2795 642 2845 campi
661 2795 753 2833 Pla-

813 473 974 509 taeensis
1034 471 1307 510 delineationes
1331 501 1342 520 ‚
1408 485 1472 510 eas

814 541 947 565 omnes
980 529 1064 579 plus
1094 530 1223 567 minus
1252 530 1362 566 falsas
1393 543 1473 566 esse

812 586 985 621 observat
1015 586 1136 622 Kruse
1164 586 1190 623 l.
1211 587 1236 623 l.
1267 599 1355 636 pag.
1376 584 1473 626 492.

809 640 854 677 Id
870 639 974 691 quod
999 642 1172 691 inprimis
1202 641 1302 678 cadit
1321 644 1361 678 in
1385 655 1473 679 eam

809 696 921 734 huius
952 698 1115 747 regionis
1150 699 1352 750 campique
1380 699 1472 735 Pla-

810 754 969 790 taeensis
1001 753 1316 802 delineationem,
1354 767 1471 806 quam

809 811 1075 847 celeberrimus
1104 810 1397 862 Barthelemyus
1425 812 1468 848 in

808 880 922 918 opere
957 868 1043 904 satis
1063 867 1242 917 vulgato,
1281 866 1386 920 quod
1405 868 1469 904 in-

807 924 983 961 scribitur
1002 922 1249 973 Anacharsis,
1283 923 1470 974 exhibuit,

808 986 902 1017 teste
930 982 1065 1017 Krusio
1108 988 1144 1017 et
1164 979 1323 1030 Clarke,
1363 982 1472 1019 cuius

809 1036 888 1074 vid.
916 1038 1075 1074 Travels
1103 1039 1165 1085 II,
1200 1039 1239 1077 3.
1270 1036 1381 1089 chap.
1417 1039 1471 1075 ΠΙ

811 1106 898 1144 pag.
921 1095 973 1133 78
995 1107 1074 1146 seq.
1133 1095 1206 1140 Qui
1228 1093 1333 1131 idem
1355 1107 1472 1132 accu-

811 1157 890 1186 rate
912 1150 1018 1186 illam
1049 1151 1246 1200 regionem
1283 1164 1471 1200 emensus,

811 1205 913 1257 apud
932 1206 1129 1257 indigenas
1160 1206 1287 1244 adhuc
1317 1221 1472 1258 pugnae

810 1263 1079 1300 celeberrimae
1095 1264 1238 1300 famam
1257 1266 1473 1303 conservari

810 1320 958 1366 asserit,
990 1333 1038 1356 ex
1059 1320 1134 1372 qua
1154 1323 1270 1357 etiam
1290 1334 1472 1372 campum

812 1375 1006 1427 quendam
1022 1406 1032 1425 ,
1053 1378 1092 1413 in
1114 1390 1190 1427 quo
1211 1378 1303 1414 olim
1322 1391 1473 1428 pugna-

811 1439 896 1469 tum
934 1433 1075 1481 suerit,
1118 1433 1288 1470 indicare
1324 1435 1472 1472 soleant

810 1495 1012 1526 extensum
1042 1490 1089 1526 ab
1117 1502 1162 1526 eo
1193 1490 1313 1541 Asopi
1340 1498 1470 1542 ponte,

810 1546 877 1597 qui
889 1559 993 1582 nunc
1004 1547 1157 1582 Moreae
1167 1554 1338 1596 vocetur,
1350 1561 1472 1599 quum

809 1600 956 1639 Thebis
983 1603 1024 1638 in
1051 1604 1363 1654 Peloponnesum
1393 1606 1473 1643 sive

806 1660 978 1696 Moream
1011 1659 1335 1710 proficiscentibus
1354 1674 1472 1712 supe-

807 1715 949 1753 randus
983 1717 1057 1765 sit,
1096 1730 1218 1769 usque
1240 1717 1289 1755 ad
1316 1731 1469 1755 sacrum

808 1785 926 1824 quem
945 1773 1138 1824 appellant
1166 1774 1314 1811 fontem
1333 1773 1472 1812 hodie-

808 1842 885 1881 que
933 1832 1187 1881 superstitem.
1246 1832 1368 1869 Distat
1406 1832 1471 1868 ille

808 1887 914 1923 locus
954 1900 1077 1923 unum
1118 1888 1278 1924 milliare
1324 1902 1345 1925 a
1384 1889 1470 1926 vico

807 1944 968 1980 Platana
988 1946 1286 1995 septentrionem
1298 1952 1335 1982 et
1344 1946 1471 1983 orien-

807 2006 888 2036 tem
920 2001 1035 2036 simul
1064 2015 1211 2049 versus;
1254 2003 1373 2053 inque
1422 2015 1468 2039 eo

807 2057 928 2093 multa
942 2057 1032 2093 ferri
1042 2058 1238 2107 plumbive
1255 2058 1472 2108 fragmenta

807 2112 933 2150 adhuc
961 2115 1209 2152 inveniuntur
1243 2115 1290 2151 ab
1322 2116 1470 2162 incolis,

808 2171 874 2221 qui
901 2183 950 2207 ex
972 2183 1016 2207 eo
1036 2172 1117 2221 ipso
1150 2172 1266 2208 simul
1286 2178 1399 2223 atque
1421 2184 1471 2208 ex

806 2228 947 2278 insigni
994 2225 1109 2264 huius
1155 2229 1230 2265 loci
1278 2228 1469 2265 fertilitate

805 2297 916 2321 suam
959 2285 1181 2336 opinionem
1217 2286 1316 2322 tueri
1351 2298 1470 2337 quam

805 2342 975 2377 maxime
1017 2340 1183 2379 student.
1250 2343 1329 2379 Nec
1378 2355 1470 2378 sane

807 2397 1020 2449 quidquam
1069 2412 1148 2435 esse
1208 2399 1288 2448 ipse
1324 2397 1470 2435 iudicat

809 2453 960 2502 Clarke,
982 2468 1031 2491 ex
1053 2468 1130 2506 quo
1152 2456 1198 2491 ab
1219 2456 1352 2491 incolis
1372 2455 1468 2492 falso

807 2513 920 2549 statui
949 2519 1142 2562 appareat.
1204 2511 1291 2552 Vid.
1326 2512 1393 2548 l.l.
1427 2525 1468 2562 p.

810 2567 865 2609 84
884 2581 963 2619 seq.
994 2569 1097 2618 Ipsas
1118 2568 1219 2604 urbis
1237 2569 1373 2605 veteris
1392 2568 1470 2604 rui-

808 2637 877 2661 nas
897 2624 1000 2660 idem
1021 2626 1148 2661 scribit
1170 2625 1272 2675 (pag.
1295 2627 1347 2666 86
1369 2624 1469 2676 seq.)

809 2694 849 2717 se
887 2681 1074 2718 invenisse
1105 2682 1145 2717 in
1185 2683 1270 2718 loco
1301 2680 1471 2733 quodam

811 2736 1046 2774 Cithaeronis
1068 2739 1259 2788 proiecto,
1287 2740 1349 2774 cui
1367 2751 1472 2775 nunc

808 2807 953 2832 nomen
970 2794 1136 2832 Palaeo-
1149 2794 1286 2844 Castro,
1308 2802 1472 2833 remotas
