1839 3292
531 229 564 266 U
596 228 630 266 R
658 228 694 264 A
721 228 755 265 N
782 228 800 264 Ι
829 228 877 265 Α.
934 228 1060 266 VIII.
1320 233 1402 272 183

1452 337 1609 365 Mardonto
1621 347 1725 366 oracu-

1452 370 1491 401 la,
1519 372 1665 399 adhibitus
1654 381 1726 407 sque

1405 389 1491 444 303(1’
1508 403 1582 430 hanc
1599 413 1661 431 rem

1450 436 1520 471 Mys
1527 439 1646 466 natlone
1655 438 1725 467 Car.

151 357 223 386 τεν
249 339 292 383 δὲ
321 334 617 392 ὁρμεώμενος,
654 336 810 391 ἔπεμπε
838 334 947 379 κατὰ
975 334 1028 378 τοὶ
1057 334 1292 390 χρηστήρια
1322 334 1395 378 ἅν-

150 410 234 461 δρα
261 402 478 458 Εὐρωπέα
507 405 647 459 γένος,
678 407 739 459 τῷ
769 401 940 458 οὕνομα
968 398 1024 457 ἦν
1054 405 1176 452 Μῦς·
1207 402 1394 445 ἐντειλά-

149 488 275 529 μενος
303 476 496 528 πανταχῆ
525 488 600 527 μιν
627 470 895 526 χρησόμενον
924 470 1089 522 ἐλθεῖν,
1137 472 1225 511 τῶν
1255 466 1325 512 οἷά
1353 485 1397 513 τε

119 535 206 595 Ξῆν
236 550 314 593 σφι
345 537 732 594 ἀποπειρήσασθαι.
790 537 815 579 ὅ
843 553 885 580 τι
921 536 999 591 μὲν
1033 535 1300 591 βουλόμενος
1329 537 1396 580 ἐκ-

148 607 326 662 μαθὲειν
337 605 442 661 πρὸς
469 610 556 649 τῶν
573 605 845 660 χρηστηρίων
865 607 1000 646 ταῦτα
1027 603 1278 653 ἐνετέλλετο,
1313 604 1397 647 οὐκ

148 674 228 729 ἔχω
259 671 444 729 φράσαι·
484 672 536 717 οὐ
566 672 650 728 γοὶρ
681 668 756 719 ὦν,
781 672 968 727 λέγεται·
1008 671 1144 714 δοκέω
1183 667 1226 711 δ’
1268 670 1398 724 ἔγωγε

147 741 244 796 περὶ
283 743 371 784 τῶν
404 741 651 796 παρεόντων
687 737 977 796 πρηγμάτων,
1025 738 1098 781 καὶ
1135 734 1217 780 οὐκ
1255 735 1396 780 ἄλλων

89 947 233 986 θεῦτεν
256 938 516 996 ὁρμ-εῶμενος,
537 941 737 994 Schweig-

88 1001 269 1050 haeusero
288 1000 411 1038 iudice
425 1001 466 1036 iu
483 1001 578 1038 Lex.
595 999 736 1037 Herod.

88 1071 167 1095 non
195 1065 274 1095 tam
302 1058 453 1095 valent:
489 1056 572 1092 inde
601 1068 737 1093 movens

88 1128 118 1154 s.
141 1114 220 1151 inde
249 1127 354 1163 quum
371 1114 567 1150 institueret
593 1124 734 1160 movere,

89 1183 205 1223 quam
218 1170 406 1220 scriptoris
426 1169 650 1205 sententiam
671 1167 741 1205 de-

87 1228 230 1263 clarant
249 1225 427 1262 dicentis:
455 1224 614 1272 „damin
629 1224 741 1261 Thes-

87 1283 180 1320 salia
203 1282 387 1329 hiemabat,
408 1280 516 1317 inde
532 1278 597 1330 (ex
617 1280 740 1317 Thes-

86 1338 195 1388 salia)
206 1339 361 1386 legatum
385 1337 519 1373 νηίειῗΐέι
547 1336 738 1388 Equidem

85 1408 154 1432 cur
184 1407 205 1430 a
234 1395 386 1444 vulgata
423 1390 598 1428 recedam
621 1394 738 1429 iuter-

83 1451 306 1502 pretatione,
300 1424 416 1485 ζὒῐιίἰιὶἰ
435 1446 558 1485 habeo
589 1461 734 1489 causae

83 1509 142 1544 Ac
165 1507 285 1555 magis
308 1504 382 1542 huc
412 1505 572 1554 pertinet
597 1506 664 1552 IX,
676 1508 734 1561 J:

85 1561 279 1613 ορμηθεὶς
320 1560 362 1600 ἐκ
398 1561 449 1599 Θε
453 1561 631 1611 σσαλί-ης,
664 1562 736 1611 ἠγε

83 1615 157 1669 τήν
199 1614 384 1666 στρατιήν
411 1631 448 1654 κ.
479 1631 512 1655 τ.
545 1619 592 1664 λ.,
630 1616 735 1668 quod

82 1675 168 1711 Gail
198 1671 268 1725 (Le
292 1671 473 1723 philolog.
501 1674 553 1709 IV
571 1687 610 1723 p.
632 1673 732 1722 335)

83 1730 177 1768 bene
205 1729 345 1766 reddit:
398 1730 463 1776 „s'
488 1730 584 1765 e'tant
602 1731 665 1766 mis
691 1742 733 1766 en

80 1787 324 1824 πιοῑιυοεηιεηῑΐέι
380 1784 479 1822 Add.
500 1787 568 1834 IX,
592 1788 639 1826 31
664 1785 731 1823 fin.

81 1844 164 1882 coll.
182 1842 249 1882 52.

137 1896 261 1948 ἄνδρα
276 1890 474 1948 Ευρωπέα
499 1893 633 1948 γένος]
646 1896 731 1933 Eu-

80 1967 232 2004 repenses
254 1954 323 1990 fuit
342 1966 501 2003 genere,
530 1953 556 1989 i.
578 1966 610 1989 e.
641 1953 730 1990 civis

79 2010 232 2060 Europi,
261 2022 358 2061 quae
377 2010 407 2046 si
427 2007 559 2045 eadem
581 2008 652 2045 fuit
672 2016 732 2045 at-

81 2079 156 2118 que
179 2066 366 2113 Eut-omas,
407 2066 537 2102 Cariae
571 2063 731 2102 habetur

79 2124 178 2170 urbs,
208 2129 300 2159 teste
323 2120 517 2172 Stephano
531 2122 624 2172 Byz.
645 2135 675 2158 s.
691 2135 728 2161 v.

79 2192 117 2229 p,
141 2181 233 2226 363,
265 2179 432 2229 Etymol.
455 2179 505 2214 Μ.
536 2191 574 2228 p.
598 2179 676 2217 397
700 2191 727 2215 S.

80 2237 174 2275 360.
230 2235 328 2270 Hinc
349 2234 540 2270 Euromum
558 2240 594 2269 et
605 2232 730 2270 Euro-

79 2301 206 2327 menses
242 2289 357 2326 habet
388 2291 515 2326 Livius
549 2291 730 2338 XXXIII,

81 2348 134 2385 30
155 2353 190 2382 et
208 2347 370 2393 XXXII,
390 2349 457 2386 23.
513 2347 575 2382 Ex
607 2347 732 2383 Hero-

81 2399 170 2438 doto
196 2409 321 2438 autem
348 2415 415 2439 sua
435 2400 547 2438 habet
566 2403 729 2442 Pausan.

81 2458 149 2503 IX,
175 2459 223 2496 13
246 2459 283 2502 ξ.
309 2461 347 2498 3.
407 2459 464 2494 De
493 2459 643 2509 reliquis
679 2461 730 2496 ita

92 2512 413 2551 Valet-anama
467 2516 675 2550 Hominem
709 2529 730 2551 e

82 2568 190 2604 caria
210 2581 276 2604 cur
293 2570 407 2605 Persa
421 2571 561 2607 miserit
575 2570 730 2607 Mardo—

80 2625 165 2661 nius
187 2623 234 2660 ad
254 2626 402 2661 oracula
413 2627 655 2673 Graecorum,
676 2628 730 2663 illi

80 2693 159 2717 non
182 2681 249 2716 erit
276 2681 487 2728 obscurum,
520 2683 584 2733 qui
619 2683 730 2720 Cares

78 2736 191 2773 fuisse
200 2738 345 2772 noverit
359 2737 559 2774 minimum
569 2737 733 2788 διγλώσ-

80 2803 196 2840 σους;
227 2793 371 2830 Graece
391 2793 638 2844 intelligentes
652 2808 732 2833 non

791 948 951 990 tantum,
971 939 1037 978 sed
1058 941 1171 977 etiam
1183 941 1305 977 Persis
1327 941 1448 977 Grae-

792 1012 835 1036 ca
851 1000 1148 1048 interpretantes.
1202 996 1318 1047 Apud
1334 995 1448 1034 Thu-

793 1054 920 1106 cydid.
940 1056 1042 1102 VIII,
1062 1053 1114 1093 85
1137 1054 1324 1103 Spartano
1344 1055 1448 1089 Miu-

794 1110 884 1148 daro
918 1108 1189 1160 Tissaphernes
1223 1109 1449 1160 ξυνέπεμψε

794 1164 1040 1218 πρεσβευτήν
1075 1168 1156 1204 τῶν
1178 1161 1268 1217 παρ’
1293 1165 1448 1215 ἑαυτοῦ,

798 1223 1016 1273 Γαυλείτην
1062 1218 1203 1272 ὄνομα,
1238 1223 1356 1272 Κᾶρα
1388 1222 1450 1261 δί-

793 1283 986 1331 γλωσσον.
1045 1278 1144 1314 Cum
1165 1278 1317 1314 Graecis
1338 1277 1448 1314 duci-

793 1336 862 1372 bus
888 1347 1002 1385 agens
1018 1334 1137 1385 Cyrus
1153 1335 1277 1370 minor
1292 1334 1447 1371 Caribus

792 1364 932 1428 umaro
943 1390 1207 1440 interpretibus
1240 1391 1279 1425 in
1318 1392 1449 1427 Xeno-

791 1446 943 1498 phontis
989 1447 1154 1482 Anabasi
1198 1446 1326 1493 [1,2,
1369 1447 1445 1495 17]

793 1515 990 1555 quumque
1009 1501 1266 1538 ventitabant
1256 1514 1296 1537 ln
1316 1504 1444 1538 aulam

791 1560 984 1596 Persicam
1018 1559 1163 1603 Graeci,
1192 1558 1283 1594 tales
1312 1565 1348 1594 et
1368 1558 1445 1595 illic

789 1615 1004 1653 habuerunt
1046 1616 1280 1665 interpretes.
1360 1613 1445 1653 Vid-

788 1673 938 1709 Aelian.
958 1672 1003 1708 V.
1024 1673 1072 1710 H.
1103 1673 1131 1718 Ι,
1154 1673 1220 1711 21.
1224 1671 1248 1690 “

843 1743 924 1767 των
936 1723 1000 1767 οἶα
1011 1742 1051 1766 τε
1070 1742 1121 1778 ην
1136 1738 1207 1776 σφι
1221 1720 1443 1777 ἀποπειρή-

789 1783 983 1834 saffica]
974 1798 998 1822 l.
1020 1797 1053 1822 e.
1068 1786 1126 1820 cuz*
1139 1783 1442 1830 mandntumerat,

787 1845 827 1878 ut
849 1842 965 1878 ubivzs
994 1842 1059 1877 iret
1089 1841 1334 1876 sciscitaturus
1356 1852 1442 1876 ora-

787 1897 882 1944 cula,
914 1909 1001 1947 quae
1029 1898 1069 1933 in
1092 1898 1244 1945 ipsorum
1266 1895 1442 1932 commoda

787 1954 830 1999 (i.
853 1967 886 1990 e.
908 1953 977 1989 sibi
994 1953 1144 2003 suisque
1163 1953 1298 1999 Persis)
1320 1951 1442 2000 explo-

785 2022 865 2046 rare
885 2012 1009 2059 posset.
1068 2008 1192 2058 Supra
1212 2010 1242 2045 Ι.
1264 2006 1316 2047 46
1338 2003 1440 2046 ἄπο-

784 2067 1000 2118 πειρᾶσθαι
1013 2066 1093 2103 τῶν
1116 2064 1330 2114 μαντηΐων,
1354 2063 1441 2100 coll.

782 2123 847 2169 III,
878 2124 968 2161 119.
1026 2121 1101 2156 Pro
1128 2132 1219 2169 σφι,
1256 2118 1359 2170 quod
1380 2125 1439 2155 et·-

781 2179 859 2214 iam
886 2175 1158 2213 Valckenaerio
1181 2177 1306 2211 minus
1331 2187 1441 2211 com-

782 2233 945 2271 modum
966 2232 1174 2279 videbatur,
1195 2231 1360 2267 Koenius
1375 2243 1439 2266 re-

787 2291 898 2328 scribi
926 2290 1007 2325 vult
1035 2288 1095 2332 05,
1130 2288 1312 2338 probante
1342 2289 1440 2323 Lar-

786 2346 923 2393 cher03
954 2345 1133 2395 Stegerus
1154 2342 1336 2394 (Ephem.
1360 2344 1439 2383 Ien,

788 2405 895 2443 1828
915 2414 972 2440 nr.
999 2403 1074 2442 186
1105 2414 1140 2450 p.
1161 2399 1230 2448 46)
1262 2401 1441 2435 reiecerat

787 2471 882 2506 σφε;
923 2455 1025 2508 quod
1064 2463 1268 2506 utrumque
1301 2456 1437 2491 merito

786 2514 954 2564 displicet
964 2513 1109 2550 censori
1118 2511 1299 2562 Lipsiensi
1312 2511 1438 2558 (1833

784 2584 871 2621 pag.
885 2570 970 2619 47),
993 2582 1012 2604 e
1034 2570 1136 2617 cuius
1157 2568 1340 2604 sententia
1367 2577 1439 2614 σφι

786 2625 834 2663 ad
866 2625 1107 2662 Mardonium
1136 2635 1298 2674 suosque
1330 2622 1382 2668 (i.
1403 2635 1439 2663 e.

785 2683 945 2727 Persas),
975 2681 1013 2715 in
1042 2681 1261 2716 universum
1281 2685 1435 2728 spectat.

786 2741 872 2776 Non
893 2738 998 2772 aliter
1016 2736 1084 2781 IX,
1111 2738 1157 2774 13
1177 2735 1243 2772 fin.
1260 2733 1305 2782 (ὅ
1323 2735 1437 2784 Μαρ-

787 2790 950 2841 δόνιος)
982 2788 1170 2842 ἐξήλαυνε
1186 2787 1350 2830 -ὤστε
1368 2789 1435 2829 καὶ
