1839 3292
231 205 318 248 414
791 202 1172 241 COMMENTATIO

233 331 404 372 quaeras.
459 315 594 355 Fidem
623 315 817 369 quandam
848 316 919 351 illis
948 313 1163 351 adhibuisse
1193 313 1452 364 Herodotum,
1493 315 1556 352 vel
1583 327 1634 353 ex
1662 328 1722 364 eo,

233 389 350 428 quem
380 375 450 413 sibi
479 376 662 422 1inxer,at
701 372 943 409 maculornm
972 384 1015 408 ac
1046 370 1287 409 divinationis
1317 386 1423 408 nexu
1451 386 1541 409 cum
1566 373 1724 410 notione

231 434 296 469 illa
338 433 456 470 divini
491 432 682 476 numinis,
724 430 835 465 colli
812 441 898 479 gas,
947 427 1134 465 accedunt
1168 429 1240 464 alia
1281 428 1471 480 quaedam
1508 430 1725 467 testimonia

233 491 314 537 Vll,
328 490 380 530 57
403 486 442 538 *)
475 489 621 535 etV,lII
634 489 700 534 77,
717 482 790 536 *ἢ
820 486 885 522 ubi
906 485 988 536 pius
1003 485 1221 535 scriptoris(
1212 486 1360 522 animus
1380 499 1458 522 non
1478 486 1593 524 audet
1613 487 1726 524 oblo-

233 548 299 599 qui
328 545 508 592 oraculis,
530 544 704 596 quamvis
729 542 999 591 subdubitans,
1035 543 1088 579 uti
1104 541 1274 590 videtur,
1306 541 1353 578 de
1383 555 1517 579 eorum
1553 545 1725 581 veritate.

231 603 454 640 Distinxisse
478 602 595 651 igitur
614 602 794 637 Nostrum
815 599 976 646 dixeris,
1016 613 1087 636 nec
1109 599 1286 636 omnibus
1312 599 1499 636 eiusmodi
1525 599 1631 637 dictis
1665 607 1726 637 te-

231 673 337 697 mere
366 665 403 695 et
431 660 614 695 contiuuo
643 656 759 694 fidem
791 656 999 693 addidisse:
1039 657 1094 693 uti
1122 669 1235 706 supra
1258 657 1295 701 ξ.
1322 659 1373 696 10
1402 657 1480 692 iam
1506 658 1726 694 monuimus

233 716 466 767 disputantes
487 714 534 752 de
571 716 636 751 illo
652 715 732 751 veri
752 713 876 751 studio
891 743 901 761 ,
945 725 1022 765 quo
1043 715 1222 749 Nostrum
1250 714 1442 764 insignem
1470 713 1582 751 fuisse
1611 720 1726 766 atque

229 786 321 825 prae
343 773 449 822 vulgi
465 772 792 823 superstitionibus
812 771 978 821 sapuisse
998 769 1246 808 ostendimus,

342 831 471 867 Restat
490 828 656 880 denique
671 835 714 865 ut
732 826 949 874 videamus,
978 826 1070 879 quid
1088 826 1303 864 Herodotus
1328 825 1376 864 de
1404 826 1448 864 iis
1464 856 1476 876 ‚
1516 839 1615 879 quae
1642 831 1727 878 post

230 894 396 924 mortem
416 887 543 923 sutura
573 888 668 932 sint,
708 886 837 921 animo
875 885 1058 926 statuerit,
1123 885 1181 920 De
1215 885 1365 920 animae
1386 884 1670 920 immortalitate
1691 883 1728 920 ei

230 956 455 995 persuasum
474 943 600 991 fuisse,
631 954 747 993 quem
758 948 863 978 tanto
887 942 1043 991 ingenio
1063 939 1291 992 praeditum,
1312 942 1591 993 Aegyptiorum
1612 947 1727 992 atque

232 1003 468 1038 Graecorum
496 994 792 1051 mysteriis**'”)
822 999 1012 1034 initiatum
1032 999 1144 1034 fuisse
1171 999 1399 1048 accepimus,
1419 1011 1515 1034 num
1535 997 1728 1034 dubitabi-

230 1055 348 1096 mus?
404 1059 527 1107 Legas
548 1054 655 1103 mihi,
687 1068 784 1107 quae
804 1055 932 1091 scribit
951 1056 998 1101 ΙΙ,
1024 1057 1101 1095 123
1122 1055 1208 1091 coll.
1230 1056 1293 1102 IV,
1318 1056 1393 1102 953
1423 1054 1521 1092 adde
1538 1053 1607 1102 his,
1629 1067 1727 1106 quae

232 1121 381 1152 exstant
400 1115 445 1162 V,
466 1114 492 1152 4
522 1114 565 1149 iis
587 1113 792 1159 simillima,
813 1124 910 1164 quae
932 1110 1081 1148 divinus
1102 1118 1204 1148 vates
1224 1084 1325 1148 caliit
1345 1113 1385 1147 in
1407 1112 1623 1148 Ecclesiast.
1646 1111 1727 1159 VH,

235 1175 256 1213 1
286 1179 350 1209 aut
378 1172 418 1207 iu
440 1171 522 1207 lob.
542 1171 646 1217 XIV,
671 1173 689 1209 1
715 1176 751 1206 et
770 1171 887 1218 iunge
908 1167 1009 1205 hisce
1024 1169 1127 1205 locos
1147 1170 1176 1215 Ι,
1207 1170 1273 1208 31.
1295 1169 1374 1216 VII,
1397 1168 1471 1217 463
1492 1169 1546 1204 nil
1567 1167 1728 1204 dubium

230 1242 335 1276 sane,
357 1229 449 1280 quin
471 1228 645 1263 animum
665 1227 922 1263 immortalem
944 1239 1021 1262 esse
1050 1224 1251 1263 crediderit
1270 1227 1424 1273 Noster,
1473 1224 1640 1277 indeque
1669 1231 1730 1262 et-

231 1287 311 1323 iam
330 1285 497 1321 melioris
518 1291 601 1335 post
621 1291 787 1320 mortem
807 1284 957 1320 futurae
980 1281 1206 1319 conditionis
1235 1296 1341 1333 spem
1362 1281 1537 1319 habuerit
1565 1283 1729 1320 certissi-

232 1356 365 1390 mam,
405 1348 448 1378 ut
471 1349 636 1378 mortem
668 1348 893 1391 exoptatum
925 1352 1175 1376 aerumnosae
1203 1341 1303 1377 vitae
1326 1339 1479 1376 duceret
1510 1339 1730 1390 perfugium

231 1401 408 1451 morique
428 1399 565 1436 melius
581 1412 661 1435 esse
681 1399 913 1435 existimaret
941 1410 1058 1449 quam
1084 1397 1200 1433 nasci.
1259 1396 1320 1433 Ad
1350 1410 1466 1448 quam
1501 1397 1730 1434 sententiam

231 1464 367 1508 sponte
386 1455 551 1493 ducebat
572 1455 764 1492 humanae
783 1455 994 1505 fragilitatis
1022 1461 1136 1506 atque
1156 1455 1384 1491 infirmitatis
1413 1455 1542 1502 notio,
1576 1453 1624 1491 de
1653 1465 1730 1506 qua

232 1527 346 1565 supra
369 1512 559 1564 diximus3
590 1514 655 1565 qui
672 1513 774 1549 enim
795 1514 825 1549 si
841 1519 995 1562 peccat,
1025 1525 1192 1562 poenam
1207 1524 1370 1563 eamque
1391 1524 1549 1561 gravem
1568 1512 1638 1548 luit
1658 1523 1730 1548 nec

231 1572 316 1608 talis
355 1577 435 1618 est,
482 1571 549 1622 qui
590 1577 792 1620 peccatum
821 1570 960 1606 evitare
992 1582 1197 1620 rerumque
1231 1570 1562 1620 aequabilitatem,
1612 1580 1731 1620 quam

231 1641 362 1665 severe
379 1633 506 1664 tuetur
527 1626 620 1663 deus
642 1627 817 1663 omnium
836 1625 980 1662 vindex
1006 1633 1120 1677 atque
1145 1626 1256 1673 ultor,
1277 1638 1426 1662 servare
1441 1627 1584 1676 ubique
1601 1626 1729 1675 possit,

230 1685 264 1722 is
284 1685 474 1735 perpetuis
490 1683 568 1719 fere
589 1684 627 1719 in
649 1681 720 1719 1130
744 1683 818 1720 vita
831 1682 988 1718 iactatus
1009 1683 1117 1719 malis
1139 1689 1252 1734 atque
1275 1683 1561 1726 calamitatibus,
1591 1683 1731 1718 melio-

230 1755 316 1778 rem
326 1742 430 1777 illam
441 1747 580 1777 sortem
591 1753 668 1777 non
679 1746 801 1790 potest
819 1752 896 1775 non
909 1738 1138 1788 praedicare,
1150 1740 1189 1775 in
1211 1738 1286 1790 quai
1297 1741 1395 1775 vitae
1411 1740 1592 1776 terrestris
1604 1739 1732 1775 ssucti-

230 1798 302 1836 bus
316 1804 488 1834 exemtus
498 1804 725 1848 perpetuam
745 1797 1057 1847 tranquillitatem
1078 1803 1190 1847 atque
1205 1797 1424 1832 felicitatem
1443 1809 1483 1832 se
1503 1795 1732 1846 adepturum

231 1869 311 1893 esse
331 1861 468 1905 sperat.
527 1855 571 1890 In
590 1853 691 1890 113110
720 1866 810 1890 vero
840 1853 1089 1889 tristissimam
1112 1855 1210 1890 vitae
1238 1852 1430 1889 humanae
1460 1853 1732 1904 cogitationem

232 1925 366 1949 omnes
388 1910 569 1958 incidere,
592 1913 657 1963 qui
679 1909 903 1947 christianae
923 1910 1115 1960 religionis
1133 1911 1217 1947 luce
1230 1917 1394 1955 careant,
1407 1912 1604 1946 neminem
1620 1909 1730 1960 fugit,

346 1970 408 2005 Ex
429 1969 498 2005 ista
520 1975 650 2005 autem
672 1966 859 2004 Herodoti
894 1969 1079 2004 sententia
1108 1966 1155 2004 de
1184 1969 1344 2004 numine
1365 1966 1493 2005 divino
1516 1968 1673 2019 eiusque
1693 1967 1732 2004 vi

231 2039 276 2063 ac
297 2032 504 2076 potestate,
543 2024 590 2062 de
611 2027 691 2076 ipsa
711 2024 876 2061 hominis
896 2030 1032 2060 natura
1062 2026 1218 2076 eiusque
1239 2026 1384 2060 ratione
1410 2023 1577 2075 agendi,
1610 2024 1732 2076 qualis

231 2096 254 2120 a
275 2082 403 2120 divina
423 2090 553 2119 mente
576 2084 610 2119 ei
630 2084 832 2119 constituta
855 2082 960 2133 quasi
981 2094 1024 2118 ac
1039 2083 1266 2132 praescripta
1289 2088 1353 2128 est,
1378 2080 1479 2118 haud
1500 2082 1577 2118 scio
1597 2093 1645 2117 311
1661 2093 1732 2116 ex-

231 2141 365 2191 plicari
385 2141 521 2190 possit,
550 2153 647 2192 quae
668 2139 857 2190 scriptoris
886 2138 998 2174 fuerit
1029 2140 1216 2175 sententia
1234 2139 1275 2175 de
1298 2139 1397 2175 rebus
1421 2138 1585 2185 publicis,
1615 2136 1662 2173 de
1686 2149 1733 2173 ea

231 2198 428 2247 regiminis
457 2197 602 2243 forma,
636 2210 733 2249 quae
758 2198 857 2233 inter
877 2201 1008 2244 gentes
1031 2197 1207 2231 constitui
1230 2202 1265 2230 et
1286 2196 1437 2246 reliquis
1460 2194 1640 2245 praeferri
1662 2192 1733 2230 de-

229 2253 333 2292 beat.
392 2254 522 2299 Quum
547 2255 670 2304 enim,
708 2265 961 2306 quaecunque
989 2251 1164 2289 homines
1186 2252 1354 2302 affligere
1369 2258 1527 2302 possunt
1546 2251 1661 2299 mala,
1683 2262 1733 2288 ex

323 2455 355 2498 *)
387 2452 498 2509 τέρας
529 2463 594 2497 σφι
624 2450 745 2496 ἐφάνη
773 2451 884 2496 μέμι,
927 2464 969 2487 το
1004 2451 1049 2489 Ξ
1043 2450 1143 2496 ’ρξης
1183 2449 1220 2485 ἐν
1248 2448 1375 2486 ουδενι
1412 2449 1471 2495 λό’,
1471 2463 1506 2497 ῳ
1533 2448 1731 2495 ἐποιήσατο

229 2496 773 2589 ἲυεὲιίσν-Ιρρξύσύμβλητον
803 2497 892 2536 ἐόν,
939 2500 987 2533 Et
1019 2501 1106 2533 conf.
1142 2499 1242 2532 etiam
1275 2499 1384 2532 locum
1418 2501 1519 2544 paulo
1544 2503 1624 2532 ante
1646 2497 1734 2531 alla-

322 2616 377 2653 *Ἣ
403 2616 593 2669 χρησμοῖσι
616 2610 656 2649 δὲ
681 2611 751 2647 ov'n
776 2612 843 2657 ἔχω
861 2609 1062 2657 οἷντιίέγειν
1080 2625 1132 2651 ως
1153 2609 1221 2646 οὐκ
1240 2611 1308 2646 εἰσὶ
1329 2609 1487 2656 ἀληθέες
1517 2623 1563 2646 ου
1596 2607 1733 2666 βουλό-

227 2671 337 2703 μενος
372 2659 435 2694 ἕνα
425 2660 551 2717 ρ·,έως
577 2659 750 2704 λε’)οντας
788 2661 1005 2711 πειρᾶσθαι
1020 2671 1112 2693 κατα
1117 2657 1225 2703 βάλλε
1230 2672 1284 2699 ιν,
1320 2657 1357 2698 ἐς
1377 2657 1505 2693 τοιάδε
1534 2656 1733 2705 στρώματα

228 2704 422 2751 ἐσβλέψας.
450 2727 494 2731 -
542 2705 606 2746 Ἐς
627 2708 785 2741 τοιαῦτα
804 2705 844 2750 μὲ
832 2720 869 2740 v
884 2706 946 2740 καὶ
966 2702 1064 2740 ου’τω
1085 2703 1262 2760 ἐναργέως
1280 2704 1421 2749 λέγοντι
1445 2702 1594 2745 Βάκιδι,
1630 2713 1733 2736 αντι-

227 2753 351 2797 λογίης
368 2763 537 2796 χρησμωυ
557 2751 644 2798 πέρι
664 2750 751 2787 οὔτε
763 2751 878 2793 αὐτὸς
896 2751 948 2796 λέ·
950 2765 1010 2787 ειν
1026 2751 1133 2795 τολαέ
1137 2764 1163 2784 ω
1185 2748 1270 2785 οὔτε
1282 2750 1368 2795 παρ’
1390 2749 1510 2785 ἄλλων
1526 2747 1731 2792 ἐνδέκομαι.

318 2820 400 2865 ***)
428 2821 739 2864 Vid.11‚51.170
761 2822 846 2868 ibiq.
873 2825 959 2856 nott.
984 2821 1032 2866 ΙΙ,
1063 2823 1127 2858 171
1154 2821 1229 2857 coll.
1254 2821 1288 2856 3.
1311 2821 1369 2856 45.
1389 2820 1443 2855 46.
1456 2820 1513 2856 65.
