1839 3292
246 172 331 211 666
561 171 852 208 ADDENDA
896 170 975 208 ET
1015 171 1425 209 CORRIGENDA.

245 290 325 325 pag.
356 280 424 315 454
457 283 526 315 not.
561 279 655 325 ***).
729 282 774 313 At
811 281 931 313 Parrot
971 279 1006 312 in
1042 280 1160 315 ltiner.
1201 281 1243 313 ad
1280 287 1424 315 montem
1462 281 1587 314 Arar-at
1634 282 1672 315 P.
1706 281 1738 315 11

467 331 585 360 contra
616 327 756 360 efficere
793 325 927 365 studet,
976 336 1091 369 parem
1122 325 1186 358 sibi
1219 337 1294 359 esse
1324 327 1499 372 utriusque
1533 328 1656 370 maris,
1701 335 1737 361 et

467 373 585 417 Caspii
609 377 643 405 et
667 373 759 404 lacus
785 371 875 411 Aral‚
899 371 1134 414 superficiem3
1162 383 1325 404 revocans
1350 373 1412 405 hoc
1435 373 1530 406 modo
1557 383 1644 417 quae
1667 375 1740 417 ipse

463 425 566 453 antea
589 418 753 450 docuerat
774 428 929 460 quaeque
952 417 1038 450 alius
1061 428 1195 461 quoque
1219 418 1452 462 peregrinator
1478 420 1615 462 Anglus,
1640 419 1740 452 Mem

466 465 553 498 teith
577 463 723 505 nomine,
749 463 947 496 affirmarat.
981 462 1057 496 Vid.
1075 463 1222 495 Muncke
1245 464 1279 496 in
1298 464 1427 496 Annall.
1454 464 1631 498 Heidelbb.
1652 465 1738 499 1835

463 522 542 554 pag.
568 510 622 543 84.
657 515 693 542 et
715 508 924 553 potissimum
948 508 1062 541 Virum
1087 508 1222 541 doctum
1262 509 1294 542 in
1319 509 1497 553 Gottingg.
1523 511 1626 544 Anzz.
1651 511 1738 544 1535

463 567 541 600 pag.
566 557 610 589 ΞΟ
634 566 728 599 seqq.
753 555 796 588 26
819 566 918 598 seqq.
963 556 1110 588 Auctore
1138 554 1288 597 Burnes,
1323 555 1379 598 qui
1412 555 1474 589 has
1497 555 1653 598 regiones
1675 567 1737 589 nu-

463 613 526 645 per
562 601 784 645 perlustravit
806 600 975 643 (rravels
1007 600 1041 633 in
1076 607 1112 633 to
1149 600 1307 633 Bokhara
1337 600 1443 634 Lond.
1469 601 1568 640 1334.
1608 601 1681 634 Vol.
1704 602 1737 635 Π

463 659 543 691 pag.
569 648 687 690 188.)‚
717 646 806 691 apud
837 647 987 680 'Pataros
1019 658 1083 679 vox
1108 647 1196 679 Aral
1228 646 1318 680 valet
1347 647 1443 680 intra
1466 646 1738 691 (dazwischen);

461 694 553 726 intra
584 693 644 726 Sir
675 693 804 726 scilicet
835 699 938 736 atque
969 693 1076 726 Amoo
1108 692 1129 725 i.
1164 704 1194 725 e.
1227 692 1319 726 intra
1354 693 1528 726 Iaxartem
1558 697 1594 726 et
1617 693 1736 730 Oxum.

461 739 567 772 Addit
588 739 674 772 idem
699 738 799 781 vulgo
823 738 905 771 ferri
929 739 1074 778 famam,
1097 739 1191 772 lacus
1215 749 1321 783 aquas
1346 738 1400 771 via
1423 740 1643 772 subterranea
1669 739 1736 772 Ca-

462 785 538 828 spio
565 786 648 817 mari
672 784 777 827 iungi,
800 783 881 827 quin
905 783 1050 817 sonitum
1075 795 1237 828 aquarum
1261 785 1334 817 loco
1359 784 1516 828 quodam,
1541 785 1595 818 cui
1619 796 1736 819 nomen

461 831 558 864 Kara
582 830 772 870 Goombuz,
797 829 856 861 ubi
878 829 1162 872 proficiscentium
1187 835 1240 862 est
1261 830 1378 870 statio,
1402 830 1572 872 exaudiri3
1596 841 1737 875 eamque

461 878 584 909 samam
608 888 649 909 eo
675 874 830 908 maiorem
850 875 947 907 fidem
971 875 1094 908 mereri
1117 875 1206 919 apud
1224 876 1370 918 vulgum,
1394 887 1460 921 quo
1484 876 1670 910 mirabilius
1683 877 1735 909 v'r-

461 923 582 955 deatur
606 923 714 954 lacum
740 921 826 954 tanti
855 921 1019 963 ambitus,
1054 921 1111 966 qui
1134 926 1230 954 tanta
1254 920 1390 954 flumina
1414 921 1578 966 recipiat,
1613 923 1736 956 nullum

459 968 586 1000 habere
615 978 778 1011 aquarum
811 965 946 1000 exitum.
1007 966 1096 999 Nam
1129 967 1172 999 de
1207 977 1369 1011 aquarum
1403 969 1643 1012 evaporatione
1663 969 1737 1002 sive

459 1013 685 1052 exhalatione,
713 1024 802 1057 quae
824 1012 893 1046 illic
916 1013 1059 1047 maxima
1084 1016 1146 1052 est,
1170 1024 1236 1045 non
1261 1012 1424 1055 cogitant.

239 1071 316 1104 pag.
350 1061 415 1094 455
451 1064 521 1093 not.
561 1059 618 1093 lin.
644 1065 667 1092 4
698 1061 740 1092 ab
765 1058 823 1092 inf.
879 1059 965 1092 Add.
990 1059 1181 1093 Eichwald.
1207 1058 1338 1102 (Reise
1368 1057 1453 1091 nach
1486 1057 1520 1091 d.
1554 1057 1735 1101 Kaspiseb.

457 1106 578 1147 Meter,
611 1105 627 1138 I
664 1117 696 1149 p.
732 1105 798 1139 275
833 1106 970 1149 seqq),
1014 1104 1072 1149 qui
1109 1106 1319 1138 Graecorum
1357 1103 1465 1138 Oxum
1501 1104 1591 1148 apud
1625 1105 1735 1138 Tata-

456 1163 569 1185 rorum
594 1150 781 1195 scriptores
806 1152 1000 1185 Amudarsa
1025 1151 1094 1184 dici
1118 1151 1244 1190 refert,
1270 1150 1362 1195 apud
1381 1150 1653 1191 Turcomannos‚
1678 1151 1737 1194 qui

459 1197 578 1243 Caspii
604 1198 702 1231 maris
725 1208 817 1230 oram
842 1197 1036 1231 orientalem
1060 1197 1236 1239 habitent,
1271 1196 1388 1229 vocari
1410 1197 1607 1237 Akh-tam3
1638 1196 1737 1230 huius

455 1255 538 1278 vero
561 1243 657 1277 fluvii
685 1254 786 1276 unum
809 1243 983 1276 brachium
1015 1243 1113 1276 addit
1143 1243 1220 1276 olim
1244 1242 1322 1275 inde
1354 1253 1375 1274 a
1399 1248 1494 1276 terra
1520 1243 1660 1283 chima,
1698 1248 1737 1275 ut

458 1301 545 1323 nunc
568 1293 728 1327 vocat-ur,
759 1292 853 1322 recta
888 1289 1096 1322 occidentem
1122 1299 1240 1322 versus
1264 1288 1403 1321 fluxisse
1437 1293 1473 1321 et
1496 1288 1582 1322 mari
1607 1288 1735 1332 Caspio

456 1335 499 1370 ad
517 1336 624 1371 sinum
651 1335 895 1376 Balchanicum,
919 1347 1017 1380 quem
1043 1347 1130 1368 nunc
1153 1334 1282 1375 dicunt,
1315 1346 1353 1368 se
1375 1333 1525 1368 iunxisse
1547 1333 1652 1379 idque
1674 1346 1735 1368 vo-

457 1381 527 1415 cari
558 1382 747 1423 Akh-tam3
780 1381 922 1415 alterum
955 1381 1127 1415 brachium
1162 1392 1248 1414 nunc
1279 1380 1313 1414 in
1347 1380 1457 1413 lacum
1481 1381 1564 1413 Aral
1593 1382 1736 1414 intrare.

453 1428 532 1462 Nec
554 1429 655 1460 aliter
680 1428 802 1461 Gallus
823 1427 953 1468 doctus,
976 1427 1116 1461 Iaubert
1139 1426 1324 1470 (Memoire
1347 1437 1406 1459 sur
1427 1425 1449 1459 l'
1463 1429 1582 1460 ancien
1607 1429 1735 1460 Oxus“

454 1477 489 1506 in
522 1473 707 1517 Berghaus.
734 1473 867 1507 Annall.
898 1473 962 1506 Iul.
998 1474 1086 1508 1834
1121 1485 1198 1518 pag.
1232 1472 1298 1507 335
1323 1484 1419 1517 seqq.
1452 1471 1616 1517 imprimis
1652 1484 1732 1517 pag.

456 1520 555 1563 345.)
579 1519 691 1553 allatis
716 1523 751 1552 et
774 1519 986 1553 orientalium
1002 1520 1205 1563 scriptorum
1222 1518 1426 1552 testimoniis
1449 1523 1486 1552 et
1508 1518 1648 1552 aliorum
1675 1530 1734 1552 no-

454 1571 550 1599 strae
569 1566 694 1599 aetatis
704 1565 847 1598 virorum
860 1565 1037 1599 doctorum
1056 1565 1187 1598 iudiciis
1202 1565 1346 1609 probare
1362 1564 1490 1604 studet,
1513 1564 1629 1597 Oxum
1645 1565 1735 1599 anti-

455 1612 571 1656 quitus
596 1611 631 1644 in
646 1612 710 1644 duo
724 1612 864 1644 brachia
876 1611 980 1644 fuisse
995 1612 1138 1645 divisum
1154 1637 1162 1649 ,
1184 1622 1325 1655 quorum
1345 1612 1490 1644 alterum
1503 1610 1544 1643 ad
1558 1611 1667 1644 lacurn
1687 1614 1732 1645 A·

454 1657 506 1690 ral
523 1657 745 1702 pertenderit,
767 1658 909 1690 alterum
930 1669 1010 1690 vero
1033 1658 1076 1690 ad
1092 1657 1253 1701 Caspium
1273 1668 1365 1689 mare
1388 1667 1584 1689 conversum
1597 1658 1733 1692 saeculo

453 1703 649 1736 duodecimo
673 1704 779 1736 ferme
805 1708 882 1747 post
899 1702 981 1736 Chr.
1005 1715 1037 1736 n.
1061 1703 1267 1736 exsiccatum
1292 1702 1416 1745 fuerit3
1441 1713 1640 1747 quamquam
1664 1706 1734 1748 qua

453 1761 496 1782 ex
520 1752 622 1781 cansa
656 1748 690 1781 id
716 1750 841 1782 factum
865 1749 933 1787 sit,
969 1749 1087 1793 utique
1110 1749 1284 1781 incertum.
1341 1749 1380 1781 In
1415 1747 1484 1781 alla
1515 1748 1626 1781 omnia
1661 1751 1736 1784 abit

454 1795 587 1827 Burnes
612 1795 782 1835 (Travels
808 1795 843 1827 in
868 1800 902 1827 to
927 1795 1088 1828 Bokhara
1111 1795 1155 1827 T.
1190 1794 1221 1826 Il
1257 1805 1292 1837 p.
1318 1794 1423 1836 187),
1457 1795 1518 1837 qui
1551 1806 1594 1827 ex
1618 1799 1735 1829 terrae

453 1840 541 1873 illius
566 1840 699 1873 ratione
720 1841 778 1873 vix
801 1840 877 1873 fieri
900 1840 1051 1885 potuisse
1075 1842 1211 1881 censet,
1247 1845 1286 1872 ut
1310 1839 1379 1872 Oxi
1402 1839 1575 1872 brachium
1599 1841 1734 1886 aliquod

448 1887 655 1919 occidentem
680 1897 798 1919 versus
835 1886 878 1919 ad
914 1897 1006 1919 mare
1030 1886 1190 1930 Caspium
1222 1896 1365 1929 unquam
1399 1885 1549 1920 fluxerit.
1607 1886 1735 1922 Famae

454 1944 574 1966 ansam
598 1932 732 1966 dedisse
756 1935 854 1977 putat
877 1932 1012 1966 canales
1036 1932 1196 1976 quosdam
1219 1943 1306 1964 nunc
1329 1932 1522 1965 derelictos.

233 1987 312 2020 pag.
337 1978 403 2012 457
429 1984 498 2012 not.
523 1979 616 2023 ***).
665 1978 751 2011 Add.
779 1978 949 2014 Welcker.
981 1978 1016 2012 in
1041 1979 1130 2012 Mus.
1158 1979 1310 2012 Rhenan.
1344 1978 1385 2022 Ι,
1418 1978 1442 2012 3
1464 1989 1544 2022 pag.
1567 1978 1636 2013 394
1659 1991 1732 2025 seq.

231 2033 309 2066 pag.
334 2024 401 2057 435
426 2030 497 2058 not.
524 2024 572 2067 ἦ).
622 2024 732 2057 Add.:
756 2029 792 2057 et
816 2024 946 2057 LXVII
970 2036 1049 2069 pag.
1073 2025 1118 2059 23
1142 2029 1213 2057 not.

232 2078 312 2113 pag.
339 2071 406 2105 524
429 2076 499 2104 not.
531 2070 605 2113 **).
662 2070 879 2104 Herodoteae
903 2070 1090 2104 narrationi
1124 2070 1167 2103 de
1200 2070 1308 2114 Lydis
1339 2069 1372 2103 in
1407 2069 1585 2105 Etruriam
1616 2072 1733 2115 profe-

454 2116 518 2150 ctis
552 2117 688 2160 egregie
712 2127 819 2160 nuper
842 2116 1076 2161 patrocinatus
1109 2121 1163 2149 est
1185 2117 1274 2150 Geli.
1299 2117 1532 2160 Topography
1565 2118 1603 2151 os
1632 2118 1730 2152 Rom.

453 2162 519 2196 and
564 2162 606 2195 its
640 2161 778 2205 vicinity
814 2162 829 2195 Ι
866 2173 943 2206 pag.
977 2163 1055 2196 359.
1119 2162 1175 2195 Tu
1210 2164 1297 2195 cons.
1328 2174 1463 2207 quoque
1493 2163 1651 2208 Kaemps.
1696 2164 1732 2196 in

452 2208 625 2242 Umbricc.
650 2208 797 2253 Specim.
822 2209 838 2241 l
862 2220 941 2253 pag.
968 2207 1025 2250 41,
1048 2208 1103 2241 cui
1126 2208 1165 2242 C.
1192 2209 1236 2242 O.
1261 2209 1399 2242 Msslleri
1422 2209 1589 2242 sententia
1612 2209 1655 2243 de
1679 2209 1732 2244 hiS

477 2256 627 2287 robatur.

232 2310 311 2343 pag.
336 2300 404 2334 537
429 2266 498 2334 niit.
522 2300 562 2343 *)
587 2300 644 2334 lin.
673 2302 703 2333 1.
730 2304 809 2333 ante
834 2299 964 2333 Nem-os
988 2299 1067 2333 add.
1093 2301 1162 2343 qui.

233 2356 311 2389 pag.
335 2346 402 2380 538
434 2350 504 2380 not.
539 2347 589 2388 ³³).
648 2346 747 2379 cons.
778 2345 878 2379 etiam
909 2346 1089 2389 Gottingg.
1125 2344 1287 2388 Anzeigg.
1325 2346 1415 2379 1830
1438 2356 1514 2389 pag.
1544 2347 1642 2388 1417,
1667 2346 1731 2380 ubi

449 2404 491 2426 ex
518 2391 696 2431 Cailliaud‚
723 2392 817 2425 Galli
842 2392 1123 2436 peregrinatoris,
1148 2392 1345 2425 narratione
1370 2392 1539 2431 discimus,
1564 2392 1597 2425 in
1621 2392 1730 2426 Tom-

449 2438 555 2471 buctu
581 2437 717 2481 regione
742 2437 922 2471 etiamnum
957 2449 1029 2470 eam
1054 2438 1211 2472 obtinere
1240 2438 1382 2482 samam,
1417 2449 1485 2483 qua
1508 2437 1648 2473 fluvium
1671 2439 1730 2473 In·-

450 2484 520 2518 liba
544 2494 619 2518 cum
644 2483 723 2518 Nilo
747 2484 905 2529 coniungi
929 2490 1103 2529 putarent.

1530 2769 1725 2822 Wichtige
