1839 3292
375 202 461 243 214

780 199 1243 237 HERODOTI

376 307 507 363 ,,τοῦς
537 306 759 364 Ἕλληνας.
815 304 954 363 Ὑμεῖς
983 306 1052 358 δὲ,
1084 306 1126 356 ἐς
1155 308 1301 348 πᾶσαν
1316 302 1545 361 οἷρῤωδίην
1574 302 1641 348 τό·

377 392 450 430 ,,τε
490 373 746 432 ἀπικόμενοι
775 374 832 431 μὴ
877 371 1215 429 ὁμολογήσωμεν
1244 376 1305 428 τῷ
1339 372 1511 428 Πέρσῃ,
1551 371 1642 415 ἐπεί

381 459 452 497 ,,τε
492 443 715 496 ἐξεμάθετε
753 441 802 486 τὸ
838 440 1046 498 ἡμέτερον
1082 438 1291 495 φρόνημα
1331 440 1532 494 σαφέως,
1576 439 1643 483 ὅτι

384 510 592 565 ,,ούδαμὰ
622 509 910 566 προδώσομεν
940 509 1018 564 τὴν
1043 507 1250 558 Ἑλλάδα,
1281 506 1352 549 καὶ
1377 505 1490 549 διότι
1504 511 1643 561 τεῖχος

378 578 512 634 ,,ὖμῖν
530 577 602 620 διὰ
619 582 698 620 τοῦ
717 576 897 633 Ἰσθμοῦ
918 576 1211 631 ἐλαυνόμενον
1238 574 1285 617 έν
1315 573 1428 616 τέλει’·
1447 573 1548 626 ἐστι,
1571 575 1643 618 καὶ

381 646 462 702 ,,δη
495 644 630 701 λόγον
661 645 821 689 οὐδένα
850 649 938 687 τῶν
962 643 1208 699 Ἀθηναίων
1239 643 1460 686 ποιέεσθε·
1492 641 1672 685 ewam

384 715 535 768 ,,μενοί
553 729 595 756 τε
618 711 720 768 ἡμῖν
743 713 821 757 τόν
842 714 1016 768 Πέρσην
1036 710 1326 755 ἀντιώσεσθαι
1347 711 1387 761 ές
1405 708 1485 766 τήν
1508 712 1645 752 Βοιω-

381 783 526 838 ,,τίην,
577 782 905 835 προδεδώκατε,
949 778 1179 834 περιείδετέ
1219 795 1262 822 τε
1315 778 1555 833 ἐσβαλόντα
1604 777 1646 828 ἐς

354 851 498 905 6,,την
521 848 718 905 Ἀττικὴν
747 849 823 894 τὸν
844 849 1084 905 βάρβαρον.
1114 845 1176 898 Ἐς
1194 847 1273 903 μέν
1301 863 1385 889 νυν
1401 845 1449 889 τό
1481 843 1648 900 παρεὸν

383 916 637 972 »Ἀθηναῖοι
666 917 771 972 ὑμῖν
800 919 1027 974 μηνίουσι·
1061 914 1214 971 οὐγὰρ
1237 914 1465 971 ἐποιήσατε
1498 913 1675 969 {mm-5

383 985 537 1037 ,,δε’ως·
569 989 655 1028 νῦν
685 987 732 1028 δὲ
764 985 830 1028 ὅτι
858 984 986 1040 τάχος
1006 982 1211 1039 στρατιήν
1241 983 1330 1037 ἅμα
1348 981 1453 1038 ἡμῖν
1483 982 1647 1024 ἐκέλευ-

381 1065 493 1107 ,,σαν
522 1051 658 1108 ὑμέας
688 1051 941 1107 ἐκπέμπειν,
971 1049 1032 1102 ὥς
1062 1051 1119 1093 ἄν
1147 1051 1224 1094 τόν
1254 1051 1482 1106 βάρβαρον
1512 1047 1648 1092 δεκτό-

360 1126 525 1175 7,,μεθα
564 1119 611 1162 ἐν
652 1123 706 1176 τῇ
741 1119 922 1175 Ἀττικῇ.
980 1117 1127 1173 ἐπειδὴ
1165 1117 1248 1173 γὰρ
1287 1116 1538 1173 ἡμάρτομεν
1573 1121 1651 1174 τῆς

383 1188 642 1243 ,,Βοιωτίης,
673 1190 750 1244 τῆς
778 1204 825 1244 γε
855 1185 1063 1245 ἡμετέρης
1094 1185 1434 1243 ἐπιτηδειότατόν
1463 1187 1552 1230 ἐστι
1580 1185 1651 1244 έμ-

329 1375 484 1427 quaevis
527 1386 622 1410 mox
658 1374 879 1411 transfertur
896 1403 906 1423 ‚
947 1380 989 1411 ut

329 1432 540 1481 κίβδηλος,
572 1429 619 1467 de
642 1443 716 1482 quo
747 1430 821 1467 vid.
848 1432 888 1479 I,
921 1433 986 1471 66.

328 1489 498 1525 Verbum
524 1485 679 1537 νέμεται
703 1488 837 1524 Portus
859 1486 990 1524 reddi-

331 1543 460 1581 derat:
491 1545 529 1579 in
552 1544 704 1581 Graecis
737 1544 940 1594 inpenditur
960 1557 987 1582 s.

328 1601 563 1638 distribuitur.
605 1598 988 1652 Schweighaeuserus

328 1659 368 1694 in
381 1659 477 1694 Lex.
492 1659 581 1693 Her.
598 1656 706 1694 reddi
720 1659 873 1695 maluit:
900 1656 989 1708 quod

329 1728 353 1751 α
374 1715 472 1751 nobis
491 1717 529 1751 in
545 1715 698 1751 Graecos
721 1716 901 1765 proficisci
933 1715 990 1751 cle-

331 1771 398 1818 bet,
407 1771 446 1808 id
461 1772 592 1808 sincero
605 1772 721 1808 animo
731 1774 779 1809 eis
792 1773 990 1809 tribuimus.

387 1857 431 1900 τὸ
450 1858 640 1911 ἡμέτερον
667 1858 872 1913 φρόνημα]
905 1859 992 1899 vid.

332 1924 429 1954 nott.
450 1917 498 1954 ad
518 1918 616 1965 VIII,
638 1917 728 1957 144.
745 1939 799 1946 —
820 1920 863 1954 In
883 1931 992 1969 seqq.

335 1972 383 2010 ad
412 1987 524 2011 usum
554 1975 659 2011 verbi
692 1970 874 2014 ἐλαύνειν
915 1975 993 2012 vid.

333 2037 430 2067 nott.
463 2031 511 2068 ad
538 2032 631 2078 VII,
677 2033 765 2072 139.
822 2034 880 2068 De
912 2032 994 2082 ipso

334 2100 445 2124 muro
494 2089 592 2125 conf.
623 2087 731 2133 VIII,
769 2092 836 2130 71.
902 2090 996 2125 Mox

336 2145 471 2194 optimi
497 2146 639 2197 quique
661 2144 774 2184 codd.
809 2145 851 2185 έν
882 2143 995 2192 τέλεϊ,

337 2200 442 2252 quod
472 2203 587 2238 etiam
616 2200 731 2238 habet
759 2200 896 2239 Matth.
929 2202 997 2239 Gr.

337 2258 403 2294 Gr.
445 2259 480 2303 ξ.
512 2260 593 2299 577
632 2272 720 2309 pag.
761 2260 894 2306 1139,
933 2259 998 2310 qui

336 2313 440 2350 idem
461 2315 498 2359 ξ.
520 2314 615 2354 295.
654 2318 671 2354 1
709 2329 745 2365 p.
768 2316 848 2356 590
877 2314 998 2362 affert,

339 2369 442 2422 quod
463 2372 531 2417 IX,
555 2373 579 2411 8
607 2372 746 2421 legitur
766 2368 867 2422 πρός
886 2370 999 2419 τέλεϊ,

339 2434 381 2464 ut
421 2426 523 2478 apud
562 2429 674 2465 Dion.
714 2426 906 2479 Chrysost.
935 2429 999 2465 Or.

338 2485 428 2520 LXI
449 2496 536 2534 pag.
559 2485 638 2526 583
663 2485 710 2522 D.
738 2491 775 2521 et
796 2485 893 2522 Plat.
914 2486 1000 2521 Me-

339 2552 430 2580 nex.
452 2542 534 2578 init.
548 2571 557 2589 ‚
588 2541 655 2577 ubi
675 2539 738 2580 έπὶ
757 2539 873 2582 τέλεϊ.

396 2618 496 2670 ἡμῖν
526 2616 595 2660 τόν
617 2618 779 2671 Πέρσην
809 2615 1002 2660 ἀντιώσε-

344 2677 460 2724 σθαι]
494 2675 719 2714 Schaeferus
738 2677 841 2714 libris
876 2677 1000 2714 invitis

344 2730 500 2769 dederat
526 2736 581 2786 τῷ
603 2732 752 2788 Πέρσῃ,
775 2733 879 2786 quod
898 2733 1003 2771 idem

343 2788 385 2825 in
403 2796 574 2826 mentem
593 2798 749 2828 venerat
768 2790 1004 2829 Valckenae-

1045 1373 1114 1420 rio,
1134 1368 1315 1423 equidem
1332 1384 1421 1407 cum
1442 1369 1596 1424 reliquis
1617 1369 1706 1409 edd.

1044 1429 1220 1466 revocavi
1266 1429 1544 1477 accusativum,
1591 1440 1709 1480 quem

1045 1487 1162 1524 verbo
1215 1479 1413 1531 οἷντιάζειν
1457 1484 1545 1522 addi
1584 1498 1707 1536 posse,

1045 1544 1172 1595 plures
1204 1541 1279 1578 loci
1309 1549 1631 1581 commonstrant:
1659 1543 1708 1592 11,

1049 1598 1142 1639 141.
1163 1597 1239 1646 IV,
1261 1600 1328 1638 80.
1354 1600 1445 1638 118.
1481 1603 1554 1640 121
1579 1599 1710 1651 ibique

1048 1657 1126 1692 citt.
1142 1657 1257 1691 Hom.
1277 1655 1322 1691 Il.
1342 1656 1372 1703 1,
1404 1658 1470 1695 31.
1528 1657 1585 1693 Ac
1602 1669 1712 1707 prae-

1046 1720 1151 1749 terea
1173 1711 1249 1748 duo
1278 1718 1363 1748 tum
1395 1720 1620 1750 concurrent
1642 1712 1714 1750 da-

1048 1770 1138 1817 tivi,
1163 1781 1400 1821 quamquam
1428 1767 1527 1820 ἦμῖν
1550 1769 1599 1806 ad
1619 1781 1713 1809 συν·

1049 1825 1213 1877 θέμενοι
1233 1833 1402 1875 spectare
1432 1827 1518 1863 satis
1546 1833 1713 1878 apparet.

1052 1882 1164 1929 Quod
1183 1895 1273 1918 vero
1295 1883 1391 1919 Gaii.
1413 1884 1468 1919 Le
1479 1881 1611 1934 philol.
1622 1883 1713 1934 1Vp.

1051 1939 1132 1981 245
1154 1938 1230 1978 h.l.
1253 1940 1304 1975 ita
1315 1939 1601 1990 interpretatur:
1626 1939 1714 1978 Per·

1050 2009 1126 2033 sam
1159 1999 1361 2044 coacturos,
1394 2000 1434 2033 ut
1471 1997 1570 2034 nobis
1591 2010 1715 2034 occur-—

1050 2057 1130 2097 rat5
1176 2054 1309 2089 malim
1345 2053 1525 2105 equidem
1554 2053 1715 2091 reddere

1054 2109 1184 2147 Persae
1201 2110 1398 2147 obviamire
1414 2110 1461 2147 ad
1467 2123 1642 2160 pugnam.
1660 2129 1715 2138 —-—

1054 2167 1228 2217 Sequens
1267 2165 1306 2212 ἐς
1341 2163 1385 2205 τό
1425 2164 1574 2217 παρεὸν
1609 2168 1716 2217 attigi

1055 2221 1104 2259 ad
1131 2222 1220 2269 Vn,
1256 2224 1309 2261 29
1330 2223 1416 2268 fin„
1447 2224 1609 2260 verbum
1639 2238 1717 2275 μη-

1053 2279 1156 2318 νίειν
1178 2276 1226 2314 ad
1244 2279 1332 2326 vll,
1361 2280 1454 2320 169,
1478 2303 1528 2308 —-
1550 2279 1612 2317 Ad
1636 2280 1718 2317 for-³

1055 2336 1201 2372 mulam
1223 2330 1282 2374 ’ὅτι
1309 2331 1427 2385 τάχος
1448 2336 1549 2374 conf.
1578 2335 1716 2377 Matth.

1056 2394 1122 2430 Gr.
1141 2393 1208 2433 Gr.
1231 2393 1265 2437 ξ.
1284 2392 1364 2432 624
1381 2406 1418 2442 p-
1444 2395 1566 2434 1271.

1113 2446 1425 2498 ἐπιτηδειότατόν
1455 2449 1534 2489 ἐστι
1551 2447 1718 2502 ἕμμαχέ-

1059 2509 1208 2544 σασθαι
1244 2502 1286 2544 τό
1324 2502 1518 2557 Θριάσιον
1555 2507 1718 2556 πεδίον]

1055 2563 1141 2599 Duo
1163 2560 1275 2599 codd.
1299 2562 1611 2613 έπιτηδέστατον,
1631 2577 1720 2601 me-

1055 2620 1127 2655 rito
1166 2617 1261 2655 illud
1296 2619 1453 2671 quidem
1481 2622 1665 2658 reiectum
1697 2631 1720 2657 a

1056 2674 1332 2713 Valckenaerio
1346 2707 1355 2721 ,
1388 2678 1454 2729 qui
1474 2677 1606 2715 laudat
1627 2677 1720 2715 Sui-

1060 2731 1150 2770 dam
1177 2746 1206 2774 s.
1233 2746 1267 2770 v.
1301 2728 1496 2784 εὐήλατον
1522 2736 1540 2771 Ι
1567 2747 1606 2785 p.
1637 2734 1719 2775 888

1060 2796 1099 2828 et
1119 2790 1292 2841 geminos
1310 2791 1414 2829 locos
1438 2789 1624 2829 Herodoti
1647 2790 1718 2839 IX,
