1839 3292
348 200 402 239 12

750 202 1217 240 HERODOTI

345 325 443 352 κετο
483 310 525 360 ἐς
566 309 670 360 τούς
706 310 941 366 Ἕλληνας,
988 311 1071 354 οὐκ
1112 311 1192 366 ἔχω
1232 310 1347 354 εἶπαι
1378 312 1615 366 ἀτρεκέως·

315 376 565 432 Βθωυμάζω
597 378 642 420 δὲ
672 380 709 420 εἰ
746 378 798 420 td
829 377 1039 432 λεγόμενά
1082 377 1171 422 ἐστι
1209 379 1385 434 ἀληθέα.

1443 381 1608 436 λέγεται
1620 391 1641 424 5

344 445 429 499 γάρ
465 444 522 495 ὥς
553 445 593 497 ἐξ
614 444 836 500 Ἀφετέων
866 445 946 495 δύς
978 445 1019 495 ἐς
1048 445 1126 502 τὴν
1149 448 1391 496 θάλασσαν,
1421 448 1476 492 οὐ
1504 449 1613 503 πρό·

343 528 472 564 τερον
515 512 665 568 ἀνέσχε
707 514 812 566 πρὶν
849 513 879 569 ἢ
918 511 1095 556 ἀπίκετο
1139 517 1210 559 ἐπὶ
1250 516 1297 559 τό
1338 515 1615 571 Ἀρτεμίσιον,

345 582 548 631 σταδίους
575 582 760 637 μάλιστά
793 599 847 638 κη
868 581 1056 632 τούτους
1083 583 1126 634 ἐς
1155 583 1410 637 ὀγδώκοντα
1442 585 1513 628 διὰ
1540 591 1616 641 τῆς

315 649 572 705 4θαλάσσης
620 651 864 702 διεξελθών.

341 786 598 839 μετεξέτερα,
629 786 807 842 ἀληθέα.

938 652 1106 707 λέγεται
1151 653 1231 706 μέν
1268 669 1352 695 νυν
1391 654 1466 696 καὶ
1508 654 1616 697 ἄλλοι

344 717 524 768 ψευδέσι
572 720 716 762 εἴκελα
765 721 864 776 περὶ
903 724 983 764 τοῦ
1025 719 1190 776 ἀνδρὸς
1229 720 1420 764 τούτου·

863 789 959 842 περὶ
989 788 1137 844 μέντοι
1167 788 1328 832 τούτου
1359 788 1510 845 γνώμη
1539 806 1615 845 μοι
1630 798 1672 831 10

1471 721 1524 764 τὰ
1569 722 1614 765 δὲ

314 851 637 908 5ἀποδεδέχθω,
663 858 802 912 πλοίῳ
824 874 899 911 μιν
919 856 1152 901 ἀπικέσθαι
1173 859 1239 901 ἐπὶ
1262 858 1309 900 τὸ
1333 855 1614 912 Ἀρτεμίσιον.

346 938 406 971 ως
446 921 492 964 δὲ
524 920 720 975 ἀπίκετο,
763 924 920 968 αὐτίκα
960 926 1147 983 ἐσημῃνε
1184 932 1299 969 τοῖσι
1335 931 1616 982 στρατηγοῖσι

342 1005 422 1044 την
446 1005 489 1032 τε
506 994 731 1048 ναυηγίην,
761 992 817 1044 ὠς
834 995 1016 1049 γένοιτο,
1050 995 1213 1045 καὶτὰς
1239 997 1615 1051 περιπεμφθείσας

259 1047 291 1091 9
349 1060 438 1100 τῶν
467 1061 578 1101 νεῶν
607 1061 704 1114 περὶ
734 1062 948 1117 Εὔβοιαν.

10 1109 135 1136 „axibus
154 1109 213 1136 illis
233 1111 284 1136 ‹»-l

10 1143 88 1170 nam
107 1143 195 1170 eundi
215 1152 285 1172 con-
313 1125 555 1181 2”Έλληνες,
585 1127 720 1184 λόγον
751 1133 877 1186 σφίσι
909 1132 1080 1176 αὐτοῖσι
1109 1132 1323 1176 ἐδίδοσαν.
1371 1136 1548 1175 πολλῶν
1569 1130 1670 1174 δὲ15

341 1285 416 1327 οὐκ
458 1286 530 1338 ἔχω
578 1281 685 1325 εἶπαι
733 1280 946 1334 ἀτρεκέως]

282 1346 381 1383 Tres
402 1345 487 1381 libri
510 1343 649 1389 εἰπεῖν,
670 1342 833 1378 solemni
855 1355 947 1378 cou-

282 1403 443 1439 fusione.
492 1403 590 1438 Usus
628 1406 755 1436 noster
791 1405 846 1435 est
874 1397 947 1435 hac

285 1460 450 1496 formula
478 1459 643 1495 crebrius
671 1457 710 1492 in
742 1456 853 1492 rebus
885 1456 948 1491 in-

284 1518 394 1554 certis
422 1516 592 1561 mirisve,
637 1527 657 1549 a
687 1513 823 1564 quibus
853 1525 947 1562 pru-

285 1573 420 1611 denter
441 1585 553 1609 suum
570 1583 763 1608 assensum
780 1568 946 1606 cohibet.

286 1631 396 1670 Conf.
409 1631 471 1676 IV,
483 1631 534 1670 25
552 1630 680 1679 ibique
692 1633 787 1663 nott.
806 1629 897 1668 187.
916 1628 947 1663 Ι.

287 1687 602 1727 160.11.103.V.9
615 1685 742 1735 ibique
753 1690 848 1724 nott,
862 1684 945 1728 Quo

284 1743 423 1780 eodem
451 1749 623 1793 spectant
643 1742 759 1778 verba
779 1753 947 1806 seque-n-

282 1802 354 1838 tia:
409 1795 611 1850 θωυμάζω
652 1796 694 1837 δὲ
735 1799 801 1843 (ita
841 1798 945 1833 euim

279 1858 410 1908 scripsi
431 1869 499 1907 pro
521 1851 714 1906 θωμάζω
738 1852 810 1902 δὲ),
841 1854 877 1893 εἰ
895 1851 943 1892 to}

279 1912 472 1968 λεγόιιενά
509 1912 588 1952 ἐστι
629 1907 806 1961 ἀληθέας
849 1924 943 1947 nam

278 1972 322 2008 iis
340 1971 552 2008 declaratur
564 1970 642 2006 veri
656 1968 836 2015 studium,
865 1981 941 2020 quo

282 2030 418 2065 Noster
431 2027 600 2073 eminuit,
623 2027 662 2061 in
673 2027 715 2063 iis
728 1998 942 2062 diiudican-

285 2085 354 2132 dis,
385 2098 482 2136 quae
506 2097 527 2120 a
547 2096 675 2119 rerum
705 2090 842 2119 natura
873 2083 943 2118 ab-

282 2141 436 2178 horrere
470 2140 714 2187 viderentur,
750 2140 942 2191 simulque

282 2200 430 2235 animus
465 2198 572 2247 vulgi
615 2197 941 2247 superstitionibus

282 2254 386 2291 haud
405 2256 457 2291 ita
478 2261 621 2304 captus,
641 2261 683 2290 ut
704 2254 814 2290 rebus
837 2254 941 2290 miris

284 2319 398 2363 atque
433 2310 717 2348 incredibilibus
758 2312 941 2347 continuo

284 2368 399 2404 fidem
420 2367 586 2406 adderet.
618 2368 730 2405 Conf.
750 2369 831 2413 VII,
850 2369 941 2408 189.

288 2427 363 2463 133
380 2426 482 2491 ibiq.
496 2431 593 2461 nott.

342 2494 388 2517 ου
405 2477 598 2532 πρότερον
610 2476 807 2531 ἀνέσχε]ἰ.
822 2494 856 2517 e.
871 2491 943 2518 non

282 2537 384 2585 prius
407 2550 441 2573 se
469 2539 598 2575 extulat
626 2538 735 2588 aqud.
784 2536 847 2574 Ad
879 2538 943 2576 δι·-

285 2588 458 2637 εξελθών
474 2595 574 2634 conf,
586 2601 681 2631 nott.
692 2593 739 2631 ad
749 2594 830 2641 VII,
845 2596 939 2634 100.

287 2647 483 2695 Octoginta
502 2650 619 2686 stadia
634 2650 696 2688 hic
711 2651 861 2688 minora
875 2651 940 2686 in-

282 2704 402 2753 telligi
412 2705 489 2740 vult
502 2705 724 2753 Larcherus‚
749 2708 800 2744 ita
810 2714 852 2744 ut
863 2706 939 2745 duo

284 2760 403 2795 ferme
426 2761 598 2797 milliaria
619 2763 761 2800 Gallica
786 2764 942 2811 (Lieues

284 2819 435 2865 vocant)
461 2816 549 2854 inde
579 2818 839 2859 conficiantur.

1021 1068 1162 1107 Τοῦτο
1195 1064 1240 1107 δὲ
1276 1061 1544 1113 ἀκούσαντες
1571 1063 1615 1105 οἱ

1060 1281 1200 1337 γνώμη
1223 1298 1291 1334 μοι
1308 1279 1588 1334 ἀποδεδέχθω]
1611 1287 1669 1322 De

1003 1342 1197 1379 locutione
1219 1342 1321 1376 conf.
1342 1348 1437 1377 nott.
1460 1340 1554 1388 adl,
1575 1345 1669 1383 170.

1004 1399 1256 1435 DeArtemi‘szo
1277 1396 1668 1445 vid.511‚175.176.

1004 1477 1060 1484 -
1090 1457 1133 1491 In
1163 1467 1270 1506 seqq.
1292 1467 1360 1505 pro
1388 1452 1562 1509 ἐσήμῃνε
1593 1463 1668 1494 tres

1005 1511 1116 1549 codd.
1131 1507 1332 1562 ε’σημαινε,
1351 1511 1454 1563 quod
1468 1525 1546 1548 non
1559 1525 1668 1563 sper-

1003 1568 1176 1606 nendum
1196 1568 1347 1605 videtur
1368 1567 1668 1620 Schweighaeu-

1003 1640 1086 1663 sero
1108 1626 1319 1663 conferenti
1338 1627 1370 1662 W
1373 1627 1437 1673 111,
1456 1598 1546 1667 21?

1061 1681 1115 1730 ὥς
1144 1682 1318 1734 γένοιτο]
1348 1681 1533 1721 Valcken.
1554 1685 1667 1721 scribi

1003 1741 1084 1777 vult
1106 1736 1179 1790 ὅση
1198 1738 1371 1791 ἐγένετοτ
1401 1745 1572 1791 quantum
1594 1741 1667 1792 fu-

1002 1799 1085 1834 isset
1104 1797 1199 1834 illud
1219 1796 1466 1847 naufragium.
1498 1799 1587 1844 ,‚At,
1608 1799 1665 1834 in-

1002 1855 1084 1906 quit
1107 1854 1236 1891 Seleu>
1252 1856 1326 1902 εἰς
1337 1854 1386 1902 lu,
1407 1853 1570 1891 eandem
1586 1855 1665 1891 fere

999 1911 1041 1947 in
1062 1912 1292 1948 sententiam
1313 1912 1410 1947 bene
1432 1911 1549 1948 habet
1575 1912 1664 1948 vul—

1000 1975 1157 2018 gatum:
1182 1966 1234 2014 ὥς
1244 1966 1410 2019 γένοιτο,
1432 1969 1535 2018 quale
1544 1967 1665 2018 fuerit

999 2024 1253 2076 naufragium,
1276 2037 1354 2076 quo
1370 2025 1488 2063 modo
1511 2024 1664 2062 accide-

998 2084 1072 2130 rit,
1112 2094 1277 2132 quemque
1313 2083 1446 2119 exitum
1475 2083 1660 2119 habuerit:

998 2152 1140 2189 nempe
1160 2137 1254 2175 haec
1274 2138 1338 2174 ille
1358 2139 1511 2176 Graecis
1533 2139 1662 2176 omnia

998 2196 1252 2248 particulatim
1264 2197 1535 2234 renunciavit.“
1551 2197 1668 2232 Nam-

1000 2267 1075 2306 que
1095 2254 1270 2289 Persicae
1285 2253 1409 2289 classis
1419 2254 1664 2304 naufragium

1001 2310 1158 2363 quidem
1170 2308 1382 2346 iudicarant
1395 2312 1664 2362 speculatore-3,

1001 2375 1094 2404 teste
1114 2365 1310 2404 Herodoto
1330 2367 1413 2415 VII,
1439 2369 1540 2415 1923
1581 2368 1662 2402 iam

1000 2424 1155 2462 advenit
1171 2422 1361 2474 Scythias,
1381 2425 1530 2474 singula
1545 2436 1661 2459 accu-

999 2489 1081 2518 rate
1111 2493 1302 2527 enarrans,
1332 2493 1585 2533 quaecunque
1611 2478 1663 2516 ad

1000 2537 1095 2575 illud
1125 2537 1369 2587 naufragium
1403 2537 1659 2588 pertinebant,

999 2608 1175 2648 quaeque
1183 2595 1260 2644 ipse
1269 2595 1444 2630 omnium
1452 2595 1667 2645 optimeno-

996 2659 1114 2700 verat,
1123 2664 1213 2688 cum
1222 2652 1301 2701 ipse
1311 2649 1410 2687 cladi
1418 2651 1658 2688 interfuisset.

1233 2707 1327 2758 Cap.
1356 2709 1428 2745 IX.

1055 2761 1174 2816 λόγον
1204 2765 1319 2814 σφίσι
1347 2760 1503 2804 αὐτοῖσι
1531 2761 1658 2802 ἐδίδο-

1000 2822 1089 2872 σαν]
1125 2822 1149 2859 i.
1164 2834 1199 2859 e.
1236 2834 1349 2860 secum
1377 2821 1658 2860 deliberaverunt
