1839 3292
380 229 435 267 22
785 221 1248 261 HERODOTI

379 350 458 391 χον
488 333 600 387 πρὸς
631 337 693 392 τῷ
719 332 982 388 Ἀρτεμισίῳ.
1043 333 1086 374 οἱ
1115 329 1159 373 δὲ
1181 327 1401 383 βάρβαροι
1430 328 1653 382 μηνοειδὲς

380 402 638 458 ποιήσαντες
676 405 762 444 τῶν
801 405 934 451 νεῶν,
965 395 1252 441 ἐκυκλεύοντο
1284 394 1342 446 ὠς
1378 399 1652 451 περιλάβοιεν

354 467 563 519 Ξαύτούς.
614 467 820 510 ἐνθεῦτεν
859 470 901 511 οἱ
929 468 1134 522 ΓΈλληνες
1177 463 1456 507 ἐπανέπλωόν
1496 479 1541 506 τε
1580 465 1654 507 καὶ

382 537 656 591 συνέμισγον.
711 534 793 578 Ἐν
836 534 973 592 ταύτῃ
1016 538 1068 589 τῇ
1108 533 1328 588 ναυμαχίῃ
1359 531 1710 587 παραπλήσιοιιο

356 604 612 660 3οἶλλήλοισι
643 604 849 659 ἐγίνοντο.
908 601 931 646 ὁ
962 601 1046 659 γὰρ
1078 600 1243 655 Ξέρξεω
1265 598 1448 653 στρατός
1471 596 1557 641 ’ὑπὸ
1580 615 1655 654 με-

381 671 544 728 γάθεός
582 687 626 715 τε
666 673 739 716 καὶ
777 671 970 729 πλήθεος
1012 668 1145 720 αὐτὸς
1187 666 1262 712 ὑπ’
1294 668 1462 711 ἑωυτοῦ
1494 665 1652 719 ἔπιπτε,

382 738 738 793 ταρασσομενέων
785 756 830 782 τε
878 742 967 782 τῶν
996 742 1135 788 νεῶν,
1177 737 1249 780 καὶ
1281 733 1656 788 περιπιπτουσέων

356 809 486 861 (ιπερὶ
517 806 716 863 ἀλλήλας.
777 808 894 862 ὅμως
933 807 1082 862 μέντοι
1111 803 1300 858 ἀντεῖχε,
1330 802 1404 844 καὶ
1435 800 1516 845 οὐκ
1547 800 1654 845 εἷκε·

387 876 534 920 δεινὸν
571 874 655 931 γὰρ
686 879 831 931 χρῆμα
862 875 1112 925 ἐποιεῦντο,
1153 870 1240 914 ὑπὸ
1282 873 1395 913 νεῶν
1426 867 1584 924 ὀλίγων
1614 868 1656 919 ἐς
1671 875 1711 909 15

357 944 544 1000 5φυγὴν
579 943 831 996 τραπέσθαι.
899 942 1060 987 πολλαὶ
1100 939 1178 994 μὲν
1221 937 1274 992 δή
1316 940 1405 980 τῶν
1436 934 1656 991 Ἑλλήνων

385 1013 477 1063 νέες
507 1013 836 1067 διεφθείροντο,
867 1011 1019 1054 πολλοὶ
1048 1008 1093 1052 δὲ
1115 1007 1292 1059 ἄνδρες·
1335 1008 1483 1061 πολλῷ
1515 1002 1554 1047 δ’
1595 1004 1657 1048 ἔτι

385 1084 566 1130 πλεῦνες
582 1079 674 1131 νέες
693 1096 736 1123 τε
749 1084 837 1123 τῶν
851 1078 1091 1134 βαρβάρων
1110 1075 1182 1118 καὶ
1202 1073 1368 1127 ἄνδρες.
1413 1073 1527 1114 οὕτω
1548 1071 1594 1115 δὲ
1610 1070 1655 1114 οἷ·

256 1151 322 1197 17
387 1147 680 1204 γωνιζόμενοι,
711 1148 939 1203 διέστησαν
967 1145 1098 1202 χωρὶς
1127 1140 1334 1196 ἑκάτεροι.
1356 1139 1428 1183 Ἐν
1446 1156 1582 1197 ταυτῃ
1604 1144 1658 1197 τῇ

56 1216 195 1252 Aegyptii
220 1220 250 1245 et
270 1216 332 1244 Cli-

54 1252 119 1278 nias
137 1250 326 1280 Atheniensis

56 1285 210 1313 celebrati.

557 1323 650 1374 Cap.
666 1322 769 1359 XVI.

387 1400 596 1454 μηνοειδὲς
625 1396 867 1451 ποιήσαντες
913 1414 994 1438 των

326 1460 447 1507 νεῶν]
479 1459 607 1495 Mente
627 1457 742 1494 addas
758 1458 845 1493 licet
866 1451 995 1507 τάγμα

326 1517 387 1552 vel
417 1516 539 1552 simile
571 1514 675 1567 quid.
734 1515 858 1550 Naves
890 1515 994 1549 euim

328 1573 379 1609 ita
404 1573 658 1619 collocarunt,
710 1578 752 1608 ut
773 1571 886 1606 lunae
910 1583 995 1606 cre-

332 1630 469 1666 scentis
506 1630 672 1679 speciem
694 1629 848 1664 referret
879 1628 990 1664 acies.

337 1685 448 1726 Couf,
477 1686 507 1731 1,
538 1685 591 1726 75
625 1692 661 1722 et
681 1683 729 1721 ad
762 1683 995 1721 anteceden-

334 1743 387 1779 tia
406 1741 447 1781 οἱ
466 1740 617 1792 Ξέρξεω
640 1740 792 1778 nott.ad
806 1741 884 1787 vll,
903 1739 995 1781 104.

391 1804 650 1849 ἕκυκλεύοντο
673 1807 726 1855 ὦς
744 1804 997 1859 περιλάβοιεν

337 1861 510 1914 αὐτούς]
526 1867 584 1906 Cf,
614 1873 709 1902 nott.
744 1865 792 1902 ad
812 1866 910 1914 vm,
930 1868 995 1906 10.

392 1918 666 1973 παραπλήσιοι
691 1921 885 1974 ἐγίνοντο]
920 1923 996 1958 Alii

338 1977 628 2031 gye'vovtossluos
640 1986 851 2030 sequuntur
859 1977 995 2016 Matth.

339 2042 377 2072 et
395 2034 565 2073 Bekker.
623 2034 734 2081 Quod
767 2048 858 2072 vero
879 2036 994 2085 vulgo

338 2098 512 2129 vertunt:
539 2094 626 2142 pari
640 2091 765 2129 IlInrte
792 2095 995 2142 pugnatum

338 2152 401 2196 est,
441 2149 588 2185 mavult
616 2148 724 2185 reddi
761 2147 994 2186 Larcherus:

339 2206 500 2254 aequatis
521 2205 666 2252 viribus,
681 2207 704 2241 ἀ
717 2212 720 2218 '
726 2203 843 2254 forces
864 2206 994 2254 &gale-v.

338 2262 523 2311 Vulgatae
560 2262 860 2312 interpretationi
895 2263 997 2299 favet

339 2318 534 2354 Cornelius
562 2319 647 2354 loco
677 2331 771 2354 mox
790 2317 995 2367 laudando,

340 2375 406 2410 ubi
428 2375 527 2411 conf.
547 2375 781 2425 interpretes,
805 2376 871 2427 qui
891 2377 998 2412 etlo-

341 2432 538 2467 cntionem
564 2432 797 2468 illustrarunt
826 2439 862 2468 et
884 2444 1000 2482 argu—

344 2494 537 2535 mentum,
568 2486 880 2540 quaudoquidem
901 2495 1000 2536 sunt,

343 2544 409 2593 qui
430 2545 627 2581 victoriam
652 2546 758 2582 aliter
787 2552 901 2596 atque
920 2547 1001 2581 He-

344 2597 498 2636 rodotus
519 2602 672 2638 Graecis
692 2602 872 2638 tribuant.

401 2651 519 2702 αυ’το“ς
555 2654 624 2696 ’ὑπ’
652 2657 805 2698 ἑωυτοῦ
838 2657 998 2707 ἔπιπτε]

345 2710 500 2747 Confert
524 2713 706 2751 Valcken.
729 2715 895 2752 Cornelii
921 2717 1001 2752 Ne·-

340 2769 437 2817 potis
456 2769 572 2805 verba
595 2770 634 2805 iu
659 2770 849 2811 Themist.
870 2785 930 2823 cp.
953 2775 998 2812 3:

340 2825 570 2874 „Angustias
587 2826 690 2863 enim
720 2827 999 2867 Themistocles

1053 1315 1171 1364 [inter
1197 1313 1398 1349 Euboeam
1432 1314 1715 1351 continentem-

1053 1385 1127 1424 que
1156 1371 1322 1419 terram]
1368 1371 1616 1421 quaesiverat,
1665 1385 1716 1409 ne

1050 1426 1297 1465 multitudine
1344 1428 1502 1463 navium
1548 1429 1716 1464 circum-

1049 1486 1181 1523 iretur.
1252 1484 1323 1519 Hic
1364 1485 1432 1520 etsi
1459 1485 1540 1535 pari
1572 1486 1715 1535 proelio

1054 1541 1459 1584 discesserant‚tameu
1484 1539 1715 1579 eodemloco

1051 1612 1130 1636 non
1142 1605 1230 1635 sunt
1250 1598 1330 1633 ausi
1351 1610 1507 1637 manere
1529 1605 1598 1636 etc.
1617 1600 1717 1636 etc.“

1051 1655 1114 1692 Ad
1140 1655 1255 1693 verba
1290 1651 1425 1693 δεινόν
1456 1656 1588 1705 χρῆμα
1607 1654 1717 1694 ἐποι-

1052 1714 1167 1752 εῦντο
1210 1711 1313 1748 conf.
1340 1718 1435 1749 nott.
1468 1710 1516 1747 ad
1541 1713 1639 1760 VIII,
1666 1712 1716 1754 15

1052 1770 1134 1807 init.
1175 1769 1250 1804 Pro
1271 1766 1361 1819 περὶ
1383 1763 1503 1819 α’λλή
1518 1770 1603 1814 λας
1626 1770 1718 1806 Rei-

1053 1825 1158 1863 skins
1206 1825 1340 1861 mallet
1379 1823 1470 1875 περὶ
1512 1819 1712 1875 α’λλήλαις,

1052 1895 1131 1919 non
1159 1882 1281 1928 male,
1312 1887 1355 1917 ut
1386 1880 1526 1918 iudicat
1549 1883 1717 1920 Sintenis

1054 1939 1103 1976 ad
1123 1936 1318 1975 Plutarch.
1340 1936 1592 1975 Themistocl.
1616 1940 1716 1990 15p.

1055 1998 1156 2042 106,
1186 2007 1422 2047 quamquam
1456 1996 1571 2032 etiam
1601 2008 1717 2032 accu-

1053 2053 1193 2089 sativus
1223 2052 1311 2087 ferri
1331 2052 1480 2102 poterit.
1541 2052 1625 2097 Quo
1648 2065 1717 2090 eo-

1055 2107 1144 2145 dem
1181 2115 1364 2144 monente
1396 2106 1487 2159 περὶ
1515 2102 1717 2158 ἀλλήλαις,

1053 2165 1095 2202 ele
1119 2165 1204 2201 aliis
1231 2177 1332 2214 snper
1365 2164 1456 2201 alios
1486 2165 1718 2203 incidentibus

1052 2223 1151 2258 bene
1173 2220 1323 2258 dicitur.
1379 2222 1424 2257 ln
1455 2221 1647 2259 Sancrofti
1668 2224 1718 2259 li-

1052 2279 1120 2315 bro
1152 2291 1303 2329 prorsus
1343 2276 1449 2314 deest
1485 2280 1715 2330 praepositio

1053 2334 1158 2385 περί.

1113 2388 1347 2440 διέστησαν]
1370 2388 1456 2429 Vid.
1478 2391 1507 2440 1,
1527 2393 1595 2432 76.
1615 2392 1716 2439 VIII,

1059 2449 1123 2487 18.
1148 2448 1223 2483 Pro
1235 2442 1518 2497 ἀγωνιζόμενοι
1531 2446 1716 2499 Schwgh.

1056 2504 1187 2541 mallet
1216 2498 1519 2555 ἀγωνισάμενοι.

1275 2593 1367 2644 Cap.
1383 2595 1506 2632 XVII.

1112 2656 1179 2698 Ἐν
1193 2656 1314 2714 ταύτῃ
1334 2664 1386 2715 τῇ
1407 2661 1622 2716 ναυμαχίῃ]
1642 2661 1716 2698 Se-

1057 2716 1230 2754 cundum
1254 2717 1467 2755 Diodorum
1490 2719 1557 2765 XI,
1582 2721 1631 2758 13
1653 2719 1715 2754 in-

1055 2780 1113 2810 ter
1134 2776 1296 2811 Graecos
1315 2777 1574 2812 excelluerunt
1592 2773 1714 2811 Athe-

1054 2832 1205 2868 nienses
1215 2826 1604 2882 dqcatsv'ovtsffiinter
1625 2832 1714 2869 bar-
