1839 3292
246 221 334 262 418
798 219 1179 258 COMMENTATIO

248 330 435 386 quasdam
464 332 567 384 leges
605 331 713 385 sequi
732 329 883 369 videtur
897 362 909 379 ,
948 338 991 368 ut
1011 332 1140 369 omnia
1167 331 1216 369 ad
1243 344 1363 368 unam
1383 329 1624 384 eandemque
1642 343 1736 370 nor-

247 403 354 428 mam
374 388 525 427 dialecti
554 390 705 426 Ionicae
735 389 937 424 constituta
961 390 1058 438 sint3
1091 389 1183 440 quin
1204 387 1278 425 hoc
1298 391 1421 439 ipsum
1440 389 1654 440 posterioris
1672 401 1738 426 ae-

246 448 332 485 tatis
352 448 691 498 grammaticorum
709 444 878 481 studium
898 444 1033 493 fuisse,
1064 452 1106 482 ut
1121 444 1380 494 Herodotum,
1403 459 1519 497 quem
1542 447 1582 482 in
1602 446 1738 496 singu-

246 505 292 542 lis
319 504 450 541 formis
469 503 668 553 verbisque
686 514 766 538 non
785 502 915 538 omnia
938 500 986 538 ad
1001 514 1118 538 unam
1139 503 1312 552 regulam
1328 509 1471 539 certam
1491 504 1645 554 exigere
1674 503 1738 539 in-

246 567 448 606 venerant,
481 559 712 609 corrigerent
727 564 764 595 et
784 557 833 594 ad
852 559 1003 595 Ionicae
1025 557 1175 595 dialecti
1198 571 1398 606 canonem,
1433 571 1551 610 quem
1570 560 1640 597 sibi
1660 559 1738 595 fin-

246 623 404 665 xerant,
431 616 552 666 magis
572 615 875 661 conformarent,
896 622 939 652 ut
957 616 1144 666 suiipsius
1164 617 1286 666 inagis
1318 622 1493 652 constans
1522 616 1587 653 ille
1615 628 1738 666 appa—

246 680 368 721 reret,
398 673 555 723 vestigia
575 671 765 724 quaedam
784 671 951 709 indicare
970 671 1158 710 videntur.
1189 670 1229 721 i⁹⁹)
1287 673 1477 708 Nimirum
1503 672 1586 709 illos
1605 684 1738 722 gram-

246 731 405 767 maticos
433 728 538 766 idem
570 728 772 766 offendisse
791 728 960 775 videtur,
991 742 1067 780 quo
1090 730 1149 765 vel
1172 736 1297 766 nostra
1319 735 1440 765 aetate
1469 727 1572 766 haud
1596 741 1739 779 paucos

247 788 346 825 viros
368 785 497 823 doctos
518 785 662 823 offendi
676 785 867 831 videmus,
900 784 1004 837 quod
1025 787 1164 823 scilicet
1184 785 1399 823 Herodotus
1419 799 1497 822 non
1523 787 1651 822 omnia
1672 798 1740 822 ac-

248 850 377 882 curate
399 842 447 880 ad
466 844 618 880 lonicae
638 842 787 879 dialecti
806 843 907 892 leges
923 855 1174 894 normamque
1191 844 1371 893 exegerit,
1382 841 1449 879 sed
1469 843 1558 879 alias
1578 843 1740 879 aliarum

249 913 403 953 quoque
423 898 672 937 dialectorum
691 899 830 936 formas
850 900 1064 950 promiscue
1084 898 1320 948 adhibuerit,
1345 913 1394 935 ne
1413 901 1453 935 in
1473 900 1559 950 ipsis
1581 897 1740 951 quidem

246 958 386 994 Ionicis
413 957 545 993 formis
571 957 642 993 sibi
671 969 821 1006 prorsus
853 962 1046 1003 constans,
1091 969 1254 1008 quarum
1273 958 1313 993 in
1339 957 1469 992 locum
1488 956 1654 1006 vulgaris
1674 961 1740 993 aut

249 1015 346 1065 epici
383 1013 566 1050 sermonis
595 1013 742 1050 formae
772 1011 878 1049 haud
907 1025 992 1049 raro
1020 1012 1246 1062 succedant,
1283 1014 1336 1050 ita
1364 1019 1407 1049 ut
1435 1013 1539 1049 nulla
1560 1017 1741 1064 appareat

250 1083 380 1118 causa,
411 1083 478 1107 cur
498 1068 598 1107 hanc
617 1071 698 1107 sive
716 1070 821 1105 illam
840 1070 1004 1106 formam
1023 1070 1254 1120 praetulerit.
1309 1070 1513 1106 Auxerunt
1531 1067 1632 1106 hanc
1660 1069 1740 1106 sive

249 1128 471 1165 varietatem
500 1127 579 1164 sive
606 1128 900 1163 inconstantiam
929 1126 1071 1162 librarii
1109 1125 1285 1163 codicum
1308 1126 1498 1172 incuriosi,
1521 1121 1595 1175 ἑξ)
1623 1137 1741 1176 prave

249 1184 390 1221 formas
410 1184 530 1221 varias
549 1184 818 1234 permiscentes
838 1196 910 1219 nec
929 1184 981 1220 ita
1001 1182 1266 1230 discernentes,
1287 1189 1328 1219 ut
1347 1183 1386 1218 iu
1406 1183 1498 1218 locis
1522 1180 1645 1219 dubiis
1665 1182 1742 1218 cri-

249 1241 346 1278 ticus
365 1238 522 1288 habeat,
554 1239 658 1292 quod
677 1247 867 1291 sequatur,
898 1241 1118 1290 praesertim
1139 1253 1227 1276 cum
1242 1241 1307 1276 vix
1327 1237 1451 1276 adhuc
1473 1244 1574 1275 certo
1594 1244 1742 1275 constet

251 1296 300 1334 de
311 1298 467 1347 singulis
483 1296 594 1334 huius
606 1296 757 1334 dialecti
768 1297 897 1334 formis
908 1297 1208 1348 llexionibusque
1221 1310 1291 1333 nec
1311 1297 1390 1346 ipsa
1402 1297 1742 1346 grammaticorum

250 1361 451 1405 praecepta
461 1367 549 1390 cum
559 1355 616 1401 iis,
628 1367 725 1405 quae
735 1354 890 1404 singulis
903 1355 992 1390 locis
1005 1353 1105 1404 apud
1118 1353 1301 1390 Herodot.
1320 1354 1405 1389 libri
1425 1354 1551 1403 scripti
1563 1351 1741 1396 afferunt,

251 1412 477 1459 concinant3
509 1412 600 1462 quin
622 1410 806 1461 quodipsi
817 1412 1207 1460 grammaticiveteres
1229 1424 1278 1447 ex
1297 1409 1480 1446 Herodoti
1502 1410 1604 1446 libris
1620 1421 1742 1461 quae-

252 1466 343 1505 dam
379 1467 543 1504 afferunt
575 1464 699 1516 mm),
759 1469 916 1519 quaein
938 1466 1154 1514 Herodoto,
1192 1468 1344 1519 qualem
1374 1480 1476 1503 nunc
1496 1467 1622 1516 scripti
1655 1465 1743 1501 libri

251 1523 447 1572 exhibent,
477 1525 615 1562 frustra
635 1537 806 1576 quaeras.
866 1525 970 1569 Quae
991 1537 1111 1576 quum
1125 1526 1177 1560 ita
1198 1538 1237 1561 se
1262 1523 1428 1561 habeant
1443 1553 1452 1571 ,
1483 1522 1742 1572 Wesselingio

250 1582 365 1619 satius
379 1580 581 1618 videbatur
604 1583 766 1632 optimos
789 1594 960 1633 quosque
975 1582 1082 1633 sequi
1102 1580 1250 1618 codices
1263 1610 1272 1627 ,
1313 1586 1515 1631 praecepta
1544 1591 1743 1630 gramma-

250 1638 414 1674 ticorum
434 1644 590 1674 enotare
602 1645 639 1674 et
659 1637 706 1674 ad
716 1645 864 1674 textum
879 1639 1015 1674 melius
1038 1637 1358 1684 constituendum,
1394 1635 1521 1688 quoad
1540 1649 1608 1687 per
1626 1636 1742 1672 libros

250 1694 402 1742 liceret,
443 1692 645 1742 adhibere3
679 1707 846 1745 eumque
870 1693 942 1731 hac
965 1696 1004 1730 in
1026 1707 1087 1742 re,
1120 1695 1210 1731 alios
1237 1701 1279 1731 ut
1308 1701 1476 1741 taceam,
1507 1699 1660 1730 secutus
1687 1698 1743 1729 est

249 1751 425 1798 Reizius,
457 1749 621 1788 deseruit
641 1750 866 1788 Schaeferus
883 1781 892 1799 ‚
927 1752 993 1803 qui
1021 1751 1231 1787 formarum
1262 1749 1455 1803 quandam
1477 1749 1742 1797 constantiam,

252 1820 370 1860 quam
399 1808 438 1843 iu
460 1807 645 1844 Herodoti
666 1807 892 1844 editionibus
913 1821 1026 1858 aegre
1055 1806 1311 1855 desiderabat,
1338 1808 1534 1844 restituere
1554 1819 1644 1843 cum
1663 1805 1743 1842 vel-

249 1865 313 1912 let,
336 1865 465 1901 omnia
491 1863 539 1901 ad
560 1877 679 1901 unam
705 1863 945 1916 eandemque
964 1877 1141 1900 normam
1165 1872 1385 1916 certamque
1409 1864 1531 1900 Ionici
1557 1863 1742 1900 sermonis

248 1921 422 1971 regulam
451 1921 503 1957 ita
539 1923 688 1971 exegit,
717 1928 781 1967 ut,
821 1934 954 1971 parem
970 1922 1039 1957 sibi
1057 1920 1215 1957 reddere
1241 1935 1329 1957 cum
1350 1927 1551 1957 conaretur
1568 1917 1743 1956 Herodo-

248 1983 333 2015 tum
348 2006 358 2025 ‚
388 1990 482 2014 mox
505 1983 637 2014 tamen
665 1979 746 2028 ipse
766 1978 1016 2028 intelligeret,
1051 1991 1168 2029 quam
1188 1985 1331 2014 temere
1353 1977 1482 2028 egerit.
1540 1977 1674 2028 Itaque
1700 1975 1742 2011 in

248 2035 311 2073 via
337 2034 540 2072 subsistens
573 2034 622 2072 ad
654 2035 823 2086 priorem
843 2035 1089 2085 wesselingii
1123 2035 1311 2072 rationem
1331 2041 1463 2086 utpote
1482 2033 1662 2071 tutiorem
1682 2038 1743 2069 at-

340 2244 380 2289 *J
406 2245 508 2279 Conf.
533 2245 772 2291 Ephemeridd.
797 2246 929 2279 lenens.
956 2245 1042 2279 1817
1065 2255 1116 2277 nr.
1143 2247 1207 2280 161
1232 2257 1266 2289 p.
1291 2244 1358 2279 352
1386 2246 1421 2277 et
1444 2243 1521 2278 add.
1538 2244 1582 2277 H.
1606 2245 1740 2289 Apetz„

249 2290 307 2336 qui
339 2291 382 2324 ad
415 2291 580 2325 Herodot.
613 2292 660 2334 ΙΙ,
699 2294 762 2326 121
795 2304 830 2336 p.
855 2292 923 2325 ⁶290
947 2301 1028 2323 suae
1053 2290 1132 2323 edit.
1163 2290 1210 2323 ita
1243 2290 1458 2334 pronuntiat:
1509 2289 1654 2332 „Nimia
1677 2291 1742 2324 fuit

248 2337 542 2381 grammaticorum
567 2348 651 2382 prae
676 2337 798 2371 ceteris
822 2347 946 2381 opera,
973 2347 1072 2379 quam
1096 2336 1130 2369 in
1156 2348 1195 2369 eo
1221 2336 1439 2377 collocarunt,
1463 2341 1502 2369 ut
1526 2335 1645 2370 Musae
1670 2336 1741 2370 He-

248 2383 361 2417 rodoti
383 2383 556 2417 mulierum
580 2383 767 2416 Ionicarum
791 2394 882 2416 more
908 2382 1065 2426 pretiosis
1091 2381 1229 2414 indutae
1253 2382 1403 2415 vestibus
1415 2382 1619 2416 incederent.
1644 2382 1742 2417 Non-

249 2429 358 2462 nullas
381 2430 561 2462 verborum
586 2430 731 2471 formas,
767 2440 852 2473 quas
875 2428 908 2460 in
933 2431 1029 2459 textu
1053 2427 1246 2461 retinendas
1270 2428 1432 2461 editorum
1454 2427 1573 2472 religio
1598 2428 1741 2470 curavit,

249 2474 328 2508 huic
351 2475 461 2508 inutili
487 2475 601 2509 studio
626 2475 821 2508 debemus.“
845 2494 890 2498 ——-
938 2473 1016 2506 Non
1039 2472 1158 2507 dubito
1174 2499 1183 2515 ‚
1207 2473 1288 2518 quin
1314 2474 1499 2519 complures
1528 2475 1645 2508 harum
1667 2475 1742 2507 for-

250 2531 377 2554 marum
405 2520 534 2554 ionicae
565 2521 620 2554 vel
653 2520 766 2564 potius
791 2520 946 2565 poeticae
979 2530 1020 2551 ex
1052 2520 1208 2553 versibus
1232 2520 1371 2553 Homeri
1395 2524 1430 2553 et
1453 2519 1620 2563 Pythiae,
1656 2529 1742 2565 quos

251 2565 447 2599 Herodotus
470 2567 621 2600 historiis
644 2566 808 2609 inseruit,
832 2567 867 2600 in
891 2570 1020 2600 textum
1043 2564 1282 2611 irrepserint.“
1327 2566 1416 2600 Add.
1440 2565 1570 2600 struve
1594 2565 1739 2606 Quaest.

251 2611 401 2645 Herodd.
425 2613 572 2658 Specim.
596 2613 614 2646 I
637 2624 670 2658 p.
697 2614 750 2646 10.

346 2679 393 2722 ”)
418 2681 468 2714 Ac
492 2681 610 2716 merito
635 2680 852 2726 conqueritur
886 2681 1012 2715 Struve
1037 2679 1178 2720 Quaest.
1203 2679 1354 2714 Herodd.
1385 2680 1488 2726 Spec.
1519 2678 1555 2713 11
1586 2689 1665 2724 pag.
1697 2679 1739 2712 15

253 2723 432 2776 plerosque
456 2727 588 2761 codices
614 2727 781 2761 Herodoti
803 2727 840 2762 in
862 2727 999 2770 talibus,
1023 2737 1107 2772 quas
1131 2726 1286 2760 minutias
1307 2728 1409 2771 vulgo
1432 2726 1571 2768 habent,
1593 2735 1661 2759 non
1681 2735 1741 2759 sa-

254 2775 301 2804 tis
324 2776 482 2805 accurate
506 2774 646 2808 collatos
669 2785 754 2808 esse.

349 2839 415 2883 ⁹⁰)
440 2838 539 2875 conf.
565 2841 768 2887 Wesseling.
790 2840 883 2876 Diss.
907 2839 1035 2875 Herod.
1059 2839 1108 2875 vl
1130 2851 1165 2886 p.
1188 2840 1232 2876 48
1259 2850 1332 2886 seq.
