1839 3292
405 267 472 302 DE
504 266 626 303 VITA
656 265 728 301 ET
757 264 991 302 SCRIPTIS
1022 265 1298 304 HERODOTI.
1519 273 1602 312 405

115 378 182 416 sed
208 376 403 430 perspicax
424 383 460 414 et
489 377 586 414 iniis
599 406 609 425 ‚
639 389 738 428 quae
756 376 836 428 ipse
857 378 1080 426 observavit,
1102 379 1322 417 enarrandis
1335 409 1345 428 ,
1367 382 1602 419 accurat-issi-

114 448 219 483 mus,
249 446 343 470 num
363 438 463 469 'eum
491 447 579 471 vera
606 434 768 470 scribere
797 437 951 484 potuisse
972 434 1229 485 negabimus?
1285 438 1338 473 At
1366 437 1481 475 verba
1511 437 1600 475 dare
1630 470 1637 474 .

113 497 286 542 poterant
305 491 375 540 ipsi
386 503 479 540 quos
499 491 703 527 sciscitatus
725 497 780 526 est
802 492 880 528 sive
899 490 1110 528 sacerdotes
1129 493 1206 530 sive.
1227 500 1455 531 mercatores
1477 506 1602 545 eoque

111 546 228 584 modo
247 548 374 597 ipsum
392 547 520 583 fallere
550 554 585 583 et
604 547 644 582 in
671 559 813 583 errores
841 548 1050 597 implicare.
1105 549 1208 586 Num
1229 563 1344 597 vero,
1384 562 1536 602 quaeso,
1559 551 1600 587 in

111 610 191 641 toto
212 602 451 640 historiarum
472 616 585 653 opere
606 603 721 639 talem
739 616 779 639 se
798 604 953 652 praebet
972 601 1149 640 historiae
1167 612 1286 655 pater,
1309 607 1370 643 cui
1389 613 1468 644 tam
1487 606 1599 643 facile

110 657 314 710 imponas?
370 658 562 710 Equidem
592 657 666 695 hoc
699 659 764 696 vix
790 658 872 695 fieri
898 660 1063 710 potuisse
1083 667 1175 711 puto
1200 663 1241 697 in
1269 663 1349 700 viro
1379 670 1458 700 tam
1486 671 1598 700 cauto

110 723 268 768 tamque
295 717 434 753 sollerti
455 723 491 751 et
511 715 681 764 diligenti
700 728 828 751 rerum
842 716 1086 766 indagatore,
1114 718 1268 768 qualem
1287 720 1465 756 Nostrum
1484 719 1598 757 fuisse

111 774 195 809 libri
214 773 428 823 superstites
451 770 641 818 indicant,
675 772 715 807 in
737 772 872 823 quibus
893 774 959 810 vix
978 773 1076 809 ullus
1093 775 1277 824 reperitur
1310 776 1438 825 locus,
1476 789 1497 812 e
1520 789 1597 828 quo

110 830 225 866 Illum
259 829 429 865 consulto
456 829 496 864 in
526 841 670 864 errores
700 827 908 866 deductum
938 836 1002 866 aut
1025 843 1066 866 se
1092 829 1216 882 decipi
1241 844 1396 882 passum
1426 845 1517 880 esse,
1545 834 1596 869 li-

109 885 226 938 quido
247 891 544 922 commonstrare
563 885 693 935 possis.
736 887 835 921 Nam
856 884 959 937 quod
980 884 1028 922 ad
1046 887 1253 938 Aegyptias
1276 902 1335 926 res
1355 889 1595 939 potissimum

107 942 353 991 confugiunt,
382 954 403 977 a
432 940 688 978 sacerdotibus
716 943 914 993 Aegyptiis
943 944 1058 980 verba
1079 943 1275 982 Herodoto
1298 944 1385 982 data
1407 959 1487 983 esse
1513 946 1594 983 cla-

106 999 302 1046 mitantes,
331 996 371 1034 id
392 1011 508 1049 quam
528 997 723 1034 infirmum
743 999 810 1046 sit,
845 1000 1002 1050 singulis
1026 1000 1118 1037 locis
1137 1001 1177 1037 in
1198 1003 1443 1040 annotatione
1465 1008 1593 1039 osteu-

107 1053 253 1103 dimus3
291 1055 362 1090 alia
385 1053 484 1091 hanc
503 1055 542 1090 in
563 1068 646 1090 rem
667 1054 854 1105 disputavi
872 1057 912 1092 in
931 1054 1054 1092 Iahnii
1074 1064 1112 1094 et
1141 1058 1280 1095 Klotzii
1305 1060 1403 1097 Nov.
1436 1059 1594 1097 Annall.

104 1109 251 1162 philoll.
282 1118 318 1147 et
345 1110 532 1161 paedagg.
554 1112 605 1149 VI
620 1125 657 1161 p.
679 1114 759 1152 209
775 1125 867 1164 seq„
890 1125 987 1164 quae
1007 1111 1070 1150 hic
1097 1121 1268 1164 repetere
1296 1128 1376 1152 11011
1405 1122 1514 1153 vacat
1534 1112 1593 1167 ie).

104 1169 237 1219 ltaque
266 1166 526 1216 Herodotum,
572 1181 688 1219 quem
721 1181 856 1205 verum
887 1169 1037 1206 voluisse
1068 1169 1216 1207 tradere
1246 1171 1501 1220 ostendimus,
1523 1185 1590 1222 po-

105 1226 213 1261 tuisse
240 1237 393 1276 quoque
415 1223 509 1260 illud
539 1224 686 1260 tradere
707 1224 934 1262 crediderim
964 1239 1035 1263 1100
1057 1226 1267 1279 quidquam
1288 1229 1334 1265 ab
1356 1241 1401 1266 eo
1420 1234 1593 1279 praeter-

104 1281 283 1327 missum,
315 1294 389 1332 quo
406 1279 493 1317 huic
519 1281 644 1317 officio
674 1282 915 1319 satisfaceret.
992 1283 1224 1321 satisfecisse
1257 1291 1388 1322 autem
1417 1283 1592 1322 Herodo-

103 1344 187 1374 tum
208 1345 290 1374 tum
311 1350 353 1373 ea
367 1365 377 1384 ,
409 1350 505 1389 quae
525 1338 739 1385 attulimus,
762 1345 1084 1388 commonstrant,
1118 1347 1204 1377 tum
1219 1342 1345 1378 omnis
1370 1342 1492 1392 operis
1528 1342 1592 1378 in-

104 1392 210 1430 doles
227 1424 236 1440 ,
269 1393 416 1431 vividus
444 1395 506 1430 ille
537 1406 580 1431 ac
615 1394 764 1431 nativus
793 1395 922 1444 color,
956 1397 1021 1447 qui
1040 1397 1094 1432 nil
1120 1395 1237 1434 habet
1257 1399 1495 1449 quaesitum,
1535 1399 1593 1435 nit

103 1450 298 1498 fictitium,
330 1451 470 1502 quique
491 1451 537 1486 ab
559 1451 665 1487 omni
683 1450 772 1488 fuco
792 1451 897 1487 inani
917 1464 1066 1502 prorsus
1087 1460 1141 1490 est
1160 1454 1316 1491 alienus.
1337 1450 1411 1501 Μ“)
1438 1456 1488 1492 Et
1516 1467 1590 1491 no-

103 1514 178 1544 stra
207 1513 348 1554 aetate,
380 1507 455 1558 quai
482 1513 538 1544 tot
565 1507 862 1558 peregrinatores
896 1509 1161 1546 remotissimas
1199 1523 1370 1562 quasque
1404 1511 1518 1548 Asiae
1553 1517 1591 1548 et

103 1564 255 1600 Africae
281 1564 410 1613 plagas
442 1565 664 1614 perscrutati
696 1571 802 1612 sunt,
831 1565 1012 1616 pleraque
1041 1566 1120 1602 fere
1147 1579 1301 1615 eorum,
1333 1579 1431 1618 quae
1461 1566 1508 1603 de
1530 1565 1589 1604 his

103 1620 189 1670 ipsis
219 1620 434 1669 regionibus
464 1619 588 1657 adhuc
626 1621 828 1670 incognitis
855 1621 957 1672 apud
990 1621 1230 1659 Herodotum
1259 1622 1396 1660 tradita
1427 1630 1588 1672 exstant,

103 1689 266 1727 quorum
291 1674 394 1713 haud
413 1689 534 1726 pauca
550 1677 651 1727 prius
669 1678 735 1713 vix
754 1678 873 1714 ullam
894 1677 1011 1714 fidem
1031 1692 1177 1716 merere
1197 1678 1443 1728 videbantur,
1484 1693 1589 1717 nunc

102 1733 154 1769 ita
183 1739 314 1769 exacte
341 1740 378 1770 et
407 1741 580 1770 accurate
600 1734 730 1785 reique
755 1741 836 1770 tam
856 1736 1128 1772 convenienter
1156 1735 1293 1773 tradita
1311 1737 1467 1774 iuventa
1486 1744 1588 1784 sunt,

101 1796 143 1826 ut
172 1790 253 1824 iure
277 1789 442 1837 mireriS‚
482 1790 559 1841 quai
583 1789 776 1840 diligentia
806 1790 1021 1829 Herodotus
1047 1793 1197 1842 singula
1232 1794 1513 1842 perlustraverit
1551 1800 1589 1830 et

102 1847 373 1882 examinaverit
391 1859 462 1882 nec
485 1859 655 1898 unquam
676 1847 754 1882 fere
774 1848 897 1897 lapsus
917 1848 1079 1885 falsusve
1093 1851 1153 1887 sit.
1181 1845 1280 1899 *³2³ss)
1322 1850 1395 1895 Qui
1414 1851 1528 1899 igitur
1547 1851 1588 1886 iu

101 1903 168 1948 iis,
210 1915 306 1952 quae
322 1903 400 1952 ipse
420 1901 514 1939 vidit
537 1904 817 1954 comperitque,
860 1916 939 1940 nou
959 1905 1072 1941 falsus
1094 1912 1167 1953 est,
1196 1919 1292 1942 num
1313 1919 1403 1944 eum
1428 1913 1507 1943 tam
1527 1906 1587 1942 fa-

102 1958 173 1994 cile
204 1959 249 1993 ab
272 1959 350 1995 aliis
370 1959 448 1994 falli
477 1961 640 2009 potuisse
673 1959 850 1996 credibile
872 1967 949 2008 est,
977 1962 1197 2010 praesertim
1232 1976 1322 1999 cum
1355 1969 1459 1999 tanta
1490 1963 1587 2010 crisi,

103 2027 200 2064 quae
225 2027 274 2050 ne
293 2022 442 2051 nostrae
463 2014 619 2066 quidem
649 2017 777 2052 aetatis
798 2016 923 2052 virum
938 2015 1130 2063 dedeceat,
1156 2017 1296 2055 iudicio
1320 2026 1398 2055 tam
1417 2020 1587 2067 subacto,

102 2083 354 2122 quaecunque
375 2073 531 2122 accepit,
553 2071 733 2123 disquirat
751 2085 823 2109 nec
843 2074 920 2109 ulla
940 2086 981 2109 re
1001 2088 1040 2110 se
1061 2073 1239 2111 deterreri
1260 2076 1377 2123 sinat,
1408 2088 1485 2127 quo
1510 2076 1588 2111 mi-

101 2140 173 2163 nus
197 2140 331 2164 verum
355 2128 536 2165 inveniat.
587 2130 654 2165 Est
682 2128 837 2180 quidem
866 2131 1000 2167 Noster
1020 2126 1291 2183 λογογράφος,
1314 2138 1499 2183 quatenus
1517 2144 1588 2169 ve-

101 2190 225 2224 terum
240 2179 384 2237 λόγους
405 2191 578 2223 accurate
598 2191 635 2224 et
659 2186 832 2237 religiose
852 2188 1000 2236 10101113
1032 2186 1101 2227 sed
1129 2187 1233 2227 idem
1254 2201 1408 2243 quoque
1428 2187 1587 2226 histori-

192 2364 221 2401 ’Ἶ
257 2365 308 2398 De
331 2365 484 2409 Aegypto
508 2376 595 2410 quae
619 2364 708 2410 apud
731 2364 940 2399 Herodotum
963 2366 1140 2400 memoriae
1152 2366 1286 2412 prodita
1309 2368 1454 2407 exstant,
1480 2377 1519 2399 ea
1529 2367 1588 2400 aut

102 2409 176 2452 ipse
211 2410 292 2443 vidit
323 2411 515 2444 Herodotus
545 2411 776 2456 comperitque
809 2412 872 2455 (ΙΙ,
896 2413 958 2454 99)
983 2416 1042 2444 aut
1066 2424 1086 2445 a
1109 2413 1343 2446 sacerdotibus
1368 2412 1500 2455 accepit
1515 2416 1587 2445 tra-

103 2455 173 2488 dita
203 2455 466 2500 Hieropolitanis
489 2461 523 2489 et
546 2457 744 2501 praesertim
768 2458 996 2501 Memphiticis
1021 2458 1087 2501 (ll,
1111 2459 1144 2492 3.
1158 2461 1239 2503 99);
1264 2459 1352 2492 unde
1374 2458 1473 2491 etiam
1488 2469 1588 2500 prae-

103 2500 232 2543 cipuam
267 2502 467 2535 narrationis
508 2507 638 2546 partein
671 2515 726 2536 res
749 2504 991 2547 Meniphiticae
1026 2505 1244 2538 constituunt.
1294 2505 1349 2537 Cf.
1384 2504 1427 2544 ΙΙ,
1454 2503 1506 2536 15.
1532 2503 1588 2539 99.

105 2548 182 2580 100.
229 2546 327 2586 Quae
359 2548 401 2580 ad
439 2559 563 2581 arcana
583 2561 682 2582 sacra
709 2553 744 2583 et
766 2550 959 2582 interiorem
985 2550 1152 2593 religionis
1175 2550 1363 2583 doctrinam
1401 2549 1588 2592 pertinent,

103 2593 254 2625 consulto
280 2594 516 2636 praetermissa
539 2606 612 2628 esse
642 2595 716 2640 ipse
740 2595 901 2630 declarat.
949 2595 1024 2630 vid.
1049 2596 1141 2629 locos
1177 2607 1283 2641 supra
1304 2595 1474 2629 laudatos·

192 2660 239 2703 ’‘)
266 2659 344 2693 Vid.
367 2660 563 2695 Dalilmann.
588 2663 752 2696 Herodot.
777 2674 854 2707 pag.
882 2662 947 2696 184
970 2673 1042 2707 seq.

192 2727 268 2770 ***)
294 2728 381 2761 Nolo
406 2729 469 2762 hac
491 2729 523 2763 in
547 2742 586 2764 re
608 2731 798 2764 testimonia
825 2742 1020 2773 congerere,
1042 2740 1130 2774 quae
1159 2730 1483 2765 affatimHerodotei
1512 2730 1588 2763 libri

102 2773 224 2817 quavis
249 2775 322 2807 fere
351 2775 473 2817 pagina
506 2776 675 2810 exhibent.
731 2778 844 2821 Atque
869 2780 922 2809 vel
948 2776 1004 2809 ubi
1029 2780 1146 2817 errat,
1177 2776 1277 2811 facile
1301 2777 1425 2810 erroris
1452 2788 1587 2810 causam

101 2820 281 2863 intelligas.
330 2820 404 2852 Uno
437 2821 602 2866 defungar
638 2823 789 2869 exemplo
822 2822 868 2864 ΙΙ,
899 2822 966 2864 343
1015 2820 1058 2856 de
1091 2833 1158 2867 quo
1192 2821 1261 2857 vid.
1295 2823 1409 2857 Kruse
1432 2823 1484 2857 De
1507 2821 1588 2855 Istri

103 2865 211 2899 Ostiis
232 2877 266 2910 p.
291 2865 337 2900 32
358 2877 430 2912 seq.
455 2865 511 2901 34.
