1839 3292
0 1839 7 2166 —-——=—..-„<*-

377 217 443 252 DE.
474 215 595 252 viTA
625 213 697 249 ET
726 211 959 250 sumens
989 214 1265 250 HERODOTI.
1483 219 1567 259 379

93 324 300 374 Πανύασις
327 326 459 378 γέγονε
487 321 584 363 κατά
616 321 688 375 τήν
720 319 769 373 οή
799 320 1047 375 ὀλυμπιάδα·
1084 322 1182 364 zani
1215 325 1258 365 δέ
1285 341 1397 372 τινας
1435 330 1568 380 πολλῷ

90 380 377 434 πρεσβύτερος·
423 380 558 433 γέγονε
594 377 668 432 γάρ
704 379 768 419 ἐπὶ
799 384 878 420 τῶν
916 383 1148 432 Περσικῶν·
1193 380 1375 436 ἀνῃρέθη
1417 380 1459 420 δὲ
1491 382 1568 423 ὑπὸ

89 437 345 492 Λυγδάμιδος
373 440 445 477 τοῦ
474 437 605 488 τρίτου
634 433 956 489 τυραννήσαντος
997 436 1327 491 ΓΑλικοιιρνασσοῦ.
1385 439 1458 483 Qui
1477 453 1568 476 vero

87 496 266 546 Panyasis
295 507 389 530 num
418 495 595 544 patruelis
623 501 687 531 aut
707 495 884 531 amitinus
903 494 1017 531 fuerit
1040 495 1244 543 Herodoti,
1284 503 1326 533 ut
1344 498 1470 546 Heyse
1491 495 1569 545 (De

88 550 269 588 Herodot.
301 552 372 587 Yit.
399 558 435 587 et
461 552 576 587 Itinn.
602 564 639 600 p.
668 550 734 598 15)
765 549 979 598 contendit,
1020 563 1067 586 an
1090 553 1320 599 avunculus,
1359 559 1401 589 ut
1419 551 1568 589 Naekio

88 608 150 655 (ad
167 606 330 644 Choeril.
351 608 528 657 sragmxn.
549 621 586 657 p.
606 606 674 654 1¹0³)
703 607 838 656 placet,
858 605 961 642 haud
991 607 1170 657 equidem
1190 607 1364 646 dixerim.
1422 611 1479 645 De
1492 610 1568 645 Pa-

84 665 192 715 nyasi
214 671 342 700 autem
362 665 529 714 pluribus
554 663 727 712 exposuit
756 664 881 713 Heyse
906 663 932 700 l.
954 663 978 699 l.
999 675 1037 712 p.
1062 666 1237 704 13—19.
1294 665 1427 701 Nullus
1454 678 1568 715 prae-

87 728 185 757 terea
207 720 390 756 Herodoti
410 726 592 769 cognatus
611 726 859 756 memoratur.
917 719 990 764 Qui
1021 720 1123 756 enim
1144 719 1245 767 VIII,
1266 724 1344 761 132
1374 734 1570 758 memora-

86 783 146 813 tur
164 776 384 822 Herodotus,
419 774 604 813 Basilidae
623 773 734 823 filius,
764 773 891 824 Chius,
926 782 1110 826 cognatus
1129 789 1226 812 num
1241 778 1365 826 fuerit,
1388 777 1573 826 dubium3

83 846 253 884 namque
284 833 449 869 nominis
479 830 685 868 similitudo
711 832 934 883 scriptorem
952 845 1109 871 movere
1130 834 1266 884 potuit,
1301 841 1343 872 ut
1362 832 1474 872 huius
1497 847 1571 885 po—

83 890 268 927 tissimum
287 889 524 926 mentionem
542 888 695 925 faceret.

776 1036 810 1080 ξ.
841 1039 880 1075 3.

190 1148 248 1183 De
264 1144 487 1183 educatione
509 1152 545 1182 et
565 1147 797 1183 institutione
816 1146 1000 1185 Herodoti
1019 1147 1116 1185 nihil
1136 1148 1318 1186 t1·aditmn
1334 1149 1564 1200 accepimus.

79 1204 238 1240 Homeri
264 1203 492 1239 carminibus
526 1204 707 1239 eximiam
737 1205 850 1240 Illum
883 1203 1028 1242 dedisse
1052 1219 1206 1256 operam
1233 1207 1294 1243 vel
1319 1205 1409 1242 inde
1438 1206 1565 1255 colligi

77 1273 186 1310 posse
206 1266 314 1310 putat
334 1261 478 1309 laeger.
512 1261 675 1310 Disputt.
698 1260 865 1298 Herocld.
886 1275 925 1312 p.
947 1262 971 1302 5
988 1262 1090 1313 quod
1107 1269 1160 1299 tot
1179 1264 1337 1299 Homeri
1356 1264 1564 1300 sententiae

78 1318 117 1352 in
137 1315 322 1352 Herodoti
342 1317 457 1352 Musis
477 1330 674 1367 expressae
695 1325 915 1366 occurrant,
947 1317 1046 1355 addo
1062 1326 1118 1355 tot
1152 1320 1286 1365 verba,
1316 1327 1372 1356 tot
1399 1320 1564 1355 locutio-

76 1386 144 1409 nes
166 1372 256 1408 inde
273 1371 531 1422 depromptae,
585 1374 677 1425 quin
700 1375 820 1410 omnis
841 1374 1018 1412 orationis
1038 1375 1161 1411 forma
1184 1383 1219 1412 et
1239 1374 1384 1412 indoles
1401 1375 1448 1412 ad
1468 1389 1564 1427 poe-

76 1430 194 1465 ticum
223 1442 252 1465 s.
279 1430 429 1479 epicum
454 1442 668 1465 sermonem
701 1429 933 1467 adscendens
969 1432 1171 1483 ipsumque
1207 1439 1477 1482 argumentum
1515 1431 1564 1468 ad

77 1486 175 1536 epici
193 1487 369 1522 carminis
390 1486 575 1521 rationem
604 1485 845 1523 distributum
867 1494 903 1524 et
922 1488 1217 1529 conformatum,
1276 1488 1361 1525 Vid.
1391 1489 1488 1524 infra
1525 1490 1563 1533 ξ.

79 1544 142 1581 12.
201 1542 259 1578 Ao
291 1548 485 1593 praeterea
513 1541 730 1579 adolescens
764 1544 947 1580 lectitasse
978 1543 1127 1582 videtur
1154 1545 1335 1582 Hecataei
1363 1545 1499 1581 Milesii
1514 1545 1564 1580 li-

75 1598 184 1646 bros,
227 1611 296 1649 per
317 1599 466 1634 Ioniam
499 1599 775 1651 Graeciamque
808 1607 899 1637 tunc
928 1602 1108 1651 temporis
1132 1600 1243 1639 valde
1277 1608 1504 1652 propagatos
1527 1607 1563 1637 et

76 1655 302 1702 celebrat053
320 1651 363 1704 ᾗ)
393 1654 497 1691 unde
521 1656 729 1693 iuvenilem
749 1657 936 1708 scriptoris
960 1659 1134 1694 animum
1155 1657 1202 1694 ad
1225 1658 1361 1695 similia
1382 1657 1563 1694 tentanda

74 1711 274 1748 incensum
294 1711 407 1748 fuisse
433 1710 539 1748 haud
567 1713 826 1763 improbabilis
857 1713 1026 1751 eiusdem
1053 1716 1199 1765 Iaegeri
1223 1722 1277 1752 est
1303 1715 1519 1751 coniectura
1535 1715 1563 1751 l.

73 1768 100 1805 l,
122 1782 160 1818 p.
178 1771 216 1808 6.
245 1767 589 1818 Logographorum
607 1770 744 1820 scripta
759 1770 998 1807 Herodotum
1013 1773 1160 1809 novisse
1176 1785 1266 1809 cum
1287 1772 1476 1808 Creuzero
1489 1767 1562 1823 *³³7

74 1830 213 1861 statuas
232 1825 340 1872 licet3
374 1832 410 1861 et
428 1827 552 1875 potuit
578 1839 668 1863 sane
683 1828 877 1878 Panyasis,
908 1829 966 1864 vir
995 1836 1116 1866 aetate
1136 1831 1350 1879 provectior
1382 1827 1563 1879 idemque

75 1887 113 1918 et
147 1880 416 1918 eruditissimus
449 1889 485 1918 et
521 1883 854 1932 celebratissimus,
892 1885 1037 1921 iuvenis
1067 1887 1239 1921 animum
1270 1884 1319 1922 ad
1342 1886 1467 1921 literas
1487 1892 1563 1921 tra-

76 1937 231 1974 ctandas
252 1938 396 1987 erigere
418 1945 454 1974 et
475 1937 522 1974 ad
540 1940 670 1975 altiora
691 1939 814 1977 studia
838 1953 1079 1990 promovere.
1136 1944 1219 1978 Hoc
1242 1941 1358 1978 modo
1380 1942 1563 1978 maturius

74 1994 114 2030 in
144 1993 390 2031 adolescentis
427 1996 557 2032 animo
594 1995 690 2032 illud
730 1997 929 2033 consilium
962 1996 1137 2035 historiae
1171 1998 1398 2035 scribe-udae
1441 1999 1566 2034 orbis-

76 2063 150 2102 que
171 2058 358 2087 terrarum
383 2052 421 2087 in
438 2050 542 2088 hunc
557 2052 675 2088 finem
698 2053 925 2103 peragrandi
945 2056 1032 2091 oriri
1051 2056 1194 2105 potuit,
1226 2054 1329 2106 quod
1359 2061 1490 2106 postea
1511 2060 1566 2090 tot

74 2119 263 2144 annorum
284 2107 445 2144 decursu
464 2115 543 2144 tam
559 2110 697 2145 eximie
716 2110 829 2146 Illum
851 2118 1071 2147 exsecutum
1093 2125 1170 2148 esse
1187 2111 1372 2148 videmus.

186 2165 448 2201 Halicarnasso
470 2165 631 2201 Samum
646 2167 826 2216 migrasse
845 2166 1083 2204 Herodotum
1105 2169 1152 2205 ob
1174 2167 1420 2218 Lygdamidis
1433 2175 1564 2218 tyran—

75 2218 206 2256 nidem
233 2222 350 2272 inque
371 2222 489 2258 Samo
506 2224 676 2258 ionicam
701 2222 904 2260 dialectum
931 2221 1028 2272 ²³³¹&
1061 2224 1240 2261 edoctum
1264 2224 1435 2261 historias
1467 2237 1561 2260 con—

75 2277 434 2327 scripsisseindeque
449 2280 700 2316 Halicarnassi
718 2281 759 2316 iu
780 2281 914 2316 urbem
930 2294 1154 2331 regressum,
1169 2295 1288 2332 quum
1309 2289 1470 2332 tyranno
1484 2281 1562 2315 eie-

77 2338 136 2368 cto
158 2345 178 2368 a
206 2334 346 2372 civibus
365 2334 509 2372 invidi&
530 2349 702 2387 pressum
721 2351 761 2374 se
781 2336 948 2387 videret,
980 2337 1147 2375 Thurios
1167 2337 1257 2375 hinc
1283 2337 1490 2375 discessisse
1510 2337 1555 2385 ·'s)

167 2519 202 2563 *j
233 2520 331 2554 Conf.
358 2521 519 2559 Creuzer.
543 2525 577 2559 in
597 2526 767 2560 historice.
792 2526 968 2572 antiquiss.
993 2528 1146 2571 fragmm.
1173 2539 1207 2572 p.
1235 2528 1286 2561 16.

168 2588 226 2631 *ἢ
249 2588 330 2622 ibid.
358 2601 390 2634 p.
415 2592 458 2625 95
481 2603 551 2637 seq.

167 2656 246 2700 t³“)
274 2657 349 2690 Vid.
375 2657 462 2692 infra
487 2661 513 2703 ζ.
539 2662 591 2694 14.

167 2725 208 2768 ᾧ)
232 2725 324 2758 Hinc
347 2726 549 2771 lVesseling.
575 2728 609 2760 in
626 2729 774 2765 Praefat.
799 2743 832 2775 p.
857 2732 891 2772 3,
915 2743 1013 2775 quem
1038 2730 1190 2775 sequitur
1207 2730 1412 2771 Larcherus‚
1440 2730 1565 2763 statuit

77 2780 98 2803 a
122 2770 222 2803 Sanno
247 2772 436 2814 profectum
460 2773 666 2807 Herodotum
689 2775 810 2810 itinera
834 2778 1047 2820 suscepisse3
1089 2789 1108 2810 e
1132 2778 1253 2819 quibus
1276 2788 1446 2809 reversum
1472 2776 1563 2809 cives

78 2827 156 2849 suos
179 2817 220 2850 ad
242 2819 388 2860 patriam
412 2818 645 2853 Halicarnassi
668 2821 873 2857 liberandam
910 2824 1089 2857 adimis-se.
1137 2823 1206 2856 Res
1230 2823 1364 2857 incerta
1387 2835 1427 2857 ac
1450 2823 1562 2857 dubia.
