1839 3292
49 309 234 339 Pedasenses
252 310 302 338 ubi

48 345 108 372 niti.
128 345 274 372 Sacerdos

47 378 206 406 Minervae
222 376 300 413 apud

48 419 101 439 eos
120 412 236 447 quando
255 413 323 439 bar-

47 445 118 473 bata
136 445 176 481 [1,
196 445 279 481 1⁷⁵]-

378 201 462 243 142

381 326 484 365 τερα
503 312 591 354 τῶν
621 309 845 366 εὐνούχων
871 309 988 364 παρὰ
1021 311 1198 365 βασιλέϊ.

352 376 576 422 Ξοίκέουσι
603 377 711 435 ὑπὲρ
738 377 1086 434 Ἁλικαρνησσοῦ.
1117 377 1163 421 ἐν
1194 378 1239 422 δὲ
1267 384 1380 424 τοῖσι
1414 380 1636 436 Πηδάσοι-

324 542 422 578 σθαι
476 537 548 584 VI,
593 533 683 573 100.
746 530 835 574 Vn,
890 531 979 570 168-

325 596 474 640 Quanta
533 598 661 629 autem
718 584 981 624 eunuchorum

325 652 437 687 fuerit
457 649 657 686 auctoritas
687 651 800 696 atque
820 650 981 694 potestas

325 706 427 758 apud
450 708 653 743 Persarum
672 714 791 752 reges,
814 702 877 752 qui
899 701 981 736 illos

323 764 516 816 quibusvis
566 763 606 797 iu
651 760 762 795 rebus
805 757 982 807 gravissi-

322 822 395 858 mis
444 818 676 856 adhibebant
713 814 773 851 vel
813 820 983 850 auctores

322 877 385 915 vel
399 875 649 920 administros,
670 872 755 908 satis
772 883 814 906 ea
831 870 982 918 docent,

324 946 423 985 quae
458 932 504 969 de
543 933 745 967 Persarum
780 926 931 964 historia
961 939 982 962 e

324 990 506 1026 Ctesianis
527 987 709 1036 excerptis
730 983 778 1021 ad
808 997 877 1021 nos
899 996 982 1033 per-

323 1052 511 1083 venerunt
552 1043 702 1080 tradita.
760 1041 834 1076 Ubi
868 1052 982 1076 accu-

323 1109 402 1138 rate
455 1100 664 1145 indicatur,
717 1097 873 1148 quinam
920 1097 981 1131 iu-

321 1165 380 1195 ter
419 1155 612 1193 eunuchos
643 1154 850 1204 plurimum
882 1149 983 1201 apud

322 1223 640 1265 unumquemque
667 1221 798 1258 regem
819 1208 983 1244 auctori-

322 1277 398 1307 tate
438 1270 610 1307 valuerit.
670 1265 754 1303 Vid.
799 1271 894 1301 nott.
935 1264 983 1300 ad

325 1327 424 1363 Ctes.
464 1338 552 1376 pag.
586 1326 679 1364 120.
727 1323 827 1358 Hinc
868 1321 983 1357 etiam

324 1380 568 1420 diiudicanda
597 1386 706 1427 sunt,
751 1391 847 1430 quae
882 1378 982 1424 VIII,

327 1438 407 1479 105
421 1438 486 1475 fin.
507 1439 705 1488 leguntur:
728 1432 892 1474 πάντων
905 1436 984 1472 τῶν

325 1490 530 1545 εὐνούχων
589 1487 759 1544 ἐτιμήθη
818 1488 984 1540 μάλιστα

321 1548 432 1602 παροὶ
463 1550 600 1604 Ξέρξῃ.
632 1571 684 1577 -
726 1549 784 1584 De
806 1547 984 1585 Pedasen-

322 1608 418 1646 sibus
437 1607 514 1645 vid.
549 1607 661 1643 allata
692 1604 740 1642 ad
759 1605 815 1652 V,
839 1607 931 1645 121.

378 1663 430 1702 Οἱ
448 1661 491 1703 δὲ
513 1660 717 1714 Πηδασέες
738 1659 912 1701 οἰκέουσι
940 1675 977 1699 κ»

314 1721 420 1768 τ.λ.]
458 1722 557 1769 „Hic
593 1719 730 1757 tradita
771 1716 980 1769 [usquead

317 1777 434 1812 verba
483 1790 565 1827 cap.
634 1775 712 1816 105
773 1773 795 1815 o‘
838 1770 981 1825 Ἑρμό-

319 1846 431 1882 τιμος
503 1828 558 1884 ἦν
620 1833 788 1880 inclus.]
855 1832 981 1881 spuria

321 1887 516 1926 videntur:
568 1890 756 1939 primum,
790 1887 893 1939 quod
921 1888 983 1923 iu-

321 1952 410 1982 sunt
447 1946 631 1981 nonnulla
678 1945 724 1981 ab
766 1943 981 1981 Herodotea

321 2001 511 2038 scribendi
531 2002 626 2038 facie
647 2000 812 2049 diversa3
833 1999 982 2045 deinde,

324 2060 413 2109 quia
434 2059 529 2095 libro
551 2060 674 2109 primo
694 2060 813 2108 posita
833 2064 982 2094 tantum

324 2114 459 2164 legisse
479 2114 629 2151 videtur
649 2116 785 2152 Strabo
816 2115 923 2165 [XIII
942 2128 981 2164 p.

325 2173 402 2210 611
426 2184 453 2209 s,
474 2185 512 2221 p.
534 2172 660 2220 909]3
689 2171 865 2219 tandem,
894 2172 983 2222 quia

323 2239 373 2262 ex
402 2227 584 2264 Herodoti
606 2228 878 2265 consuetudine
908 2228 983 2264 illic

323 2294 391 2319 suo
413 2284 591 2333 leguntur
624 2285 732 2333 loco,
770 2286 834 2320 ubi
856 2283 983 2320 Peda-

324 2341 489 2375 sensinm
506 2341 547 2376 fit
568 2353 588 2375 e
602 2341 710 2376 Caria
726 2342 868 2377 mentio
884 2353 893 2376 τ
916 2342 984 2377 ista

324 2396 412 2431 talia
435 2395 599 2447 denique
619 2398 670 2433 sic
691 2409 769 2433 nou
790 2398 884 2433 solet
903 2398 983 2433 No—

324 2458 399 2488 ster
420 2452 554 2489 eadem
581 2460 761 2504 repetere.
813 2454 855 2491 Si
887 2453 982 2490 adeo

327 2516 432 2546 erant
453 2509 579 2559 digna,
601 2523 698 2561 quae
713 2517 982 2561 repeterentur,

326 2576 393 2600 cur
426 2579 504 2602 non
533 2567 597 2602 illa
618 2569 841 2617 reposuisset
861 2568 983 2617 potius

325 2620 398 2666 Vl,
430 2625 481 2662 20
496 2651 505 2669 ‚
538 2623 603 2659 ubi
622 2623 852 2661 Pedasenses
873 2638 893 2659 e
915 2624 985 2659 Ca-

325 2676 380 2712 ria
437 2679 574 2714 iterum
621 2687 984 2718 commemorantur.

324 2731 437 2776 Quod
477 2735 643 2783 primum
694 2736 886 2781 dicebmn‚
920 2750 984 2773 me

321 2788 449 2826 iudice
471 2803 553 2827 rem
574 2793 744 2832 conficit:
777 2794 984 2844 interpola-

776 201 1240 240 HERODOTI

1263 312 1316 354 Οἱ
1345 311 1391 355 δὲ
1418 310 1636 367 Πηδασέες

1036 534 1095 565 tor
1114 540 1182 565 suo
1204 525 1376 564 fraudem
1395 527 1521 578 prodit
1539 528 1692 568 indicio.

1037 584 1272 628 Herodotea‚
1300 587 1400 622 τοῖσι
1422 581 1526 631 ὅπως
1543 600 1581 625 τι
1600 586 1694 638 μέλ-

1038 645 1099 680 λοι
1127 637 1388 691 ἀνεπιτήδεον
1419 639 1601 691 ἔσεσθαι,
1640 645 1693 680 sic

1038 700 1134 735 lecta
1163 699 1363 745 Straboni,
1403 699 1538 734 Noster
1575 699 1697 736 inter-

1038 762 1206 806 pretatur
1226 752 1345 794 ἐπεάν
1373 758 1470 794 τοῖσι
1495 777 1546 782 -
1577 753 1694 808 μέλλῃ

1038 827 1075 850 τι
1095 809 1203 858 ἐντός
1231 807 1380 862 χρόνον
1402 810 1564 850 ἔσεσθαι
1585 815 1697 862 χαλε·

1045 864 1131 908 πόν.
1177 865 1229 907 Τό
1255 867 1416 906 ἔσεσθαι
1438 867 1614 905 videlicet
1634 880 1698 905 re·-

1040 925 1212 977 quirebat
1242 923 1434 961 adiectum
1456 923 1567 971 ἐντός
1603 921 1698 977 χρό-

1039 997 1123 1021 νου.
1154 982 1266 1018 Velut
1285 983 1569 1032 grammaticus,
1591 978 1697 1021 Ἀνε-

1038 1034 1248 1088 πιτήόεον,
1273 1034 1452 1087 χαλεπόν.
1478 1035 1596 1090 ’Ίσχει
1613 1034 1696 1078 πώ-

1040 1109 1148 1145 γωνα
1186 1093 1349 1131 reddidit
1395 1091 1503 1144 φύει.
1561 1091 1695 1132 Priora

1039 1151 1151 1186 missa
1183 1151 1300 1199 facio,
1351 1147 1393 1189 ἐν
1421 1155 1523 1190 τοῖσι
1559 1153 1696 1203 Πηδα-

1040 1205 1189 1245 σέοισιτ
1239 1212 1276 1243 et
1342 1203 1496 1246 τοιόνδε
1536 1208 1697 1258 φέρεται

1038 1265 1201 1315 πρῆγμα
1218 1263 1429 1314 γίνεσθαι.·
1443 1263 1577 1314 fertur,
1606 1265 1699 1302 Val-

1039 1320 1121 1368 lae3
1145 1319 1249 1371 quod
1268 1321 1408 1356 mutari
1427 1327 1556 1370 postea
1576 1322 1699 1372 potuit

1039 1376 1079 1411 in
1112 1375 1350 1427 συμφέρεται
1377 1379 1539 1430 πρῆγμα
1575 1376 1699 1430 [quod

1039 1431 1143 1469 idem
1186 1433 1451 1482 Florentium,
1490 1433 1697 1482 medicem,

1039 1489 1101 1524 alii
1132 1490 1295 1538 tenent}
1336 1489 1415 1526 Sed
1444 1492 1581 1542 quibus
1609 1496 1700 1528 tati-

1039 1544 1129 1582 dem
1159 1545 1232 1582 hoc
1261 1553 1406 1583 ostento
1434 1548 1581 1584 malum
1608 1560 1695 1599 por-

1039 1600 1295 1640 tendebatur?
1316 1616 1365 1639 an
1384 1616 1463 1640 non
1482 1605 1568 1654 ipsis
1582 1605 1696 1641 etiam

1032 1658 1308 1697 Pedasensibus
1330 1661 1443 1697 barba
1463 1673 1552 1698 suae
1572 1674 1696 1698 sacer-

1037 1715 1132 1752 dotis
1170 1723 1392 1767 portentum
1421 1725 1499 1754 erat
1535 1720 1696 1769 expian-

1037 1770 1161 1810 dum?
1186 1773 1260 1810 hoc
1280 1775 1411 1826 utique
1441 1775 1697 1825 significatum

1036 1830 1156 1867 voluit
1169 1829 1408 1869 Herodotus·
1428 1833 1479 1868 Et
1500 1831 1590 1883 quid
1608 1838 1697 1869 tan—

1038 1885 1128 1922 dem
1156 1885 1432 1937 interpolator?
1461 1901 1583 1940 quum
1611 1900 1697 1925 ma·-

1037 1944 1120 1979 lum
1139 1944 1355 1981 immineret
1367 1949 1468 1984 τοῑσι
1484 1941 1698 1996 οἷμφικτίο-

1039 2012 1078 2038 σι
1096 2002 1194 2039 πᾶσι
1214 2005 1316 2039 τοῖσι
1338 1997 1441 2051 ἆμφὶ
1463 1998 1610 2052 ταύτης
1640 2001 1696 2040 οἰ-

1039 2056 1172 2096 κέουσι
1199 2060 1270 2107 τῆς
1295 2054 1458 2105 πόλιος.·
1488 2071 1586 2111 quae
1606 2070 1698 2095 sane

1038 2126 1117 2150 non
1167 2115 1359 2163 eleganter
1401 2122 1488 2152 sunt
1525 2121 1697 2162 tornata3

1040 2171 1169 2206 vallae
1210 2170 1378 2208 reddita:
1413 2172 1698 2222 Amphictyensi—

1041 2226 1125 2272 hus,
1158 2230 1219 2276 qui
1244 2229 1339 2264 circa
1361 2240 1435 2265 eam
1456 2230 1573 2265 urbem
1592 2228 1698 2265 laabi-

1042 2287 1139 2319 tant:
1163 2285 1372 2321 Palmerius
1386 2312 1396 2331 ‚
1415 2285 1697 2335 Amphictyonas,

1043 2341 1113 2386 ait,
1154 2353 1177 2376 a
1212 2340 1351 2390 Pylaea
1381 2355 1448 2378 sua
1479 2343 1517 2379 in
1550 2342 1699 2378 mediam

1045 2395 1188 2432 Cariam
1220 2401 1295 2434 sine
1321 2399 1407 2434 navi
1434 2398 1697 2448 transfretavit.

1042 2453 1222 2503 Suspicor
1241 2456 1428 2504 primum,
1454 2453 1566 2492 huius
1585 2461 1699 2492 notae

1042 2517 1237 2546 auctorem
1285 2524 1353 2561 pro
1393 2512 1628 2562 περιοίκοισι
1667 2513 1697 2560 1,

1044 2568 1120 2605 175
1142 2566 1274 2617 legisse
1305 2569 1344 2603 iu
1377 2581 1444 2605 suo
1476 2568 1561 2606 cod.
1591 2564 1698 2620 περι-

1040 2624 1189 2662 uriom:
1240 2632 1396 2661 noverat
1433 2627 1614 2676 magister
1650 2637 1699 2660 ex

1041 2680 1158 2716 Hom.
1189 2680 1337 2729 0d.11,
1371 2681 1425 2722 65
1446 2682 1700 2733 περικτίονας

1042 2731 1291 2787 ἀνθρώπους
1306 2738 1347 2777 οἱ
1357 2734 1698 2789 περιναιετάουσιε

1041 2793 1119 2829 iam
1144 2793 1231 2832 vide
1265 2808 1381 2847 qnam
1402 2794 1512 2833 docte
1539 2795 1699 2845 scripse*
