1839 3292
483 205 945 245 CALLIOPE.

1003 205 1020 240 I
1029 205 1080 241 X.
1329 209 1411 248 331

162 317 344 363 διδόναι,
373 315 453 372 τήν
481 332 524 358 τε
557 317 641 370 γῆν
670 312 816 357 αὐτῶν
846 313 1051 369 ἔταμνον,
1076 312 1151 356 καὶ
1180 310 1416 367 προσέβαλ-

28 379 94 425 8Ί
163 389 242 429 λον
278 382 386 437 πρὸς
427 382 476 425 τὸ
503 387 649 437 τεῖχος.
706 382 792 425 Καὶ
824 381 877 424 οὐ
914 380 997 436 γάρ
1028 380 1243 424 ἐπαύοντο
1274 379 1413 427 σινεό-
1469 392 1507 419 ad
1533 401 1656 427 poenam
1681 397 1742 420 tra>

163 468 308 508 μενοι,
337 453 506 506 εἰκοστῇ
535 449 670 505 ἡμέρῃ
700 449 808 499 ἔλεξε
836 454 948 492 τοῖσι
982 449 1210 504 Θηβαίοισι
1238 451 1413 503 Τιμηγε-

156 520 278 574 νίδης
307 518 428 561 τάδε·
460 516 656 571 ,ξἈνδρες
686 519 881 572 Θηβαῖοι,
912 517 1055 571 ἐπειδὴ
1079 515 1192 559 οὕτω
1214 516 1416 560 δέδοκται

157 593 297 640 ,,τοῖσι
321 586 517 641 ’Έλλησω
558 584 615 640 μὴ
657 583 872 637 πρότερον
902 582 1200 639 ἀπαναστῆναι
1239 587 1472 637 πολιορ-δο

156 655 363 708 ,,κέοντας
391 653 420 708 ἣ
448 653 620 704 ἐξέλωσι
654 650 822 706 Θήβας,
859 650 889 707 ἢ
915 649 1051 707 ἡμέας
1081 650 1252 694 αὐτοῖσι
1281 666 1417 704 παρα-

156 725 315 775 ,,δι5τε,
362 725 447 765 νῦν
489 716 552 764 ὧν
589 718 735 775 ἡμέων
764 719 905 761 εἵνεκα
941 722 998 776 γῆ
1025 719 1054 776 ἡ
1082 719 1273 774 Βοιωτίη
1302 718 1417 762 πλέω

127 791 221 846 2μὴ
275 787 515 845 ἀναπλήσῃ.
574 786 674 839 ἀλλ’,
720 787 756 829 εἰ
795 786 873 841 μὲν
900 786 1132 843 χρημάτων
1167 788 1417 842 χρηίζοντες

154 856 408 913 ,,προ’σχημα
446 855 579 912 ἡμέας
616 853 886 907 ἐξαιτέονται,
929 852 1128 910 χρήματα
1158 865 1237 910 σφι
1269 856 1413 908 δῶμεν
1428 859 1472 895 65

155 925 229 977 ,,έκ
267 928 348 967 τοῦ
384 926 566 967 κοινοῦ’

627 921 711 966 σύν
738 922 821 978 γὰρ
850 925 912 979 τῷ
941 926 1076 980 κοινῷ
1105 922 1177 965 καὶ
1215 922 1417 978 ἐμηδίσα-

123 998 276 1048 3,,μεν,
298 990 401 1035 οὐδὲ
420 996 578 1047 μοῦνοι
605 988 741 1047 ἡμέες.
772 991 810 1032 εἰ
840 991 885 1033 δὲ
913 987 1058 1045 ἡμέων
1088 988 1287 1044 ἀληθέως
1317 990 1412 1034 δεό-

154 1073 306 1115 ,,μενοι
343 1060 670 1114 πολιορκέουσι,
725 1057 847 1113 ἡμεῖς
875 1055 1009 1113 ἡμέας
1029 1055 1191 1108 αὐτοὺς
1225 1057 1268 1108 ἐς
1299 1055 1414 1100 ἄντι-

125 1129 339 1183 4,,λογίην
368 1129 646 1182 παρέξομεν.“
675 1126 828 1179 Κάρτα
857 1141 901 1168 τε
932 1126 1048 1176 ἔδοξε
1081 1119 1132 1168 εὖ
1162 1124 1309 1180 λέγειν,
1340 1127 1412 1168 καὶ

153 1196 197 1247 ἐς
225 1195 406 1252 καιρόν·
457 1193 612 1240 αὐτίκα
654 1210 698 1238 τε
736 1192 1106 1249 ἐπεκηρυκεύοντο
1149 1192 1258 1247 πρὸς
1292 1195 1417 1235 Παυ-

102 1381 164 1419 Ad
197 1382 397 1432 particulas
431 1375 534 1419 οὕτω
571 1374 621 1429 δὴ
654 1376 757 1414 conf.

104 1438 152 1476 ad
168 1440 236 1487 IX,
258 1441 294 1478 6.

258 1527 350 1578 cap.
362 1524 596 1562 LXXXVII.

157 1603 395 1658 σινεόμενοι]
422 1606 478 1641 Ita
499 1602 689 1641 Sancrofti
706 1602 759 1638 li-

100 1663 179 1702 ber.
211 1664 334 1713 Vulgo
357 1656 572 1712 σινόμενοι.
593 1659 756 1697 Cfinott.

101 1719 150 1756 ad
167 1721 236 1767 IX,
260 1722 323 1760 13.

155 1775 260 1815 πλέω
301 1770 354 1826 μή
399 1769 632 1826 ἀναπλήσῃ]
674 1772 756 1809 scil.

100 1828 218 1872 κακά.
252 1832 362 1868 Conf.
382 1831 426 1877 V,
440 1828 477 1868 4.
498 1830 566 1874 VI,
586 1832 649 1875 12,
670 1842 758 1865 mo-

100 1896 214 1925 nente
235 1886 467 1936 Schweigh„
489 1887 556 1937 qui
575 1886 626 1922 sic
638 1886 759 1921 inter-

100 1952 287 1996 pretatur:
326 1957 420 1981 nunc
445 1946 568 1979 nostra
590 1955 701 1978 causa
718 1955 758 1978 ne

97 2002 204 2051 plura
240 2013 344 2051 porro
396 2001 564 2049 patiatur
608 1997 757 2035 Boeotia

100 2063 202 2095 terra.
227 2056 644 2094 Imitaturlocutionem
652 2056 757 2091 Pau-

100 2117 221 2151 sanias
241 2115 291 2162 X,
313 2115 365 2153 28
384 2114 420 2158 ξ.
442 2115 518 2162 2p.
541 2113 635 2152 867.
693 2111 756 2148 Ad

100 2184 261 2222 sequens
280 2165 489 2220 πρόσχημα
510 2168 559 2205 cf.
588 2168 652 2216 IV,
676 2171 755 2208 167

102 2228 228 2278 ibique
257 2233 352 2264 nott.
384 2233 421 2262 et
452 2223 501 2262 ad
536 2220 580 2264 τό
616 2221 756 2264 κοινόν

104 2291 196 2320 nott.
218 2283 265 2319 ad
285 2283 364 2329 VII,
386 2280 477 2322 144.

160 2337 233 2378 σύν
255 2336 327 2392 γὰρ
347 2341 403 2392 τῷ
423 2338 548 2389 κοινῷ
570 2334 638 2375 καὶ
660 2334 757 2387 ἔμη-

106 2394 296 2443 δίσαμεν]
333 2395 395 2431 Ad
420 2394 648 2431 intensivam
676 2394 756 2430 vim

105 2451 305 2500 particulae
324 2450 391 2490 καὶ
410 2449 552 2487 attendi
576 2451 681 2486 iubet
699 2451 757 2486 vir

106 2506 237 2543 doctus
265 2508 304 2542 in
340 2506 615 2557 Schulzeitung
649 2508 751 2546 1831

106 2576 164 2598 m·-
189 2565 266 2603 122
293 2576 332 2612 p.
362 2565 454 2610 970,
488 2564 555 2600 ubi
581 2569 757 2599 nostrum

105 2620 235 2655 locum
278 2620 478 2655 vernacule
519 2620 570 2656 sic
610 2617 754 2656 reddit:

105 2675 224 2722 „deun
260 2677 323 2711 mit
348 2674 663 2714 Einverstdnclm'ss
698 2675 757 2712 des

106 2732 370 2769 Gemiuwesens
401 2730 511 2767 haben
540 2734 604 2769 wir
638 2746 671 2769 es
699 2732 720 2779 j
735 2744 758 2769 α

107 2784 252 2840 (eben
293 2787 446 2838 auch)
480 2790 542 2825 mit
577 2788 642 2826 den
675 2787 760 2827 Me-

814 1375 899 1412 dern
929 1374 1131 1423 gehaltenf‘
1189 1376 1246 1410 De
1280 1375 1361 1425 ipsa
1398 1375 1472 1412 loci

811 1432 1056 1470 sententiasic
1075 1430 1374 1479 IVesseling.:
1393 1433 1474 1468 Ae—

813 1488 993 1540 quissima
1013 1488 1226 1538 postulatio,
1247 1488 1277 1523 si
1292 1487 1472 1536 professio

810 1545 968 1581 veritate
994 1544 1204 1583 fulciretur.
1274 1544 1346 1588 Qui
1381 1546 1474 1581 citra

810 1600 986 1637 fraudem
1022 1608 1058 1637 et
1087 1599 1219 1637 dolum
1242 1601 1474 1651 reipublicae

813 1659 1026 1704 consulunt,
1046 1659 1205 1708 impune
1224 1658 1296 1693 illis
1313 1671 1391 1694 esse
1404 1656 1474 1694 de-

812 1715 900 1762 bet,
939 1714 1092 1766 quando
1124 1728 1182 1751 res
1211 1715 1329 1751 secius
1359 1713 1473 1752 cadit.

812 1772 913 1808 Nam
941 1772 1086 1808 consilii
1112 1770 1261 1807 datores
1290 1771 1337 1807 ob
1356 1785 1473 1809 even-

813 1834 909 1875 tum,
941 1841 1056 1879 quem
1076 1835 1265 1878 praestare
1284 1840 1364 1864 non
1384 1841 1475 1879 pos-

813 1891 912 1930 sunt,
939 1885 1124 1934 plectere,
1147 1897 1384 1936 quamquam
1403 1886 1474 1921 tri-

814 1947 887 1977 stes
907 1940 1274 1991 istiusmodipoenae
1292 1943 1332 1977 in
1351 1954 1473 1977 anna-

813 1998 910 2033 libus
931 1998 1069 2047 plures,
1102 2010 1122 2033 a
1155 1998 1309 2034 consilio
1332 1997 1472 2046 dando,

813 2067 862 2089 ne
883 2053 986 2090 aliud
1004 2053 1208 2103 adponam,
1229 2055 1365 2090 merito
1386 2067 1473 2090 om-

812 2123 878 2146 nes
891 2109 1106 2147 deterrebit.
1116 2112 1303 2160 Egregiae
1314 2109 1361 2146 ad
1373 2109 1471 2147 hanc

810 2180 893 2202 rem
913 2166 1220 2218 Bynkershoekii
1232 2167 1381 2211 Quaest.
1393 2169 1473 2205 Iur.

811 2224 924 2261 Publ.
954 2225 1000 2271 ΙΙ,
1022 2228 1048 2264 2
1070 2223 1347 2274 disquisitiones
1372 2231 1471 2264 sunt,

813 2279 894 2317 Sed
925 2278 1066 2317 horum
1096 2281 1214 2316 oratio
1243 2280 1411 2316 infucata
1436 2287 1473 2317 et

813 2350 925 2373 causa
969 2336 1094 2387 dispar
1133 2343 1200 2373 est.
1271 2338 1473 2373 Civitatem

812 2392 1043 2430 Thebanam
1054 2406 1265 2443 paucorum
1275 2406 1472 2444 oppresse-

811 2457 896 2487 rant
925 2450 1134 2498 dominatu,
1174 2451 1409 2501 invitamque
1430 2451 1470 2486 in

811 2507 1017 2544 factionem
1037 2507 1310 2557 compulerant.
1367 2508 1472 2544 Haec

811 2562 887 2599 fide
910 2564 1120 2600 Pausaniae
1140 2565 1209 2609 IX,
1232 2566 1255 2603 6
1279 2565 1316 2608 ξ.
1341 2564 1470 2613 1.“-ῂ

812 2621 857 2656 In
872 2633 978 2672 seqq.
1004 2619 1052 2655 ad
1071 2620 1305 2656 locutionem
1325 2618 1364 2666 ἐς
1381 2635 1471 2659 και-

814 2673 888 2728 ρὸν
909 2676 1009 2714 conf.
1028 2676 1092 2723 IV,
1117 2678 1207 2723 139,
1227 2677 1356 2727 ibique
1374 2684 1471 2714 nott.

815 2740 852 2769 et
882 2731 929 2769 de
963 2733 1080 2769 verbo
1113 2729 1472 2786 ἐπικηρυκεύεσθαι

814 2796 911 2827 nott.
931 2788 979 2826 ad
999 2790 1064 2839 Vl,
1086 2791 1156 2830 97.

1468 425 1550 461 dant,
1558 427 1744 462 compellunt.
