1839 3292
614 222 661 259 -1.
691 221 852 258 INDEX
879 220 1072 258 RERUM.

1518 225 1604 266 455

119 333 262 366 Arbores
282 331 457 366 fructuum
480 329 606 373 odore,
630 330 770 372 perinde
793 333 832 365 ut
886 328 1031 363 Archias
1065 329 1281 372 Spartanus,
1312 329 1386 364 elus
1416 331 1525 367 virtus
1557 334 1602 368 ad

161 379 292 418 vinum,
317 377 539 417 inebriantes,
563 377 592 417 Ι,
616 375 684 409 202
707 381 776 412 not.
795 378 828 421 ⁸)

161 424 304 457 arbores
335 424 452 457 lanam
482 423 628 456 ferentes
662 422 828 463 inludia,

159 469 224 510 ΠΙ,
256 468 323 502 106
355 473 426 505 not.
469 469 610 502 arborea
642 479 760 501 ornnes
792 469 827 501 in

155 515 277 592 Irhem
300 519 435 558 praeter
456 526 560 549 unam
577 513 694 548 aridae
703 515 826 557 factae,

177 560 214 602 V,
239 559 318 593 151.

112 606 271 646 Arcades,
295 607 323 646 Ι,
348 606 415 639 116
438 609 506 640 not.
532 605 578 646 ΙΙ,
599 604 678 637 171.
702 603 743 643 V,
768 603 823 636 49.

155 652 308 685 Arcadas
332 651 485 685 invasuri
509 649 772 684 [annedae-nonii
804 661 824 683 a

155 697 285 740 Pythia
301 698 404 742 (quae
426 697 648 740 glandivoros
671 695 748 727 illos
762 706 824 727 ηο-

154 743 283 786 minat)
314 742 490 787 prohibiti,
512 741 540 781 Ι,
565 741 621 774 66.
663 751 720 773 eos
744 751 824 773 con-

155 792 209 822 tra
230 789 390 830 Spartam
422 787 587 821 sollicitat
609 787 821 829 Cleomenes,

153 834 209 877 VI,
228 834 283 867 74.
300 853 346 858 —-
368 833 516 866 Arcades
539 833 573 865 in
597 833 821 876 Thermopy-

152 879 209 920 lis,
233 879 307 917 VII,
332 879 412 912 202.
444 879 605 919 ArcadeS,
642 879 820 922 (transfu—

150 926 236 968 gae)
260 924 350 964 vul,
373 925 428 958 26.
455 925 606 958 Arcades
617 936 751 967 semper
764 935 819 957 re-

150 969 290 1013 gionem
314 974 512 1012 tenuerunt,
531 970 625 1011 vm,
648 970 704 1004 73.

104 1015 213 1048 Areae
235 1016 445 1050 mumiarum
468 1017 512 1060 II,
536 1016 581 1049 78
604 1021 673 1049 not.

103 1061 296 1094 Arcesilaus
325 1063 354 1095 Ι.
385 1063 482 1096 Batti
512 1063 582 1102 fit,
613 1073 672 1095 rex
696 1062 818 1106 Cyren.

148 1107 206 1147 IV,
229 1106 296 1140 159
314 1111 382 1141 not.

104 1153 297 1185 Arcesilaus
326 1153 376 1186 ΙΙ.
412 1153 508 1186 Batti
531 1153 644 1185 felicis
671 1153 733 1194 fii„
757 1153 817 1194 IV,

149 1197 216 1230 160
238 1202 307 1231 not.
332 1198 406 1231 eius
431 1200 545 1232 clades
569 1200 613 1231 ab
635 1199 727 1231 Afris
760 1210 818 1232 ae-

149 1249 266 1286 cepta;
291 1244 449 1278 interitus
473 1256 495 1278 a
526 1245 634 1278 fratre
656 1250 817 1289 strangu-

149 1289 223 1329 lati,
246 1289 329 1322 ibid.

102 1335 294 1367 Arcesilaus
330 1335 392 1369 111.
422 1335 518 1368 Batti
549 1335 664 1368 claudi
686 1335 748 1376 fil„
779 1334 816 1369 in

147 1380 293 1413 Samum
315 1382 484 1425 profugit,
510 1381 566 1422 IV,
587 1381 653 1414 162
666 1385 735 1414 not.
759 1391 815 1414 re-

145 1426 214 1458 dux
238 1425 272 1458 iu
299 1426 447 1469 patriam
482 1427 657 1469 Cyrenen,
682 1426 815 1474 oraculi

144 1471 339 1512 immemor,
363 1473 518 1506 crudelia
549 1472 705 1505 facinora
734 1484 814 1515 per-

144 1521 267 1560 petrat,
291 1518 347 1558 lv,
372 1518 439 1551 164
461 1523 530 1551 not.
554 1518 718 1561 Cambysi
744 1519 814 1561 Cy-

143 1574 247 1595 renen
284 1564 425 1598 tradidit
464 1564 705 1604 tributariam,
754 1565 812 1600 lv,

142 1607 211 1642 165
244 1613 314 1644 not.
351 1610 424 1643 eius
452 1610 620 1653 interitus,
652 1611 709 1651 IV,
746 1609 811 1643 164

142 1658 213 1687 not.

97 1700 307 1740 Awhamler,
337 1700 450 1734 Danai
472 1712 590 1744 gener,
625 1701 747 1734 Phthii
771 1701 814 1733 fi-

139 1746 222 1788 lius,
254 1746 386 1780 Achaei
420 1758 536 1791 nepos,
573 1747 617 1789 II,
649 1747 694 1781 98
721 1748 811 1780 conf.

139 1795 209 1824 not.
233 1792 263 1808 '⁸

96 1792 290 1869 Archandrh’
312 1836 406 1879 urbs,
428 1837 474 1876 ΙΙ,
495 1837 541 1870 97
564 1849 633 1879 seq.

97 1883 311 1926 Archangeli
333 1883 561 1927 (Persarum),
585 1884 664 1925 VII,
685 1882 731 1916 53
741 1885 811 1916 not.

96 1928 273 1968 Archelai,
295 1928 405 1961 tribus
428 1929 588 1972 Sicyone,
613 1930 654 1971 V,
679 1928 724 1961 68
742 1932 810 1962 not.

96 1974 292 2014 Archelaus,
316 1974 469 2018 Agesilai
490 1976 552 2017 fit,
577 1975 652 2016 vll,
674 1975 758 2008 201.

96 2019 392 2062 Archestratidas,
424 2021 668 2066 Athenagorae
701 2024 810 2065 pater,

138 2065 201 2108 lx,
225 2065 282 2098 00.

931 375 1088 415 Samum,
1113 375 1175 417 III,
1201 373 1258 408 55.

884 422 1028 454 Archias
1051 421 1151 462 alius,
1175 419 1285 454 Samii
1308 421 1371 460 fil„
1394 421 1477 457 ibid.

882 467 1120 545 Ανοέἰᾱαπιυε,
1141 467 1404 501 Anaxandridae
1427 468 1492 509 fil„
1509 468 1600 510 vm,

879 558 1124 598 Archidamus,
1157 557 1362 592 Leuxidami
1393 557 1456 598 fil„
1508 557 1599 592 ami-

926 607 999 636 tam
1028 603 1064 636 in
1095 604 1356 638 matrimonium
1393 603 1512 646 ducit,
1541 604 1599 646 w,

879 694 1069 735 Archidice,
1095 693 1220 728 nobilis
1242 695 1416 736 meretrix,
1449 694 1494 737 ΙΙ,
1517 693 1598 731 135.

878 740 1098 773 Archilochus
1122 739 1259 782 Parius,
1283 741 1356 775 eius
1381 740 1518 775 iambus
1533 741 1595 775 tri-

925 790 1044 826 meter,
1068 786 1096 828 I,
1122 786 1167 819 12
1193 790 1266 820 not.

877 831 1060 864 Architecti
1069 845 1080 864 .-
1104 832 1306 875 Eupalinus,
1318 831 1381 871 III,
1394 831 1450 866 60.
1475 832 1595 865 Rhoe-

922 889 992 916 cus,
1016 878 1097 911 ibid.
1122 878 1342 913 Mandrocles
1361 877 1510 920 Samius,
1532 878 1592 921 lv,

875 969 966 1001 Arcu
987 969 1105 1002 utendi
1127 969 1338 1012 Scytharum
1360 973 1395 1004 et
1408 970 1593 1004 Persarum

920 1014 1056 1058 peritia,
1088 1015 1115 1055 Ι,
1147 1016 1193 1049 73
1232 1020 1303 1051 not.
1326 1034 1372 1041 —
1414 1027 1515 1050 arcus
1547 1018 1591 1050 ab

919 1061 1090 1103 Aethiope
1122 1062 1308 1094 Persarum
1346 1062 1424 1106 regi
1454 1062 1592 1104 missus,

920 1106 980 1146 ΙΙΙ,
1005 1106 1050 1139 21
1073 1112 1144 1142 not.
1177 1106 1252 1148 30„
1285 1118 1386 1141 arcus
1419 1108 1592 1150 Herculis,

919 1152 977 1189 lv,
988 1153 1042 1187 10.
1062 1164 1162 1186 arcus
1177 1164 1311 1196 semper
1333 1154 1480 1187 intentus
1495 1165 1592 1187 rum—-

919 1198 1022 1239 pitur,
1079 1199 1124 1240 11,
1150 1197 1226 1232 173.
1259 1210 1360 1232 arcus
1394 1201 1591 1241 Persarum,

917 1244 958 1283 V,
983 1243 1027 1276 49
1052 1249 1121 1278 not.

871 1289 1065 1331 Ardericca,
1092 1290 1188 1323 vicus
1213 1289 1387 1333 Assyriae,
1417 1289 1444 1329 I,
1466 1289 1534 1324 185
1555 1302 1590 1326 n.

870 1335 1054 1367 Arclericca
1078 1335 1113 1369 in
1147 1340 1239 1369 terra
1265 1336 1395 1375 Cissia,
1428 1337 1472 1369 ab
1498 1337 1591 1369 Ere-

916 1381 1100 1414 triensibus
1137 1381 1285 1425 captivis
1315 1381 1488 1426 habitata,
1530 1382 1589 1425 VI,

915 1426 983 1459 119
1007 1431 1077 1459 not.

869 1472 990 1515 Artlys,
1016 1471 1128 1516 Gygis
1152 1472 1220 1513 fil„
1255 1472 1447 1515 Sadyattae
1479 1476 1588 1516 pater,

916 1518 1078 1550 Sardium
1103 1523 1278 1561 tyrannus,
1302 1519 1465 1552 Miletum
1488 1519 1587 1553 inva-

915 1564 976 1603 dit,
999 1565 1025 1604 1,
1049 1563 1105 1597 15.

868 1610 988 1641 Areias
1018 1621 1137 1653 pagus
1162 1606 1326 1652 (Ἀρήϊος
1352 1606 1482 1652 πάγος,
1513 1609 1589 1643 sive

912 1655 1136 1699 Areopagus)
1161 1656 1298 1695 Athen.,
1331 1656 1420 1695 vlu,
1445 1654 1490 1688 52
1517 1660 1586 1689 not.

869 1702 982 1734 Arena
1016 1701 1169 1734 aurifera
1201 1701 1234 1733 in
1270 1701 1378 1742 India,
1411 1701 1473 1742 ΙΙΙ,
1506 1701 1587 1736 102.

915 1757 1043 1780 arenae
1083 1747 1212 1780 cumuli
1241 1746 1423 1792 cambysis
1455 1747 1586 1781 exerci-

915 1796 987 1825 tum
1011 1794 1172 1834 obruunt,
1197 1792 1260 1833 111,
1280 1792 1336 1826 26.

866 1839 1066 1882 Areopagus
1090 1840 1229 1879 Athen.,
1254 1839 1348 1880 VIII,
1371 1836 1428 1871 52.

866 1885 1041 1925 Argadas,
1065 1884 1156 1918 Ionis
1174 1884 1237 1925 fil.,
1258 1884 1300 1925 V,
1324 1884 1382 1918 66.
1406 1884 1449 1919 Τ.
1475 1884 1527 1917 lII
1549 1895 1586 1928 p.

911 1929 991 1962 798.

867 1976 1044 2017 Argaeus,
1068 1974 1224 2017 Philippi
1247 1977 1361 2017 pater,
1399 1974 1584 2009 Perdiccae

910 2021 973 2060 fii„
997 2020 1088 2062 1111,
1112 2020 1180 2053 139
1203 2025 1275 2056 not.

866 2066 1140 2110 Arganthonius,
1163 2067 1227 2110 ”’“)
1251 2064 1406 2100 Tartessi
1415 2076 1485 2108 rex,
1510 2065 1584 2099 eius

95 2191 248 2222 Araxem
266 2200 330 2234 pro
347 2191 496 2223 Iaxarte
516 2190 621 2223 habet
638 2195 674 2223 et
690 2190 726 2223 in
742 2189 1003 2223 Herodotiloco
1021 2190 1111 2223 laud.
1126 2191 1249 2224 verba:
1275 2188 1351 2234 ῥέει
1365 2188 1431 2233 μὲν
1450 2185 1582 2223 {aMoe-

94 2235 229 2277 τιηνῶν
247 2242 283 2268 et
296 2246 381 2280 quae
399 2243 585 2279 sequnntur
601 2249 706 2280 usque
730 2237 774 2269 ad
795 2235 942 2280 διέλαβε
971 2232 990 2269 ὁ
1012 2236 1139 2278 Κῦρος
1170 2249 1188 2269 e
1212 2237 1326 2280 glossa
1353 2236 1463 2268 textui
1487 2236 1582 2268 illata

95 2281 288 2314 arbitratur.
339 2282 488 2326 Volgam
517 2282 609 2324 apud
643 2283 858 2315 Herodotum
886 2282 1147 2325 intelligendam
1179 2295 1253 2316 esse
1289 2283 1410 2315 statuit
1446 2293 1581 2325 quoque

94 2325 242 2369 Halling.
264 2328 411 2368 (Annall.
429 2329 552 2360 Vienn.
571 2329 682 2361 LXIII
710 2342 745 2372 p.
764 2328 829 2362 130
849 2334 883 2360 et
902 2329 1064 2361 Deutsch.
1083 2329 1203 2362 Gesch.
1227 2331 1242 2361 I
1259 2341 1292 2372 p.
1312 2329 1368 2369 69)
1393 2328 1483 2360 idem
1512 2328 1581 2359 ob·-

96 2383 233 2404 servans
250 2384 319 2406 non
337 2379 432 2408 reete
448 2375 491 2406 de
512 2375 645 2418 Volgae
663 2387 762 2407 cursu
784 2376 998 2408 Herodotum
1019 2375 1130 2407 videri
1149 2376 1307 2407 edoctum
1324 2375 1442 2415 fuisse,
1454 2374 1582 2417 quippe

95 2419 259 2458 Araxem,
283 2430 381 2462 quem
396 2420 509 2461 dicat,
531 2420 554 2453 i.
575 2433 604 2454 e.
621 2421 769 2464 Volgam
790 2432 863 2452 cum
887 2432 926 2453 eo
946 2421 1093 2461 flumine,
1119 2422 1172 2454 cui
1190 2423 1398 2453 nomenKar
1425 2423 1580 2459 Araxes,

95 2463 367 2500 confundentem.
412 2468 523 2509 Ipsum
552 2478 675 2499 nomen
705 2467 822 2499 Araxis
841 2468 885 2499 ad
902 2467 996 2498 fluvii
1014 2467 1099 2499 sacri
1126 2468 1313 2514 Arg-Racl
1332 2477 1456 2497 nomen
1477 2465 1512 2497 in
1531 2464 1580 2497 li-

95 2508 165 2540 bris
183 2509 337 2541 Zendicis
359 2510 451 2544 idem
474 2513 582 2544 refert
607 2513 756 2555 Halling.
773 2513 906 2546 Annali.
921 2514 1044 2545 Vienn.
1065 2514 1177 2545 LXIII
1203 2526 1237 2556 p.
1260 2513 1335 2545 148.
1360 2512 1428 2544 Sed
1445 2512 1580 2543 Iaxar-

95 2562 162 2585 tem
195 2554 265 2586 sive
294 2557 494 2598 Sir-Beria,
526 2565 563 2590 ut
586 2570 673 2591 nune
688 2565 822 2597 vocant,
845 2565 939 2591 recte
961 2558 1112 2600 intelligi
1131 2560 1199 2591 vult
1215 2557 1406 2590 Humboldt
1428 2558 1578 2589 Examen

95 2599 138 2631 de
158 2599 312 2633 l'histoir.
330 2601 373 2633 de
393 2602 426 2634 la
437 2613 536 2646 geog.
556 2604 602 2636 du
618 2616 720 2637 nouv.
741 2605 867 2636 contin.
881 2603 1035 2647 p.55.—-
1060 2605 1229 2637 Herodoti
1253 2607 1395 2635 Araxem
1420 2615 1493 2635 cum
1513 2614 1577 2645 pro

93 2645 262 2677 hodierno
278 2645 378 2679 fluvio
401 2650 606 2691 Ssyr—Darja
630 2650 737 2693 accipi
764 2649 870 2682 vellet
906 2649 1077 2690 Lewshiu,
1109 2650 1283 2683 Eiehwald
1312 2656 1347 2681 et
1359 2650 1441 2683 C.A.
1455 2650 1576 2692 Meyer

93 2690 130 2724 in
153 2691 286 2724 Annall.
312 2693 418 2735 Dorp.
445 2694 543 2736 1834,
568 2698 597 2728 11
623 2709 657 2737 p.
684 2696 748 2730 138
773 2695 909 2727 fluvium
932 2697 1157 2735 Ama—daria
1188 2697 1254 2729 huc
1277 2695 1399 2728 referri
1434 2697 1573 2730 malunt.

183 2737 220 2780 *)
246 2738 331 2771 Add.
350 2739 431 2771 Mel.
449 2739 487 2779 ll,
506 2741 537 2772 2.
557 2742 591 2783 4,
616 2742 732 2785 ibique
747 2742 933 2774 Tzschuck.
955 2748 1046 2774 nott.
1067 2753 1187 2786 exegg.
1211 2744 1267 2784 ΙΙΙ,
1285 2744 1307 2776 2
1326 2754 1361 2786 p.
1383 2742 1438 2778 85.

183 2783 238 2819 ²¹⁶⁹)
264 2784 350 2815 Add.
367 2785 541 2817 Schubart.
561 2790 699 2826 Quaest.
716 2788 893 2830 genealog.
910 2799 947 2829 p.
960 2787 1007 2821 36
1023 2799 1096 2830 seq.

183 2828 258 2871 Μἕξ)
283 2829 363 2864 Vid.
380 2829 594 2873 potissimum
615 2835 724 2866 Bauer
741 2834 950 2877 Naturrelig.
971 2833 1007 2866 d.
1024 2834 1171 2867 Alterth.
1193 2835 1206 2866 1
1228 2846 1262 2878 p.
1279 2834 1335 2868 29.
