1839 3292
71 345 137 389 93

525 227 984 264 CALLIOPE.
1041 227 1122 263 IX.
1369 231 1449 270 337

310 340 400 380 Τοῦ
432 336 510 379 τὸν
538 336 701 390 πατέρα
718 335 921 392 κατέλαβε
942 334 1144 392 Εὐήνιον
1163 339 1341 391 πρῆγμα
1369 354 1456 380 τοι-
1514 334 1669 373 ngressto
1683 340 1786 368 ‘³03⁰'

1513 376 1580 399 enio
1592 374 1785 408 Apolloniam.

195 403 308 447 όνδε.
354 403 478 446 ’Ἐστι
508 405 554 447 ἐν
584 409 635 460 τῇ
653 403 910 459 Ἀπολλωνίῃ
932 403 1065 460 ταύτῃ
1088 404 1162 456 ἱροὶ
1191 402 1318 459 «ἡλίου
1349 404 1452 459 πρό·
1510 404 1602 433 ⁵³⁴²oe
1638 408 1700 434 ⁵⁰¹³
1735 414 1786 442 ¹³⁸*

1511 446 1582 466 cora
1602 442 1783 474 Apolloniae·

1510 471 1555 499 Ea
1580 474 1722 507 quomodo
1755 478 1787 502 et

192 474 316 527 βαΐα,
347 471 399 514 τὰ
427 473 504 524 τὰς
532 473 610 529 μὲν
628 472 789 528 ’ἡμέρας
805 470 1005 527 βόσκεται
1037 473 1154 527 παρὰ
1168 471 1378 529 ποταμὸν)
1403 472 1452 525 ὃς
1465 478 1530 533 503,
1557 507 1661 541 quibus
1688 512 1784 536 custo-

134 667 283 706 adiecto
301 666 438 705 videsis
448 664 581 704 Matth.
596 667 661 702 Gr.
675 667 740 702 Gr.
757 667 794 711 ξ.

134 724 212 766 431
228 740 264 776 p,
279 727 372 765 802.
407 722 645 759 Herodotum
668 724 794 774 sequi-

133 789 196 818 tur
207 784 371 819 Pausan.
389 780 452 826 VI,
468 778 516 818 14
531 780 566 823 ξ.
580 779 604 819 5
619 786 654 815 et
670 780 716 827 V,
740 782 792 819 22

135 839 172 883 §.
184 842 232 887 2,-
252 836 432 889 quiidem
443 834 580 871 adiecit
590 837 660 884 τῆς
673 835 713 874 ἐν
725 831 793 874 'lo-

132 895 207 933 νίω
219 892 367 946 κόλπῳ,
379 892 564 939 consulto,
575 898 617 928 ut
629 892 790 940 videtur,

133 935 209 1002 qulo
248 948 388 986 haecce
426 949 515 985 urbs
531 976 543 995 7
599 947 647 984 ad
685 962 790 985 mare

130 1005 368 1043 Adriaticum
397 1006 466 1043 sita
503 1005 550 1041 ab
580 1005 659 1041 aliis
690 1007 791 1042 eius-

132 1061 220 1099 dem
241 1064 405 1099 nominis
416 1062 569 1098 urbibus
581 1061 690 1097 distin
695 1075 791 1111 gue-

130 1127 234 1156 retur
283 1120 551 1169 compluribus,
621 1118 793 1155 Corinthi

131 1176 203 1212 fuit
236 1176 404 1223 colonia,
440 1182 533 1212 teste
561 1173 791 1226 Thucydide

131 1233 170 1279 Ι,
210 1234 284 1279 26,
333 1239 478 1268 remota
510 1230 644 1267 decem
674 1231 792 1268 stadia

134 1289 180 1324 ab
201 1289 284 1324 Aoo
313 1288 453 1336 ssuvio,
485 1290 682 1337 sexaginta
711 1289 792 1324 fere

133 1343 252 1381 stadia
275 1357 293 1380 a
316 1347 424 1393 mari,
446 1352 488 1381 ut
508 1345 633 1394 prodit
654 1345 790 1381 Strabo

135 1401 218 1448 (Vll
247 1414 334 1451 pag.
363 1404 442 1441 316
475 1415 501 1437 s,
523 1401 602 1441 486
624 1402 669 1437 Β.
703 1402 790 1438 coll.

131 1458 246 1494 Dion.
269 1459 367 1496 Cass.
385 1459 485 1504 XLI,
508 1456 582 1506 45)
596 1457 679 1493 loco
701 1471 790 1507 per-

133 1526 247 1565 quam
278 1521 513 1564 opportuno:
547 1512 650 1549 unde
679 1514 790 1551 Cice-

131 1571 233 1606 ronis
265 1572 350 1607 tulit
380 1570 509 1607 laudes
548 1570 587 1605 in
621 1568 786 1621 Philipp.

130 1627 206 1674 XI,
232 1630 278 1666 11
294 1640 304 1674 3
331 1628 422 1678 quin
443 1626 573 1663 studiis
592 1627 788 1663 literarum

129 1684 294 1719 multum
324 1682 480 1733 posthac
511 1683 649 1720 floruit.
702 1683 787 1721 vid.

130 1740 390 1777 Cellar.Notit.
411 1742 458 1788 ΙΙ,
484 1742 532 1780 13
554 1753 641 1789 pag.
668 1743 786 1781 1026.

128 1797 305 1832 Mannert
324 1797 393 1833 VII
413 1809 500 1847 pag.
522 1798 616 1836 399.
652 1797 785 1847 Poppo

129 1853 169 1897 Ι,
191 1855 216 1891 2
237 1865 322 1902 pag.
349 1855 437 1893 128,
476 1854 726 1903 Pouqueville
745 1855 785 1890 in

129 1909 256 1944 Itiner.
276 1910 293 1943 I
315 1921 395 1958 cap.
417 1912 483 1948 21.
528 1909 611 1954 Quo
633 1916 784 1946 anctore

130 1963 254 2000 adhuc
274 1965 476 2014 Apolloniae
503 1967 637 2002 veteris
669 1979 784 2017 quae-

130 2019 219 2057 dam
239 2029 445 2057 cernuntur
464 2022 595 2057 ruinae
608 2051 617 2068 ‚
647 2024 783 2073 quibus

127 2090 273 2114 nomen
316 2077 467 2124 Ροίἱιια,
515 2078 619 2129 quod
658 2080 782 2129 ipsum

130 2147 150 2170 e
169 2141 294 2171 vetere
325 2135 576 2185 appellatione
596 2134 783 2185 deprava-

129 2197 212 2227 tum
232 2204 310 2227 esse
330 2204 445 2228 nemo
464 2204 543 2227 non
562 2193 687 2231 sentit.

323 2280 416 2331 Cap.
436 2281 572 2318 XCIII.

175 2354 284 2396 ’Ἐστι
307 2357 348 2397 ἐν
363 2361 414 2413 τῇ
433 2356 674 2414 Ἀπολλωνίῃ
690 2375 726 2399 κ.
746 2375 779 2399 τ.

132 2413 180 2461 λ.]
219 2415 350 2464 Attigit
388 2416 482 2453 haec
515 2417 688 2454 Eustath.
732 2417 780 2454 ad

133 2468 265 2519 Odyss.
300 2472 360 2518 X,
408 2475 485 2513 136
519 2481 556 2510 et
582 2477 664 2514 260
690 2487 778 2524 pag.

134 2527 262 2573 1717,
282 2525 347 2566 44.
366 2540 393 2564 s.
414 2527 505 2577 482,
527 2532 564 2569 9.
606 2531 678 2575 Qui
697 2532 778 2566 He-

131 2579 265 2618 rodoto
310 2591 464 2620 vocatur
500 2581 700 2637 Εὕήνιος,
747 2588 777 2624 is

132 2638 280 2674 Cononi
299 2640 442 2677 Narrat.
469 2644 520 2681 30
548 2650 601 2679 est
623 2638 778 2694 Πειθή-

129 2707 227 2739 νιος.
261 2716 316 2721 —
353 2693 529 2746 πρόβατα
569 2712 664 2736 num
703 2712 779 2737 oves

129 2749 268 2786 suerint
287 2763 334 2786 an
355 2752 469 2798 boves,
499 2753 643 2792 dubitat
661 2757 780 2794 Wes-

129 2807 307 2856 selingius
324 2837 334 2854 ‚
364 2821 451 2844 culn
478 2810 586 2848 latior
604 2814 650 2849 sit
669 2825 778 2851 voca-

185 2865 405 2902 HEnoDOT.
435 2866 500 2904 IV.

851 666 931 701 buli
959 672 1143 715 potestas,
1173 666 1340 720 indeque
1374 671 1511 710 maluit

850 721 1010 758 reddere
1050 736 1144 759 voce
1186 722 1321 762 dubia:
1369 741 1510 776 pecora.

848 778 957 814 Idem
1008 778 1185 828 deinceps
1226 782 1389 819 conferri
1428 786 1510 821 vult

850 834 980 872 Schol.
1003 835 1050 872 ad
1071 837 1115 872 Il.
1140 837 1251 885 XIV,
1286 837 1376 878 124.
1425 841 1509 877 Eu-

848 890 966 928 stach.
998 893 1037 928 in
1069 894 1239 930 Erotian.
1271 907 1359 945 pag.
1394 897 1446 935 92
1478 911 1508 934 s.

848 951 930 988 302
952 947 1010 985 ed.
1032 950 1166 986 Franc.
1216 951 1279 987 Tu
1309 951 1385 989 vid.
1414 960 1507 991 nott.

850 1004 897 1040 ad
917 1006 1057 1052 1‚133
1080 1013 1116 1042 et
1136 1008 1193 1053 ΙΙ,
1222 1005 1297 1055 41,
1329 1009 1392 1044 ubi
1411 1007 1507 1047 haec

848 1062 1030 1110 legimus:
1061 1059 1131 1108 τάς
1154 1064 1251 1112 βοῦς
1269 1062 1338 1110 τάς
1358 1066 1508 1115 θηλέας

850 1118 1032 1168 σέβονται
1052 1134 1080 1156 π
1094 1135 1114 1168 ρ
1127 1135 1145 1157 ο
1159 1116 1246 1169 βοῖτ
1261 1135 1324 1159 ων
1344 1120 1506 1161 πάντων

849 1171 1026 1224 μάλιστα,
1050 1177 1134 1213 coll.
1151 1177 1292 1221 11.’,61.
1313 1178 1406 1214 Inde
1425 1181 1506 1215 No-

849 1239 945 1278 ster,
980 1232 1044 1267 ubi
1064 1246 1142 1268 non
1163 1233 1261 1269 hoves
1282 1233 1347 1270 sed
1369 1249 1441 1272 oves
1454 1237 1507 1272 si·-

848 1301 895 1323 ve
917 1302 1042 1338 capras
1064 1290 1223 1338 intelligi
1239 1292 1380 1338 voluit,
1413 1306 1506 1328 con-

848 1345 945 1379 sulto
976 1344 1112 1380 dixisse
1140 1346 1289 1382 videtur
1309 1345 1355 1385 ἰα’
1387 1346 1507 1387 λεπτοὶ

846 1402 926 1438 τῶν
957 1396 1167 1450 προβάτων
1196 1404 1232 1446 Ι,
1273 1406 1365 1443 133.
1406 1406 1504 1453 wll,

849 1458 940 1495 137.
999 1456 1110 1493 Boves
1138 1458 1266 1510 itaque
1294 1460 1506 1510 intelligere

844 1513 997 1560 malim,
1046 1513 1163 1550 modo
1204 1522 1325 1552 certus
1365 1530 1504 1562 essem,

843 1569 883 1604 in
903 1567 961 1605 his
981 1570 1196 1619 regionibus
1226 1572 1343 1608 boum
1369 1586 1504 1624 greges

844 1626 968 1675 pasci,
1000 1639 1127 1678 neque
1148 1635 1296 1664 tantum
1318 1631 1430 1666 ovium
1450 1632 1503 1667 si·-

844 1695 891 1718 ve
925 1695 1121 1732 caprarum.
1180 1687 1279 1721 Nam
1307 1686 1423 1723 boves
1453 1686 1501 1723 ad

845 1738 944 1775 Solis
964 1741 1107 1776 cultum
1129 1748 1312 1790 spectasse
1345 1744 1426 1794 quis
1448 1751 1502 1780 est

845 1796 909 1846 qui
930 1794 1106 1834 nesciat?
1140 1799 1198 1834 Eo
1219 1805 1346 1834 autem
1368 1801 1502 1850 opinor

842 1858 986 1901 spectat
1016 1866 1169 1905 quoque
1198 1856 1335 1891 Euenii
1363 1870 1500 1906 poena,

843 1909 1043 1944 oculorum
1072 1911 1216 1946 lumine
1255 1913 1410 1962 privati,
1457 1920 1500 1950 ut

842 1965 907 2015 qui
926 1965 964 2000 in
988 1964 1103 2002 Solem
1131 1980 1161 2003 s.
1187 1967 1295 2004 lucem
1326 1968 1499 2020 delique-

840 2022 899 2057 rit.
924 2044 974 2049 —
1011 2021 1072 2058 Ad
1092 2024 1252 2060 verbum
1283 2019 1498 2075 οἷραιρημέ-

840 2092 903 2116 vot
932 2078 969 2112 in
987 2092 1093 2130 seqq.
1115 2080 1215 2119 conf.
1239 2081 1327 2129 VII,
1350 2084 1402 2122 85
1423 2082 1498 2118 ibi-

839 2147 913 2185 que
938 2142 1032 2173 nott.

894 2188 1001 2239 παροέ
1048 2187 1228 2242 ποταμὸν
1283 2208 1320 2232 κ.
1358 2208 1391 2232 τ.
1443 2195 1496 2243 L]

837 2247 950 2282 Hunc
972 2248 1132 2284 fluvium
1160 2249 1272 2286 Aoum
1293 2263 1372 2286 esse
1393 2251 1496 2302 qnod

835 2311 996 2352 ponunt,
1020 2305 1237 2356 obloquitur
1257 2307 1391 2357 Poppo
1412 2308 1437 2343 l.
1454 2309 1493 2353 1.,

838 2372 956 2409 quum
976 2362 1080 2398 Aous
1103 2375 1171 2412 per
1200 2361 1368 2399 mediam
1405 2364 1497 2402 fluat

836 2418 1093 2466 Apolloniam,
1113 2419 1186 2466 vel,
1207 2420 1238 2455 si
1256 2421 1377 2456 maior
1387 2420 1495 2457 Stra-

836 2473 943 2509 bonis
963 2473 1077 2522 fides,
1114 2473 1248 2512 decem
1267 2475 1356 2512 inde
1376 2476 1493 2514 stadia

834 2537 1001 2567 remotus
1055 2530 1263 2568 delabatur.
1348 2532 1493 2572 Voz'ussa

832 2586 992 2622 fiuvium
1010 2589 1136 2624 vocari
1147 2586 1236 2624 dicit
1245 2589 1495 2640 Pouqueville

834 2643 860 2678 1.
892 2644 917 2678 l.
938 2645 977 2688 I,
1010 2657 1068 2693 cp.
1095 2642 1158 2683 14.
1189 2647 1256 2684 21.
1316 2646 1438 2690 Quem
1471 2661 1492 2683 e

834 2698 958 2735 Pindo
988 2700 1176 2749 profluere
1206 2714 1294 2737 cum
1324 2703 1386 2738 alii
1405 2716 1490 2739 me-

834 2762 1007 2804 morent,
1042 2756 1256 2794 Herodotus
1277 2757 1488 2796 Lacmonem

835 2813 1006 2861 vocavit,
1049 2814 1113 2866 qui
1142 2815 1257 2864 ipsius
1287 2814 1401 2853 Pindi
1434 2817 1489 2854 vi-

1162 2873 1216 2912 22
