1839 3292
29 337 96 382 49

538 216 884 253 URANIA.
942 216 1068 254 V111.

267 326 343 378 Ὡς
384 326 428 369 δὲ
467 326 508 377 ἐς
536 326 616 381 τήν
643 329 875 381 Σαλαμῖνα
904 327 1129 380 συνῆλθον
1165 326 1210 367 οἷ
1245 334 1519 382 στρατη-2οης
1537 349 1721 379 Graecorum

159 396 231 453 γοὶ
261 394 346 438 ἀπό
378 398 466 437 τῶν
496 394 732 450 εἰρημένων
759 394 934 444 πολίων,
965 391 1274 448 ἐβουλεύοντο,
1311 409 1421 445 προ-

159 464 314 513 θέντος
337 462 624 518 Εὐρυβιάδεω
649 460 830 516 γνωμην
858 459 1186 515 ἀποφαίνεσθαι
1214 461 1291 505 τὸν
1319 465 1421 518 βου-

162 530 370 586 λόμενον,
414 529 522 573 ὅκου
560 529 707 572 δοκέοι
737 527 1077 583 ἐπιτηδειότατον
1108 528 1219 572 εἶναι
1248 548 1417 586 ναυμα-

164 601 262 656 χίην
300 597 521 641 ποιέεσθαι
556 601 644 639 τῶν
684 594 810 638 αὐτοὶ
845 596 1021 650 χωρέων
1059 597 1280 652 ἐγκρατέες
1324 601 1419 645 εἰσί.

1368 222 1425 260 65

165 666 194 723 ἡ
230 665 313 721 γὰρ
350 663 516 720 Ἀττική
557 663 709 719 ἀφεῖτο
750 662 855 719 ἤδη,
901 668 990 706 τῶν
1029 664 1074 708 δὲ
1103 666 1292 708 λοιπέων
1329 667 1429 721 πέρι

139 735 405 788 Ξπροετίθεε.
461 733 520 774 Αἰ
547 736 715 788 γνῶμαι
747 731 791 774 δὲ
822 735 910 774 τῶν
930 730 1144 787 λεγόντων
1168 735 1213 776 αἱ
1239 738 1484 778 πλεῖσταιὲὄ

167 800 486 852 συνεξέπιπτον,
517 799 626 853 πρὸς
658 800 733 843 τὸν
756 798 935 854 Ἰσθμὸν
972 798 1228 852 πλώσαντας
1257 818 1429 857 ναυμα-

164 870 276 925 χέειν
315 866 401 921 πρὸ
439 871 515 923 τῆς
547 866 913 923 Πελοποννήσου·
957 866 1222 923 ἐπιλέγοντες
1251 868 1329 911 τόν
1357 868 1428 913 λό-

164 951 246 992 γον
273 934 397 978 τόνδε
426 933 512 989 „c53
541 932 594 992 ἢν
623 934 858 992 νικηθέωσι
888 938 941 993 τῇ
974 938 1216 994 ναυμαχίῃ,
1255 936 1303 980 ἐν
1332 941 1424 981 Zoc-
1481 931 1559 976 641

108 1121 339 1161 Dahlmann.
380 1120 522 1158 Herod.
572 1133 659 1171 pag.
700 1123 769 1161 99.

109 1183 205 1220 219.
253 1181 291 1215 in
345 1179 495 1215 calculis
542 1177 766 1214 Herodoteis

111 1249 154 1273 ac
185 1235 511 1287 supputationibus
542 1235 767 1285 plerumque

111 1292 250 1329 menda
273 1293 426 1342 reperiri
448 1304 490 1327 ac
511 1292 598 1327 vitia
619 1292 683 1326 vix
694 1303 766 1327 no-

111 1349 167 1386 bis
197 1348 390 1396 tollenda3
423 1348 547 1398 qualia
587 1346 765 1398 equidem

110 1406 351 1442 librariorum
408 1402 601 1440 socordiae
651 1416 767 1454 quam

110 1463 207 1498 senis
226 1462 339 1511 ipsius
356 1460 606 1509 negligentiae
625 1459 768 1496 adscri-

110 1519 198 1555 bere.
219 1517 364 1553 malim.
421 1518 499 1552 Nec
531 1516 637 1551 aliter
665 1515 767 1552 iudi-

109 1587 194 1610 care
215 1573 326 1610 video
349 1573 390 1609 C.
413 1573 456 1609 Ο.
478 1573 704 1609 Miiller.l.l.
726 1587 763 1623 p.

111 1633 187 1671 121
220 1643 312 1680 seq.‚
348 1628 533 1665 mendum
554 1630 669 1665 latere
701 1631 767 1680 qui

108 1693 216 1737 putat
237 1687 345 1734 Vssl,
378 1686 453 1733 43,
488 1686 554 1722 ubi
574 1687 614 1721 in
645 1687 768 1723 verbis

109 1738 330 1782 Σικυώνιοι
389 1740 432 1780 δὲ
487 1743 769 1781 πεντεκαίδεκα

109 1800 343 1849 παρείχοντο
366 1801 487 1849 νῆας,
509 1799 685 1835 ultimam
698 1813 770 1836 vo-

109 1869 194 1892 cem
235 1857 274 1891 in
313 1857 488 1902 πλεῦνας
527 1864 772 1892 commutan-

111 1911 199 1948 dam
235 1925 313 1948 esse
352 1913 574 1961 suspicatur.
632 1912 769 1950 Differt

111 1976 239 2004 autem
272 1981 293 2004 a
319 1981 478 2004 numero
500 1967 572 2005 hoc
594 1969 769 2006 Herodo-

109 2031 195 2072 teo,
229 2025 534 2076 qualemcunque
564 2027 770 2063 constitue-

108 2082 156 2118 ris
170 2111 179 2129 ,
212 2081 350 2118 Ctesias
371 2082 489 2120 Perss.
511 2083 706 2133 Excerptt.
730 2084 766 2128 ξ.

107 2140 182 2185 26,
237 2140 475 2188 septingentas
534 2140 768 2176 Graecorum

108 2206 222 2231 naves
240 2195 469 2231 Salaminiae
481 2208 633 2245 pugnae
646 2198 767 2232 inter-

106 2249 219 2286 fuisse
241 2252 428 2299 scribens3
468 2253 539 2288 nisi
578 2253 629 2288 ibi
664 2266 763 2304 quo-

110 2318 183 2357 que
216 2307 256 2343 iu
293 2309 460 2346 numeris
480 2317 686 2359 peccarunt
712 2311 762 2346 li-

108 2362 231 2399 brarii.

304 2453 354 2489 Ca
357 2467 395 2505 p.
426 2455 568 2493 XLIX.

168 2527 328 2581 γνώμην
365 2528 667 2583 ἀποφαίνεσθαι
696 2532 766 2574 τόν

113 2583 374 2636 βουλόμενον]
405 2591 430 2626 i.
453 2604 485 2626 e.
512 2595 575 2639 ut,
617 2594 767 2641 quicun-

112 2655 177 2692 que
197 2642 319 2691 vellet,
349 2649 550 2684 sententiam
579 2662 677 2685 suam
709 2648 768 2685 de-

111 2698 286 2747 clararet,
338 2705 548 2740 enunciaret.
606 2706 766 2741 Locutio

111 2751 273 2805 γνώμην
315 2751 633 2808 α’ποφαίνεσθαι,
671 2774 767 2812 quae

111 2811 176 2848 vix
211 2811 336 2848 differt
372 2825 392 2848 a
429 2815 543 2852 simili
576 2818 768 2855 locutione

164 2869 389 2907 Hmtonor.
409 2871 476 2909 IV.

822 1115 987 1172 γνώμην
1035 1117 1376 1173 α’ποδείκννσθαι,
1420 1125 1483 1162 in-

824 1180 974 1214 venitur
1003 1179 1040 1226 I,
1082 1181 1251 1225 207211,
1295 1184 1384 1220 120.
1415 1183 1481 1230 111,

824 1236 891 1273 71.
918 1235 1007 1281 Vll,
1052 1235 1142 1275 152.
1200 1235 1286 1273 Vid.
1327 1238 1482 1276 Sluiter.

822 1290 941 1326 Lectt.
962 1290 1178 1327 Andocidd.
1199 1305 1285 1343 pag.
1311 1296 1402 1334 180.
1424 1295 1482 1345 (Ρ.

827 1348 905 1385 119
925 1348 1044 1397 Lips.)
1067 1347 1264 1385 Heindorf.
1297 1349 1344 1385 ad
1385 1352 1482 1389 Plat.

825 1402 938 1452 Gorg.
963 1417 1001 1453 p.
1033 1405 1098 1443 67.
1120 1424 1175 1431 —
1212 1406 1257 1440 In
1292 1418 1398 1457 seqq.
1433 1407 1482 1445 ad

822 1458 987 1495 formam
1008 1460 1214 1509 προετίθεε
1235 1462 1376 1510 conf.I‚
1398 1466 1482 1505 206

821 1514 887 1552 fin.
908 1516 1035 1567 ibique
1057 1517 1136 1553 citt.

882 1571 1181 1620 συνεξέπιπτον]
1204 1571 1310 1610 Idem
1321 1575 1482 1612 verbum

826 1627 962 1665 eudem
1004 1630 1278 1679 significatione
1315 1632 1353 1678 1,
1403 1634 1485 1673 206

826 1686 913 1722 coll.
942 1685 1041 1734 VIII,
1068 1689 1144 1726 123
1167 1686 1213 1722 cle
1234 1688 1426 1724 sententiis
1444 1689 1486 1725 in

826 1755 948 1778 unum
964 1744 1290 1780 convenientibus.
1312 1745 1486 1793 Locutio,

826 1800 868 1835 ni
886 1800 1016 1846 fallor,
1040 1799 1150 1836 ducta
1173 1799 1218 1835 de
1239 1801 1400 1837 sortibus
1433 1802 1487 1838 si-

828 1858 909 1892 mul
920 1856 994 1892 unit
1010 1857 1179 1907 pluribus
1192 1856 1289 1892 urnft
1301 1857 1485 1894 exciden-

828 1913 926 1949 tibus
951 1914 1067 1964 inque
1097 1926 1174 1949 una
1206 1913 1417 1965 eademque
1441 1928 1482 1951 re

825 1971 1135 2019 congruentibus.
1194 1970 1252 2006 Cf.
1274 1971 1317 2018 V,
1339 1973 1392 2010 22
1412 1972 1487 2007 ibi-

825 2039 900 2077 que
921 2034 1014 2063 nott.
1038 2049 1087 2054 —-
1114 2025 1175 2062 Ad
1197 2028 1316 2077 ipsam
1351 2040 1484 2064 narra—

823 2084 968 2119 tionem
1008 2084 1107 2119 conf.
1147 2083 1340 2120 Plutarch.
1369 2083 1482 2120 The-

823 2142 922 2178 mist.
937 2153 1018 2190 cap.
1034 2143 1051 2178 1
1062 2143 1095 2183 1,
1114 2140 1178 2175 ubi
1190 2141 1373 2176 nonnulla
1383 2154 1482 2191 pau-

823 2197 859 2232 lo
881 2197 987 2232 aliter
1007 2195 1140 2232 tradita
1162 2204 1322 2234 exstant.
1343 2219 1398 2224 —
1417 2199 1480 2237 Ad

815 2254 930 2289 verba
960 2249 1037 2304 πρό
1066 2255 1139 2303 τῆς
1170 2252 1482 2308 Πελοποννήσου

818 2309 893 2346 vid.
912 2308 1045 2346 Matth.
1060 2312 1125 2352 Gr.
1143 2313 1209 2352 Gr.
1232 2315 1268 2360 ξ.
1291 2316 1371 2357 575
1391 2329 1480 2367 pag.

824 2369 943 2406 1136.

876 2421 939 2472 ἢν
968 2421 1205 2474 νικηθέωσι]
1237 2428 1341 2463 Haec
1367 2427 1479 2464 lectio

824 2492 871 2514 ex
903 2479 1043 2516 Aldina
1078 2487 1114 2517 et
1154 2483 1298 2533 aliquot
1337 2485 1481 2534 scriptis

822 2536 932 2573 fluxit
955 2537 1070 2573 libris.
1129 2536 1254 2587 Vulgo
1295 2539 1340 2577 εἰ
1367 2555 1483 2591 νικη-

822 2592 968 2639 θέωσι,
1000 2592 1101 2643 quod
1123 2594 1375 2643 Florentinus,
1397 2598 1483 2633 Me-

825 2647 952 2685 diceus
974 2650 1035 2684 alii
1055 2656 1223 2688 tuentur.
1281 2653 1337 2691 Cf.
1360 2655 1482 2691 Wer-

823 2705 891 2741 fer.
922 2706 960 2740 in
994 2706 1094 2742 Actt.
1120 2705 1227 2754 phill.
1261 2710 1435 2747 Monacc.
1463 2711 1482 2747 1

823 2774 911 2812 pag.
929 2763 1008 2801 235
1051 2769 1087 2798 et
1106 2763 1242 2800 Matth.
1269 2766 1335 2803 Gr.
1353 2768 1417 2803 Gr.
1441 2768 1479 2812 ξ.

825 2817 926 2867 525,
966 2819 992 2858 7
995 2843 1006 2855 .
1048 2818 1086 2857 b.
1105 2832 1195 2871 pag.
1220 2825 1338 2863 1020.
1379 2824 1481 2859 Har-

1477 382 1600 410 ducibus
1619 385 1655 412 de
1672 386 1738 412 loco

1477 423 1597 450 pugnae
1623 418 1755 451 optando

1478 450 1727 485 deliberantibus,

1475 484 1756 545 fflwfflffi

1477 560 1545 579 nem
1564 551 1703 584 statione,

1477 584 1620 612 Isthmum
1638 587 1740 612 tutan-

1476 619 1546 648 dum
1554 623 1723 656 censerent,
