1839 3292
246 853 656 914 ADDENDA
702 872 785 908 ΕΤ
829 850 1392 912 CORRIGENDA.

707 1220 857 1261 Vol.
916 1219 949 1259 I.

82 1313 165 1355 Pag.
193 1312 210 1345 1
235 1311 270 1344 b.
293 1309 349 1342 lin.
377 1311 417 1343 11
443 1309 485 1340 ab
509 1308 570 1341 inf.
593 1319 655 1352 pro
680 1305 867 1341 δεικνύναι
890 1307 956 1350 leg.
981 1305 1241 1342 ἐπιδεικνύναι.

81 1369 160 1404 pag.
187 1358 227 1390 17
251 1368 283 1390 a.
309 1356 364 1389 lin.
392 1355 413 1388 8
437 1354 479 1386 ab
503 1353 562 1389 inf.
587 1364 648 1396 pro
671 1353 913 1387 Hisil-lrmak
936 1353 1000 1396 leg.
1029 1355 1277 1387 Kisil-Irmak.

82 1415 161 1448 pag.
185 1402 229 1436 23
253 1402 310 1436 lin.
338 1404 369 1434 1.
393 1398 521 1442 Negris
546 1399 652 1432 edidit
677 1395 853 1442 ἄρξαντες
884 1398 949 1442 μὲν
979 1396 1039 1432 ἐπὶ
1071 1400 1330 1434 πεντεκαίδεκα
1353 1401 1478 1444 γενεὰς
1511 1400 1573 1437 οἷν-

302 1446 414 1488 δρῶν,
440 1443 522 1478 ἔτεα
546 1442 614 1477 δύο
639 1456 677 1478 τε
702 1445 762 1478 καὶ
784 1442 1021 1478 πεντακόσια.

90 1506 170 1540 pag.
194 1494 236 1527 51
262 1504 292 1528 a.
318 1492 374 1525 lin.
402 1492 443 1526 17
467 1494 544 1535 post
566 1492 737 1533 referebat
759 1502 846 1535 pone
879 1502 1025 1531 comma3
1060 1492 1109 1524 sic
1142 1491 1243 1525 etiam
1268 1503 1302 1535 p.
1327 1491 1371 1525 56
1398 1504 1427 1526 a.
1452 1493 1507 1528 lin.
1531 1496 1575 1529 21

302 1541 381 1581 post
397 1537 581 1615 Bacchugz.
606 1556 649 1561 —
674 1538 760 1581 Pag.
787 1538 843 1578 66,
866 1537 921 1569 lin.
948 1539 966 1570 1
992 1548 1086 1582 seqq.
1126 1539 1214 1571 conf.
1234 1538 1396 1572 Lehnert.
1418 1539 1471 1573 De
1488 1540 1576 1574 foed.

303 1583 409 1616 Ionic.
460 1595 475 1615 a
566 1584 595 1616 1.

86 1642 164 1676 pag.
190 1630 234 1664 52
258 1640 330 1673 seq.
356 1629 389 1668 Ι,
425 1595 469 1662 ἕρῧ
480 1595 588 1672 gseqq.
612 1627 716 1661 muita
741 1628 775 1660 in
803 1627 852 1660 his
877 1630 989 1660 tentat
1011 1627 1146 1661 Barker
1168 1627 1201 1661 in
1226 1628 1437 1664 the'classic.
1462 1631 1577 1667 Iourn.

307 1675 380 1708 Vol.
407 1673 509 1706 XXII
533 1684 584 1706 nr.
608 1674 653 1707 44
677 1686 707 1716 p.
736 1673 803 1708 374
826 1685 924 1716 seqq.

85 1733 164 1767 pag.
186 1722 230 1755 83
254 1720 312 1754 lin.
331 1721 363 1754 3.
392 1720 456 1752 Pro
476 1715 653 1762 τοῦτερον
674 1719 800 1762 Negris
823 1718 928 1752 edidit
942 1717 984 1752 τό
1005 1717 1173 1761 πεμπτὸν
1196 1723 1231 1753 et
1255 1720 1314 1754 lin.
1338 1722 1371 1754 6.
1396 1733 1458 1766 pro
1480 1721 1579 1767 τριή-

305 1777 420 1799 κοντα
443 1763 553 1797 πέντε
577 1765 683 1797 edidit
705 1764 1033 1808 tesoaeqeonocffim'ea.
1233 1803 1246 1809 μ

88 1824 165 1858 pag.
190 1813 233 1846 88
263 1811 321 1845 lin.
355 1813 385 1844 1.
425 1811 493 1844 Pro
527 1806 647 1849 οὔπως
671 1811 865 1843 Κᾱνοὺετυε
899 1822 990 1843 meus
1023 1811 1167 1844 coniecit
1199 1810 1321 1849 οὗτος.
1376 1812 1508 1847 Censor
1539 1816 1580 1848 A.

307 1856 356 1891 M.
381 1856 416 1889 in
440 1856 675 1900 Ephemeridd.
703 1857 852 1889 lenenss.
880 1857 966 1889 1828
998 1867 1048 1891 nr.
1074 1857 1138 1889 169
1168 1857 1354 1889 orationem
1378 1859 1582 1894 salebrosam

308 1914 382 1935 esse
398 1906 513 1945 negat,
539 1902 634 1935 modo
660 1913 701 1935 ex
727 1897 812 1935 οὔτε
835 1902 970 1944 negatio
1002 1897 1047 1934 ου’
1072 1902 1114 1934 ad
1138 1900 1248 1945 λόγου
1277 1902 1524 1946 ποιησάμενος
1546 1911 1582 1940 et

307 1959 346 1981 τε
371 1948 412 1980 ad
438 1945 706 1989 ἀποπέμπεται,
731 1947 819 1992 quod
845 1947 979 1989 passive
1003 1948 1244 1990 accipiendum,
1269 1950 1435 1983 trahatur.

90 2006 168 2040 pag.
195 1993 261 2028 114
282 1993 341 2027 fin.
375 1994 427 2026 Ad
458 1994 565 2026 verba
590 1990 635 2026 ου’
667 1992 736 2036 γὰρ
761 2012 806 2017 -—
831 1990 972 2036 λέγεται
1005 1994 1048 2026 cf.
1076 1992 1314 2038 Ephemeridd.
1353 1995 1465 2040 Lipss.
1494 1997 1580 2032 1829

310 2050 360 2073 nr.
389 2040 465 2074 137.
519 2051 572 2082 ag.
603 2039 702 2073 1090.

89 2097 169 2131 pag.
194 2085 258 2119 115
283 2096 316 2119 a.
340 2084 396 2117 lin.
423 2085 443 2118 5
468 2050 515 2117 οξ
533 2084 593 2118 inf.
627 2085 692 2117 Pro
713 2085 822 2117 Plura
847 2084 946 2117 scrib.
974 2085 1073 2127 Conf.

91 2143 170 2177 pag.
198 2132 262 2165 128
288 2131 322 2164 b.
349 2130 407 2164 lin.
435 2131 487 2163 18.
514 2130 579 2163 Pro
608 2131 781 2163 Matthiae
803 2131 903 2164 scrib.
932 2132 1083 2174 Apetz.

91 2188 171 2223 pag.
199 2177 263 2212 135
287 2177 320 2210 b.
346 2175 402 2208 lin.
428 2177 450 2209 Ξ.)
474 2177 516 2208 ab
540 2175 598 2208 inf.
622 2187 682 2221 pro
707 2177 919 2209 Hestiaeotis
943 2176 1009 2217 leg.
1034 2175 1254 2208 llistiaeotis.
1292 2175 1343 2208 Ad
1368 2187 1400 2220 p.
1425 2178 1489 2212 137
1509 2189 1581 2222 seq.

312 2221 364 2254 De
389 2221 551 2254 Crestone
574 2221 746 2254 nobiscum
769 2223 937 2255 consentit
962 2222 1051 2255 Gen.
1078 2223 1231 2266 Topogr.
1265 2223 1302 2254 of
1323 2222 1428 2255 Rome
1448 2224 1512 2256 and
1534 2225 1578 2258 its

311 2267 458 2310 Vicinity
485 2267 517 2299 II
543 2279 574 2310 p.
605 2267 680 2301 150.

93 2324 173 2357 pag.
190 2311 265 2347 144.
288 2312 321 2346 b.
342 2313 398 2346 lin.
419 2312 461 2346 14
484 2313 526 2346 ab
541 2313 601 2345 inf.
625 2324 688 2356 pro
714 2324 868 2356 καταφρ
884 2311 969 2357 όνη
983 2323 1064 2351 σας
1089 2324 1205 2357 repon.
1233 2309 1579 2356 καταφρονήσας.

96 2370 173 2403 pag.
199 2358 262 2392 145
285 2363 356 2391 not..
404 2359 517 2392 Verba
548 2359 599 2404 τῷ
624 2356 716 2404 λόγῳ
741 2357 905 2402 προστὰς
935 2370 1053 2392 causor
1086 2359 1120 2391 in
1145 2358 1317 2402 Ephesum.
1357 2358 1464 2401 Lipss.
1497 2361 1581 2393 1829

313 2415 389 2448 pag.
417 2404 502 2437 1091
528 2404 637 2448 accipi
662 2407 750 2438 vult:
787 2406 847 2438 der
872 2405 965 2438 Rede
990 2405 1098 2446 nach,
1133 2405 1206 2437 dem
1230 2402 1375 2436 Scheine
1397 2405 1509 2446 nach,
1531 2405 1580 2439 ita

313 2456 352 2483 ut.
375 2449 426 2494 τῷ
451 2448 544 2493 λόγῳ
569 2456 756 2493 opponatur
779 2451 829 2495 τῷ
855 2449 954 2495 ἔργῳ,

97 2505 176 2540 pag.
204 2493 268 2528 151
291 2501 360 2527 not.
387 2496 527 2528 Censori
550 2495 690 2528 Halensi
723 2497 808 2529 adde
841 2507 1010 2529 censorem
1046 2495 1141 2528 modo
1178 2494 1349 2527 laudatum
1374 2494 1582 2539 Lipsiensem

314 2551 391 2593 pag.
417 2541 516 2574 1091.
534 2543 805 2593 assentientem,
836 2542 902 2575 nisi
936 2539 1229 2584 εὐπρεπέστατον
1253 2540 1444 2573 mutandum
1471 2542 1518 2574 sit
1547 2542 1583 2576 in

317 2596 600 2630 ενπρεπεστατη.

98 2640 177 2674 pag.
204 2630 269 2664 154
292 2640 323 2664 a.
348 2631 404 2663 lin.
435 2633 475 2665 12
508 2633 550 2666 ab
573 2633 633 2666 inf.
666 2644 728 2678 pro
753 2632 893 2666 Weller.
916 2631 991 2672 ΙΙΙ,
1015 2632 1036 2664 6
1060 2643 1092 2676 p.
1121 2632 1196 2664 158.
1229 2630 1296 2674 leg.
1317 2630 1446 2664 Weller
1470 2631 1540 2674 ΙΠ,
1563 2633 1582 2666 b

98 2731 179 2766 pag.
203 2720 268 2755 159
288 2677 453 2757 δΡΙίιξέἓ)
470 2733 531 2765 pro
553 2724 672 2768 vulga
694 2725 760 2766 leg.
787 2723 915 2767 vulgo.
939 2742 983 2747 —
1017 2722 1069 2755 Ad
1094 2733 1127 2766 p.
1153 2722 1217 2755 163
1240 2726 1310 2754 not.
1341 2721 1384 2755 de
1406 2733 1488 2757 voce
1520 2721 1583 2758 κό-

318 2777 407 2819 σμος
431 2767 507 2800 add.
530 2768 673 2823 Krisckie
698 2770 751 2802 De
773 2780 882 2821 scopo¹
899 2768 1024 2812 politic.
1050 2767 1166 2801 societ.
1191 2767 1338 2812 Pythag.
1361 2779 1438 2813 pag.
1463 2769 1518 2803 59.

100 2823 181 2904 ΕΞΞΖ
208 2812 275 2893 1ῗὲ
294 2813 333 2893 ἓξ
351 2814 414 2893 ἒῖἰζ
434 2812 461 2892 »ῗ
478 2816 690 2905 ἒέοῑιὶἲῗάῥῖέ
710 2815 979 2904 ᾋΞῗέιῖΐὶἷὶαῗὲέ.
1006 2858 1215 2902 efficiatur.

1197 2902 1289 2946 42*
