1839 3292
384 201 467 241 118

781 197 1242 235 HERODOTI

383 303 745 361 καταστησάντων
773 310 862 348 τῶν
894 306 1116 359 Περσέων·
1149 305 1352 354 Φύλακος
1379 303 1443 354 δὲ,
1474 301 1647 358 εὐεργέ-

357 385 463 433 5της
493 374 691 431 βασιλέος
721 372 968 428 ἀνεγράφη,
1005 373 1074 415 καὶ
1095 371 1212 426 χώρη
1244 372 1288 413 οῖ
1313 370 1514 427 ἐδωρήθη
1543 374 1704 414 πολ-55

386 448 411 487 λ
431 442 453 486 ’.

388 461 512 555 οἶται
552 510 769 563 Περσιστί.

512 442 555 485 οἱ
598 439 633 484 δ’
663 440 882 495 εὐεργέται
911 443 989 483 τοῦ
1020 437 1220 494 βασιλέος
1259 435 1496 493 ὀροσάγγαι
1533 437 1648 481 καλέ-

827 509 924 564 περὶ
964 507 1043 562 μέν
1080 523 1163 550 νυν
1192 504 1376 554 τούτους
1406 505 1521 547 οὕτω
1552 504 1647 561 εἶχε.

262 570 328 616 86
393 578 452 622 Τὸ
483 579 529 622 δὲ
567 581 738 633 πλῆθος
765 581 850 620 τῶν
878 581 998 632 νηῶν
1026 576 1072 619 έν
1102 578 1154 632 τῇ
1184 577 1405 628 Σαλαμῖνι
1446 572 1650 626 ἐκεραΐζε-

59 637 111 665 Ma
156 638 306 669 asti-ages

60 671 116 698 bar
138 677 257 697 arou-um

60 703 249 746 quantunuis
273 701 333 728 sor-

59 739 132 765 titer
164 744 301 776 pugnan-

60 772 151 799 tium:
186 771 251 798 cius
267 776 336 796 cau-

61 813 125 834 uae.

367 653 389 687 2
401 663 450 689 το
464 661 472 670 ·

390 712 479 758 ὑπὸ
519 713 800 769 Αἰγινητέων.

515 647 561 689 αἱ
589 645 692 700 μὲν,
729 644 801 688 ὑπ’
826 643 1072 699 Ἀθηναίων
1103 640 1489 696 διαφθειρόμεναι·
1520 641 1565 682 αἱ
1594 641 1652 693 δὲ,

860 712 931 756 ἅτε
974 710 1057 767 γάρ
1095 714 1181 752 τῶν
1220 709 1297 765 μὲν
1323 707 1539 763 Ἑλλήνων
1570 708 1652 752 σὺν
1708 716 1789 759 659

391 780 542 840 κόσμῳ
560 780 896 836 ναυμαχεόντων
926 778 1034 823 κατα
1065 776 1196 831 τάξιν,
1226 781 1314 820 τῶν
1346 777 1390 820 ὁὲ
1419 776 1657 832 βαρβάρων

394 847 449 892 οὐ
477 848 745 904 τεταγμένων
775 849 848 902 ἔτι,
880 847 979 892 οὔτε
1011 845 1094 889 σύν
1123 844 1212 902 νόῳ
1243 842 1481 887 ποιεόντων
1512 843 1711 896 οὐδὲν,61

365 916 541 971 δέ’μελλε
583 916 760 960 τοιοῦτό
799 928 877 970 σφι
917 916 1219 964 συνοίσεσθαι,
1265 910 1362 955 οἷόν
1398 928 1476 965 περ
1508 910 1655 968 ἀπέβη.

394 986 538 1028 καίτοι
565 979 681 1040 ἦσαν
709 1000 756 1040 γε
776 984 847 1027 καὶ
865 983 1062 1039 ἐγένοντο
1091 981 1254 1037 ταύτην
1281 980 1358 1036 τὴν
1387 979 1554 1036 ἡμέρην
1572 996 1657 1036 μα-

343 1212 448 1267 quod
482 1213 712 1250 adlectivum
741 1208 1000 1265 θεομήστωρ,

343 1284 421 1323 quo
441 1272 557 1307 utitur
574 1269 785 1321 Aeschylus
805 1272 905 1307 Pers.
921 1272 1000 1310 659

344 1325 431 1380 (par
446 1327 516 1364 diis
536 1327 786 1376 consiliarius),
799 1327 1002 1364 confictum

346 1398 396 1421 ex
406 1386 609 1421 Homerico
622 1384 739 1429 11.V1‚
754 1387 848 1424 366,
873 1385 1001 1419 Alium

345 1442 475 1478 locum
506 1454 554 1476 ex
588 1441 831 1489 inscriptione
859 1442 1003 1477 Graeca

347 1497 490 1547 profert
518 1496 723 1533 Blomfield
747 1496 795 1534 ad
825 1495 1005 1548 Aeschyli

347 1554 477 1590 locum
498 1552 707 1590 laudatum.

406 1605 738 1660 καταστησάντων
776 1611 855 1647 τῶν
900 1611 1006 1660 Περ-

353 1664 472 1714 σέων]
495 1668 519 1703 i.
535 1680 568 1704 e.
589 1679 665 1703 cum
687 1665 814 1703 Persae
834 1679 908 1702 eum
925 1680 1007 1702 con-

353 1725 545 1760 stituissent
565 1727 767 1773 tyrannum,
797 1736 826 1760 s.
847 1736 869 1758 a
892 1721 1010 1758 Persis

354 1782 574 1817 constitutus.
613 1780 722 1815 Conf.
744 1786 838 1816 nott.
861 1779 909 1816 ad
930 1780 1009 1827 vil,

357 1836 436 1878 105
467 1843 504 1873 et
523 1835 600 1873 vid.
620 1837 696 1880 IX,
718 1837 784 1876 90.

517 1926 609 1976 cap.
629 1925 843 1962 LXXXVI.

412 2002 645 2056 ἐκεραΐζετο]
676 2005 809 2055 Attigit
838 2001 1012 2040 Eustath.

355 2058 405 2097 ad
425 2062 470 2098 Il.
498 2074 536 2111 p.
558 2061 652 2108 364,
675 2062 726 2102 25
747 2076 775 2100 s.
798 2060 878 2101 466
903 2067 1012 2107 extr„

357 2129 518 2154 monens
564 2118 755 2168 κεραίζειν
795 2118 1015 2167 simpliciter

356 2175 449 2224 poni
469 2187 536 2224 pro
558 2175 755 2225 φθείρειν.
795 2172 1015 2223 Schweigh.

357 2231 399 2266 in
427 2232 521 2267 Lex,
552 2233 640 2268 Her.
686 2230 757 2267 hoc
785 2231 943 2266 verbum
976 2228 1014 2265 h.

357 2287 386 2324 l.
425 2294 462 2324 et
500 2287 609 2333 VIII,
648 2291 698 2328 91
742 2288 917 2336 intelligit
969 2285 1015 2321 de

361 2343 430 2391 iis,
471 2345 533 2393 qui
558 2357 677 2380 navem
715 2343 869 2380 hostilem
906 2346 1016 2378 rostro

360 2413 560 2450 percussam
583 2400 757 2449 perdunt,
797 2400 1014 2447 demergunt.

363 2457 500 2493 Multas
534 2457 637 2492 euim
667 2458 868 2492 Persarum
902 2469 1017 2491 naves

364 2512 527 2562 perditas
549 2512 755 2562 (demersas
782 2512 887 2561 esse)
908 2511 1019 2548 uadit

365 2570 513 2607 Noster.
568 2569 631 2606 Ad
659 2585 702 2608 το
742 2571 901 2620 πληθος
941 2570 1020 2606 τῶν

366 2628 478 2674 νηῶν
505 2633 674 2676 spectant
692 2639 797 2677 seqq.
816 2624 860 2664 αἷ
879 2621 962 2675 μὲν,
980 2624 1024 2662 αἱ

365 2678 422 2728 δὲ,
459 2682 593 2718 eodem
621 2689 830 2720 structurae
868 2694 1020 2731 genere,

367 2737 471 2789 quod
505 2738 617 2774 niodo
655 2740 758 2787 attigi
779 2738 826 2775 ad
847 2753 930 2789 cap.
952 2737 1018 2778 84.

367 2796 445 2832 Nec
462 2795 568 2832 aliter
587 2797 699 2846 paulo
729 2797 903 2832 inferius:
937 2793 1019 2847 ἐγέ-

1058 1225 1176 1251 νοντο
1192 1230 1248 1236 -
1264 1204 1473 1259 ἅμείνονες
1489 1204 1602 1249 αὐτοὶ
1617 1208 1719 1249 ἑωυ-

1058 1271 1138 1307 τῶν
1153 1268 1292 1312 -πᾶς
1311 1280 1368 1311 τις
1389 1263 1721 1317 προθυμεόμενος

1060 1324 1125 1364 καὶ
1144 1323 1357 1374 δειμαίνων
1378 1322 1527 1374 Ξέρξην
1546 1335 1555 1344 ·
1586 1319 1719 1362 ἐδόκεέ

1059 1396 1100 1420 τε
1125 1381 1285 1425 ἕκαστος
1310 1394 1346 1417 κ.
1368 1393 1400 1417 τ.
1420 1382 1478 1420 λ,;
1520 1392 1620 1431 quae
1637 1386 1720 1416 tra·-

1060 1445 1135 1475 οἰοῖ
1155 1434 1290 1473 Matth.
1326 1437 1392 1472 Gr.
1414 1437 1480 1473 Gr.
1503 1438 1539 1482 ξ.
1562 1438 1654 1483 302,
1683 1448 1720 1472 a.

1060 1510 1098 1546 p.
1121 1497 1203 1535 602
1224 1494 1261 1538 ξ.
1282 1491 1375 1540 562,
1398 1495 1416 1532 1
1442 1500 1522 1530 not.
1543 1506 1581 1543 p.
1599 1494 1720 1532 1109.

1061 1574 1117 1579 —
1159 1552 1234 1586 Pro
1273 1547 1516 1600 τεταγμένων
1554 1549 1721 1585 Koeuius

1062 1608 1175 1646 scribi
1193 1606 1328 1643 maluit
1347 1606 1611 1659 τεταγμένως;
1645 1617 1722 1657 quo

1063 1673 1193 1702 tamen
1222 1663 1324 1700 libris
1344 1664 1488 1714 scriptis
1517 1662 1724 1700 adversan-

1065 1723 1185 1768 tibus,
1233 1718 1337 1756 haud
1376 1732 1483 1770 opus.
1543 1716 1617 1759 σῦν
1646 1715 1724 1772 νόῳ

1067 1786 1144 1816 est:
1177 1790 1252 1814 cum
1276 1777 1421 1822 ratonne
1464 1780 1554 1813 recto
1570 1775 1724 1824 consilio,

1060 1835 1309 1889 prudenter,
1286 1840 1327 1869 ut
1347 1833 1558 1881 V111,138.

1124 1891 1251 1930 καίτοι
1281 1884 1387 1939 ἦσαν
1418 1887 1543 1956 γεκαὶ
1573 1887 1728 1940 ἐγένον-

1068 1962 1176 1987 το-
1191 1943 1398 1998 α’μείνονες
1416 1961 1531 1985 αυτοι
1550 1944 1726 1993 ἑωυτῶν]

1069 2005 1275 2052 „Oratione
1291 2016 1397 2039 more
1409 2016 1476 2040 suo
1490 2003 1640 2039 turbata
1652 2000 1728 2038 duo

1070 2061 1188 2098 dixit:
1213 2062 1392 2110 primum,
1415 2062 1506 2097 istoc
1538 2058 1598 2095 die
1620 2054 1730 2107 (ἱμεί-

1070 2132 1192 2162 νονας
1227 2117 1339 2152 fuisse
1364 2113 1391 2166 ἢ
1421 2113 1520 2165 πρὸς
1547 2110 1728 2167 Εὕβοίῃῑ

1071 2173 1137 2210 sed
1165 2186 1243 2209 nou
1279 2179 1427 2208 tantum
1448 2174 1541 2208 istoc
1563 2170 1623 2207 die
1648 2184 1731 2206 rem

1071 2231 1192 2266 multo
1221 2230 1356 2265 melius
1398 2229 1573 2274 ‹reb-sisse,
1615 2240 1731 2279 quain

1395 2258 1418 2279 ο

1073 2285 1121 2322 ad
1150 2287 1420 2332 Artemisium,
1452 2297 1586 2320 velum
1616 2297 1728 2334 prae-

1071 2350 1174 2380 terea
1203 2340 1383 2394 ἐγένοντο
1415 2338 1564 2390 ταύτην
1593 2338 1667 2390 τήν
1685 2357 1733 2391 η-

1075 2398 1225 2450 μέρην
1221 2400 1355 2451 αακρώ
1380 2395 1587 2448 α’μείνονες
1618 2392 1733 2436 αὐτοὶ

1076 2455 1257 2500 ἑωυτῶν,
1280 2436 1317 2490 id
1340 2456 1733 2505 est,iuterp1eteNo-

1075 2519 1150 2548 stro
1167 2542 1175 2558 ,
1228 2506 1436 2561 ἄμείνονες
1481 2526 1551 2561 της
1587 2507 1734 2560 φύσιος

1078 2567 1124 2615 V,
1150 2570 1226 2608 118
1258 2572 1357 2604 semet
1387 2570 1474 2618 ipsis
1503 2568 1612 2604 multo
1628 2580 1733 2617 prae-

1078 2626 1281 2671 stantiores,
1319 2638 1418 2661 suam
1444 2624 1538 2661 velut
1567 2629 1733 2661 naturam

1077 2682 1316 2731 superantes.“
1361 2681 1504 2718 Valclc
1518 2696 1533 2717 e
1546 2695 1581 2717 n.
1599 2681 1663 2716 Tu
1683 2679 1732 2716 cf.

1076 2745 1168 2774 nott.
1206 2737 1253 2773 ad
1282 2738 1325 2783 V,
1350 2739 1427 2778 118
1449 2745 1485 2775 et
1503 2735 1639 2774 Matth.
1665 2737 1732 2773 Gr.

1076 2795 1143 2831 Gr.
1174 2795 1211 2840 ξ.
1233 2794 1329 2834 425.
