1839 3292
349 207 416 245 DE
445 206 568 244 VITA
596 205 668 241 ET
697 204 929 242 SCRIPTIS
958 205 1235 244 HERODOTI.
1437 210 1522 253 877

45 320 111 356 nio
132 316 278 356 habitus
292 319 359 365 IX,
384 319 446 357 16.
502 318 553 354 Et
573 324 788 368 congruunt
807 331 896 355 cum
915 316 986 354 hac
1005 324 1222 369 temporum
1249 317 1444 355 notatione
1459 327 1519 357 te-

45 377 220 413 stimonia
243 374 412 424 Dionysii
431 374 785 423 Halicarnassensis,
817 376 882 426 qui
910 375 949 410 in
968 374 1084 412 Iudic.
1112 374 1159 411 de
1183 372 1404 426 Thucydid.
1426 374 1450 415 5
1480 389 1519 426 p.

46 433 127 472 8⁶20
142 429 264 468 Reisk.
293 430 344 466 sic
365 430 512 466 scribit:
569 429 588 469 ὁ
631 426 669 469 δ’
709 428 1036 480 Ἁλικαρνασσεὺς
1062 426 1268 481 Ἡρόδοτος
1306 426 1521 483 γενόμενος

46 482 164 539 ὀλίγῳ
192 482 379 536 πρότερον
409 488 487 524 τῶν
519 488 747 536 Περσικῶν,
791 487 1046 536 παρεκτείνας
1086 486 1129 525 δὲ
1166 485 1277 538 μέχρι
1321 489 1400 526 τῶν
1437 489 1520 526 Πε-

44 542 382 592 λοποννησιακῶν,
415 549 450 578 et
471 542 628 579 Diodori
655 544 773 580 Siculi
793 544 840 589 ΙΙ,
861 545 932 590 32,
962 544 1027 579 ubi
1055 540 1149 580 haec
1178 544 1376 593 leguntur:
1410 539 1522 593 Ἡρὸ-

45 599 158 644 δοτος
186 595 285 636 κατὰ
327 597 475 649 Ξέρξην
504 595 675 650 γεγονώς
703 602 786 645 τοῖς
824 595 992 649 χρόνοις.
1049 600 1181 649 Itaque
1206 612 1285 636 non
1311 598 1522 637 audiendus

43 660 98 691 est
124 654 329 701 Eusebius,
361 656 425 706 qui
453 656 494 690 in
515 653 690 692 Chronic.
714 654 760 690 ad
784 655 934 705 Olymp.
951 655 1148 691 LXXVIII
1179 654 1284 705 (pag.
1306 657 1400 705 168)
1425 655 1522 693 haec

41 710 210 760 scripsit:
239 706 450 762 Ἡρόδοτος
475 708 798 760 Ἁλικαρνασσεύς
827 706 1135 762 ἱστοριογράφος
1168 710 1418 763 ἐγνωρίζετο,
1447 726 1520 749 ne·-

43 778 118 818 que
151 767 333 812 Tzetzes‚
371 767 436 818 qui
465 766 646 816 Euripide
675 768 865 803 minorem
894 767 983 803 facit
1004 766 1254 807 Herodotum.
1287 768 1363 815 (Cf.
1384 770 1520 820 Poppo

40 822 216 872 Prolegg.
239 822 287 859 ad
298 821 592 873 Thucydid.1p.
605 823 720 873 321).
777 824 953 859 Aliorum
974 831 1190 860 commenta
1204 825 1337 861 lubens
1358 831 1523 863 transeo.

151 880 282 929 Ipsum
311 891 454 914 nomen
485 880 672 930 scriptoris
712 880 818 915 omni
858 879 1091 917 dubitatione
1131 887 1327 917 exemtum
1359 880 1520 930 videtur,

41 934 180 986 quippe
201 933 304 986 quod
323 935 362 970 in
385 936 561 972 omnibus
583 943 769 988 quantum
789 937 864 973 scio
885 937 986 973 libris
1007 938 1151 987 scriptis
1172 938 1309 987 pariter
1339 939 1521 989 scriptum

40 991 229 1028 invenitur
255 988 464 1042 Ἡρόδοτος
494 991 674 1044 idemque
718 994 832 1029 etiam
860 1006 1003 1030 nomeu
1035 994 1113 1030 aliis
1145 994 1324 1031 Graeciae
1344 995 1431 1031 viris
1450 996 1521 1031 tri-

40 1047 167 1085 buitur
195 1060 238 1084 ac
266 1048 446 1098 probatur
477 1050 568 1085 alius
604 1048 800 1086 cuiusdam
832 1049 1004 1087 Herodoti
1031 1052 1393 1088 commemoratione
1420 1052 1520 1099 VIII,

44 1106 133 1152 132,
163 1102 267 1140 haud
288 1105 514 1153 inconsulto,
538 1107 592 1142 uti
623 1104 783 1154 videtur,
807 1106 917 1143 fact-21.
978 1107 1037 1142 Ab
1055 1103 1181 1157 ΓἨρας
1202 1120 1295 1143 voce
1313 1106 1521 1145 deductum

39 1172 182 1197 nomen
203 1159 313 1197 docet
335 1162 587 1212 Etymologus
605 1161 799 1198 Gudianus
818 1176 854 1212 p.
876 1161 956 1202 248
973 1176 982 1210 3
1005 1160 1044 1211 *)
1086 1170 1127 1199 ut
1147 1176 1236 1200 sane
1259 1178 1281 1200 a
1296 1163 1431 1201 Iunone
1451 1165 1522 1202 da-

40 1219 113 1253 tum
144 1218 342 1267 intelligas».
399 1220 532 1270 Itaque
563 1231 641 1255 non
662 1220 804 1254 mirum
828 1219 991 1256 crebrius
1018 1218 1091 1256 hoc
1113 1233 1255 1256 nomen
1275 1222 1431 1270 reperiri
1453 1234 1522 1271 per

39 1274 275 1311 Graecorum
307 1275 464 1326 scripta3
523 1275 563 1311 in
603 1275 737 1327 quibus
787 1276 947 1326 amplius
991 1275 1125 1312 decem
1158 1277 1404 1314 inveniuntur
1443 1277 1523 1315 He-

38 1330 173 1368 rodoti:
201 1327 269 1377 ᾲῇ)

152 1390 191 1427 1.
221 1386 428 1436 Herodotus,
448 1386 660 1438 Asopodori
672 1387 779 1432 filius,
803 1400 917 1439 quem
928 1386 1113 1424 Pindarus
1135 1388 1298 1425 celebrat
1308 1387 1521 1431 Isthmm,I.

149 1446 191 1484 2.
219 1443 440 1491 Herodotus,
477 1445 685 1481 Democriti
713 1445 846 1491 frater,
886 1451 979 1481 teste
1009 1442 1128 1481 suida
1148 1457 1177 1482 s,
1200 1458 1236 1481 v.
1257 1448 1436 1497 Δημοκρ.
1470 1447 1523 1483 Τ.

257 1500 275 1535 Ι
294 1514 332 1550 p,
349 1500 429 1541 542
450 1501 535 1538 coll.
564 1501 710 1537 Aelian.
732 1501 777 1538 V.
798 1502 845 1539 H.
867 1501 929 1548 IV,
952 1503 1005 1540 20
1025 1501 1153 1551 ibique
1174 1501 1347 1537 Perizon.
1364 1515 1400 1552 p.
1425 1504 1522 1543 288.

149 1558 189 1597 3.
219 1555 418 1593 Herodotus
446 1555 714 1609 philosophus,
752 1556 854 1608 apud
881 1559 1044 1607 Diogen.
1065 1558 1191 1594 Laert.
1206 1559 1255 1605 X,
1278 1560 1302 1598 3
1325 1559 1361 1604 ξ.
1381 1560 1408 1598 4
1434 1559 1522 1596 coll.

254 1614 323 1661 lx,
344 1616 369 1653 7
391 1615 427 1658 ς.
453 1612 520 1654 34.

149 1665 189 1709 4.
217 1668 420 1707 Herodotus
440 1670 549 1707 Sexti
568 1669 752 1721 Empirici
770 1670 962 1719 magister,
991 1670 1094 1706 Ariei
1115 1669 1225 1717 filius,
1257 1668 1303 1706 de
1325 1682 1400 1721 quo
1420 1668 1526 1706 idem

256 1725 393 1764 suidas
412 1740 441 1764 s.
462 1741 500 1764 v.
522 1725 665 1774 Σέξτος
685 1727 734 1763 T.
755 1728 807 1762 111
823 1740 860 1776 p.
882 1728 962 1766 299
983 1739 1087 1778 seqq.
1118 1728 1281 1777 Diogen.
1309 1728 1433 1764 Laert.
1454 1728 1524 1774 IX,

259 1784 321 1829 12,
338 1784 363 1821 7
387 1783 510 1834 (116).
568 1784 667 1821 Sunt
689 1784 754 1835 qui
774 1782 939 1820 eundem
961 1796 1038 1819 esse
1058 1789 1192 1833 putent
1221 1790 1334 1835 atque
1367 1783 1526 1820 Herodo-

257 1841 331 1875 tum
351 1838 565 1887 medicum,
598 1853 714 1892 quem
746 1840 912 1876 Galenus
940 1839 1028 1875 citat
1056 1841 1105 1880 Τ,
1135 1841 1168 1875 V
1188 1853 1226 1889 p.
1250 1839 1330 1880 472
1354 1841 1393 1876 in
1415 1840 1524 1876 Sext.

256 1893 433 1944 Epidem.
454 1897 501 1943 ΙΙ,
524 1895 577 1936 42
593 1897 678 1933 coll.
695 1895 866 1932 Method.
890 1894 1059 1945 Therap.
1077 1899 1102 1936 7
1123 1897 1174 1933 T.
1189 1897 1241 1933 IV
1260 1910 1298 1946 p.
1320 1898 1395 1936 109
1419 1903 1455 1933 et
1476 1895 1524 1932 de

258 1950 360 1987 bono
383 1959 419 1988 et
439 1953 538 1989 malo
559 1965 672 1989 succo
692 1965 780 2003 pag.
802 1951 895 1999 355,
917 1953 977 1987 cui
999 1951 1124 1988 eidem
1154 1953 1215 1989 vel
1244 1953 1379 1989 Galeni
1406 1965 1526 2003 quae-

258 2005 347 2045 dam
368 2009 504 2059 scripta
523 2010 705 2046 tribuunt.
763 2010 811 2044 Et
833 2008 1006 2045 Herodoti
1031 2007 1198 2056 medici,
1244 2010 1310 2060 qui
1341 2008 1524 2045 Hadriani

257 2070 428 2114 tempore
447 2066 643 2115 insigniter
662 2064 851 2101 medicam
874 2071 993 2101 artem
1016 2067 1206 2112 exercuit,
1232 2065 1336 2101 idem
1356 2065 1525 2115 pluribus

253 2119 347 2157 locis
367 2123 542 2158 meminit
563 2123 728 2159 Galenus
751 2122 802 2158 T.
830 2123 865 2157 II
895 2135 931 2171 p.
954 2121 1006 2161 50
1027 2122 1113 2160 coll.
1149 2124 1213 2162 13.
1234 2120 1296 2160 14.
1327 2124 1392 2161 352.
1428 2124 1523 2162 380.

259 2178 372 2214 Hunc
392 2179 421 2214 si
442 2181 561 2228 quinto
588 2180 672 2215 loco
692 2179 869 2228 ponimus
889 2176 1146 2225 Herodotum,

154 2230 192 2270 6.
222 2233 290 2269 erit
310 2234 508 2271 Herodotus
531 2234 732 2287 Olophyxo
754 2236 793 2270 in
822 2234 988 2271 Thracia
1012 2233 1216 2280 oriundus,
1248 2232 1295 2270 de
1324 2246 1399 2285 quo
1432 2234 1525 2271 Sui-

261 2288 325 2326 das
347 2304 376 2328 s.
396 2305 434 2328 v.
453 2287 665 2339 Ὀλόφυξις
686 2292 738 2342 (11
757 2305 796 2342 p.
817 2291 912 2339 680)
948 2293 1014 2343 qui
1035 2290 1081 2328 de
1110 2288 1296 2343 Nymphis
1322 2297 1358 2327 et
1383 2290 1524 2327 sacrifi-

259 2346 323 2383 ciis
341 2349 526 2398 scripsisse
545 2349 676 2386 fertur.

159 2400 198 2438 7.
228 2399 424 2441 Herodotus
443 2407 581 2442 mimus
602 2402 781 2442 Antiochi
799 2403 958 2441 secundi
977 2411 1110 2453 aetate,
1140 2402 1187 2441 de
1208 2416 1283 2456 quo
1307 2401 1525 2441 Athenaeus

264 2457 293 2503 Ι,
310 2458 361 2498 34
380 2474 419 2511 p.
442 2464 491 2502 19
514 2462 555 2499 C.
583 2476 622 2513 p.
644 2465 697 2503 72
719 2459 939 2512 Schweigh.

137 2631 174 2686 ἦ)
199 2630 270 2673 nt&
293 2631 360 2676 γάρ
380 2633 482 2677 παρὰ
501 2633 693 2682 τὴν”Ήραν
712 2635 879 2682 ὀνόματα
903 2637 955 2679 εἰς
973 2651 1013 2678 03
1034 2636 1197 2672 σύνθετα
1218 2633 1281 2670 διὰ
1303 2635 1369 2669 τοῦ
1391 2646 1410 2669 ο
1433 2635 1527 2679 λέγε-

49 2686 129 2717 ται,
160 2675 370 2722 Ηρόδοτος,
402 2677 624 2723 εΗροδι·.ιός.“

138 2744 193 2788 *ἢ
239 2747 317 2781 vid.
354 2748 488 2782 Fabric.
510 2751 596 2785 Bibl.
623 2754 747 2787 Graec.
773 2754 849 2788 Vol.
882 2753 916 2786 ΙΙ
941 2764 972 2797 p.
1000 2752 1065 2787 347
1090 2755 1125 2786 et
1147 2751 1259 2786 Hand.
1282 2750 1317 2784 in
1340 2750 1464 2784 Ersch.
1495 2755 1529 2785 et

51 2787 196 2826 Gruber.
219 2792 406 2839 Encyclop.
431 2796 506 2829 Ser.
531 2797 575 2830 11.
599 2799 674 2833 Vol.
699 2799 749 2832 VI
772 2810 805 2844 p.
830 2799 897 2834 394
925 2810 998 2843 seq.
