1839 3292
492 199 949 238 CALLIOPE.

1006 200 1089 239 IX.
1134 222 1139 228 ·
1327 204 1413 245 315

156 313 297 369 δήμου
326 309 412 354 ἐῶν
439 307 464 353 ὁ
495 308 740 366 Σωφάνης,
777 309 850 353 καὶ
879 308 1136 364 ἀριστεύσας
1168 304 1264 352 τότε
1287 306 1413 366 Ἀθη-

125 383 308 431 Ωναίων,
339 376 485 430 διξούς
512 377 669 434 λόγους
698 376 958 434 λεγομένους
987 377 1084 433 ἔχει.
1124 376 1204 420 τόν
1233 376 1323 432 μὲν,
1355 375 1470 429 (5965

152 449 200 492 ἐκ
227 450 310 490 τοῦ
340 449 555 502 ζωστῆρος
582 449 662 490 τοῦ
690 444 892 502 θώρηκος
921 446 1076 501 ἐφόρεε
1103 444 1261 501 χαλκέῃ
1282 442 1413 488 ἁλύσι

154 514 386 570 δεδεμένην
416 513 612 570 ἄγκυραν
640 513 866 569 σιδηρέην·
893 512 985 568 τὴν,
1017 512 1130 563 ὅκως
1153 512 1351 556 πελάσειε
1363 510 1413 556 οἷ-

153 582 438 637 πικνεόμενος
471 584 585 623 τοῖσι
605 582 861 636 πολεμίοισι,
891 580 1162 636 βαλλέσκετο,
1177 581 1250 623 ἵνα
1263 579 1316 636 δή
1337 596 1415 636 μιν

156 651 200 693 οἷ
226 649 426 705 πολέμιοι
445 648 720 699 ἐκπίπτοντες
741 648 788 691 ἐκ
801 651 877 704 τῆς
897 649 1042 700 τάξιος
1061 651 1346 703 μετακινῆσαι
1356 647 1415 703 μὴ

156 717 385 761 δυναίατο·
437 716 664 772 γινομένης
702 716 749 760 δὲ
793 721 936 772 φυγῆς
963 718 1051 759 τῶν
1082 714 1314 765 ἐναντίων,
1346 715 1471 759 δέ-7ο

127 787 317 837 3δοκτο,
366 782 447 839 τήν
484 781 682 838 ἄγκυραν
730 781 1028 840 ἀναλαβόντα,
1068 783 1184 826 οὕτω
1224 781 1412 827 διώκειν.

155 846 284 902 οὗτος
312 851 391 906 μὲν
418 849 533 894 οὕτω
564 851 742 907 λέγεται.
774 850 798 896 ὁ
828 851 862 896 δ’
891 852 1035 908 ἕτερος
1052 855 1140 894 τῶν
1165 850 1320 907 λόγων,
1349 855 1412 908 τῷ

151 918 367 972 πρότερον
397 918 592 974 λεχθέντι
613 919 935 977 ἀμφισβατέων,
964 919 1143 975 λέγεται,
1174 917 1233 970 ὥς
1274 916 1335 961 ἐπ’
1363 916 1413 961 ἆ-

153 988 306 1037 σπίδος
342 986 425 1029 αἰεὶ
453 986 742 1044 περιθεούσης
777 989 851 1032 καὶ
890 986 1061 1044 οὐδαμοὶ
1100 985 1413 1043 ἀτρεμιζούσης

152 1052 305 1109 ἐφόρεε
335 1054 546 1110 ἐπίσημον
576 1054 787 1111 ἄγκυραν,
816 1057 888 1100 καὶ
918 1054 1001 1100 ούκ
1031 1055 1077 1098 ἐκ
1097 1059 1177 1099 τοῦ
1206 1055 1413 1110 θώρηκος

19 1132 85 1179 75
152 1120 382 1177 δεδεμένην
420 1122 636 1178 σιδηρέην.
691 1122 811 1167 Ἔστι
841 1124 887 1167 δὲ
916 1124 989 1167 καὶ
1023 1123 1172 1179 ἕτερον
1199 1120 1467 1178 Σωφάνεϊ75

150 1188 351 1244 λαμπρὸν
398 1191 527 1244 ἔργον
565 1191 895 1247 ἐξεργασμένον,
949 1190 1017 1234 ὅτι
1056 1190 1411 1247 περικατημένων

148 1257 391 1315 Ἀθηναίων
417 1260 616 1314 Αἴγιναν,
646 1257 913 1316 Εὐρυβάτην
939 1258 1018 1302 τὸν
1040 1258 1239 1315 Ἀργεῖον,
1266 1258 1410 1315 ἄνδρα

279 1523 371 1574 cap.
386 1521 561 1559 LXXIV.

148 1602 217 1642 ἵνα
233 1598 286 1652 δή
301 1616 368 1652 μιν
390 1601 431 1641 οἱ
446 1599 627 1651 πολέμιοι
650 1614 687 1639 κ.
713 1615 747 1639 τ.

92 1660 145 1707 λ.]
187 1656 540 1709 Schweighaeuser.
559 1657 675 1694 verba
705 1655 748 1696 ἐκ

91 1717 162 1766 τῆς
205 1711 337 1763 τάξιος
382 1727 472 1752 cum
509 1712 748 1750 antecedenti

91 1769 345 1818 ἐκπίπτοντες
392 1769 596 1808 cohaerere
651 1771 746 1818 vult,

93 1841 190 1880 quae
218 1827 355 1864 eadem
380 1829 493 1864 etiam
514 1826 563 1863 ad
586 1827 749 1864 verbum

93 1886 352 1935 μετακινῆσαι
429 1882 747 1933 subintelligenda

91 1937 172 1980 οἷπὸ
194 1943 334 1980 κοινοῦ
361 1942 481 1991 posita
502 1953 580 1977 esse
610 1939 747 1978 videu-

94 2004 168 2036 tur.
225 1999 308 2034 Hoc
344 2010 434 2034 vero
472 1998 598 2047 ipsum
636 1995 747 2035 ἐκπί-

93 2068 255 2100 πτοντες
275 2053 317 2093 ἐκ
336 2055 407 2104 τῆς
425 2049 670 2100 τάξιος-ἰάθη]
682 2066 747 2089 va-

92 2111 167 2148 iere
198 2118 305 2160 putat
328 2117 441 2162 atque
463 2111 747 2160 προεξαΐσσον-

91 2181 153 2213 τες
184 2168 253 2215 IX,
294 2169 360 2215 62,
397 2167 588 2218 simulque
617 2172 746 2202 mente

94 2222 182 2259 addi
200 2235 331 2274 posse:
371 2221 440 2261 καὶ
472 2222 511 2270 ἐς
537 2219 660 2262 αὐτόν
682 2221 746 2262 ἐσ-

93 2279 312 2326 πίπτοντες.
377 2277 489 2316 Unde
530 2278 625 2317 haec
667 2280 746 2316 fere

94 2335 167 2372 loci
189 2337 395 2373 sententia:
441 2340 482 2372 ut
509 2350 593 2373 sane
623 2336 744 2384 hostes,

95 2403 113 2427 e
140 2404 205 2427 sua
237 2394 311 2429 acie
344 2395 382 2429 in
412 2394 525 2442 ipsum.
561 2395 745 2440 irruentes,

97 2448 207 2495 ipsum
228 2460 269 2484 ex
291 2450 365 2485 acie
383 2462 447 2486 sua
465 2462 493 2486 s.
515 2450 626 2497 eloco,
647 2461 745 2499 quem

96 2504 132 2538 in
149 2503 223 2539 acie
245 2505 418 2551 obtineret,
436 2518 564 2542 movere
581 2519 649 2543 non
658 2519 744 2555 pos-

95 2562 184 2596 sent.
213 2580 268 2586 -
321 2561 366 2596 In
392 2562 612 2611 imperfecto
653 2563 745 2613 βαλ-

96 2613 248 2653 λέσκετο
268 2617 422 2653 iteranda·
440 2620 647 2655 vimiuesse
657 2632 744 2655 nio-

94 2673 178 2707 nuit
197 2673 417 2710 Buttmann.
439 2675 504 2712 Gr.
527 2677 591 2714 Gr.
612 2677 630 2711 I
656 2688 744 2725 pag.

95 2730 190 2768 395.
211 2748 262 2756 -
292 2728 354 2765 Ad
369 2730 525 2766 verbum
543 2726 744 2782 ἀμφισβα-

95 2783 191 2823 τέων
220 2786 259 2832 (ἰ.
290 2799 320 2823 e.
355 2785 623 2837 contradicens,
650 2801 746 2826 con-

806 1489 940 1525 trarius
964 1486 1044 1539 illi)
1080 1487 1183 1525 conf.
1212 1494 1310 1526 nott.
1334 1486 1383 1525 ad
1401 1488 1466 1536 IV,

810 1543 872 1584 14.
906 1544 1043 1582 Suidas
1058 1557 1089 1581 s.
1108 1557 1146 1582 v.
1166 1545 1185 1580 I
1204 1559 1243 1596 p.
1267 1544 1362 1585 154.

861 1596 920 1640 ἐπ’
951 1596 1120 1647 ἀσπίδος
1141 1601 1219 1640 αἰεὶ
1239 1623 1291 1629 —
1307 1596 1467 1652 α’τρεμι-

806 1653 970 1708 ζούσης]
1001 1659 1025 1695 ἰ.
1047 1671 1081 1694 e.
1101 1659 1139 1695 in
1160 1658 1291 1708 clypeo,
1306 1660 1467 1708 quisent-

799 1727 864 1764 per
884 1715 1101 1752 discurrebat
1120 1727 1182 1752 nec
1196 1728 1348 1765 unquam
1361 1715 1464 1764 quie-

804 1774 862 1808 tus
881 1776 970 1818 erat,
999 1783 1116 1823 quem
1135 1784 1285 1822 semper
1304 1772 1342 1808 in
1364 1782 1462 1821 gyro

804 1828 940 1877 agebat
968 1841 1094 1879 neque
1124 1841 1298 1880 unquam
1316 1828 1463 1865 sinebat

805 1885 990 1935 quietum.
1023 1883 1228 1935 ἐπίσημον,
1252 1885 1367 1935 clypei
1400 1886 1462 1921 in-

803 1942 913 1989 signe,
951 1942 1166 1978 notavimus
1190 1941 1239 1978 ad
1263 1942 1362 1988 VIII,
1393 1941 1462 1980 88.

802 1998 1032 2047 ῑΝεεεεΠυς.
1055 2004 1341 2049 comparaverat
1360 1998 1466 2035 Plut.

801 2055 838 2090 Π
856 2067 895 2104 p.
917 2053 998 2095 234
1019 2054 1063 2092 C.

990 2143 1041 2180 Ca
1043 2158 1082 2195 p.
1110 2143 1270 2183 LXXV.

858 2220 1180 2274 περικατημένων
1225 2217 1461 2272 Ἀθηναίων

806 2279 993 2332 Αἴγιναν]
1025 2281 1193 2316 Pertinet
1212 2277 1286 2316 hoc
1306 2278 1355 2315 ad
1375 2279 1460 2315 bel-

800 2337 837 2373 la
866 2338 965 2373 inter
991 2335 1243 2373 Athenienses
1276 2342 1313 2372 et
1339 2335 1459 2384 Aegi-

800 2400 907 2430 netas
927 2400 1032 2444 gesta
1055 2399 1141 2430 aute
1169 2393 1312 2430 bellum
1330 2392 1460 2428 Persi-

802 2463 903 2497 cum,
935 2463 1010 2500 quo
1043 2450 1299 2496 imminentes,
1330 2455 1372 2484 ut
1401 2455 1460 2484 te-

800 2514 918 2543 statur
937 2505 1152 2543 Herodotus
1171 2507 1252 2553 Vll,
1276 2503 1355 2545 145
1383 2504 1459 2540 ini-

801 2564 960 2599 micitius
977 2562 1243 2612 deposuerunt,
1261 2560 1308 2597 de
1323 2561 1459 2611 quibus

802 2620 888 2669 ipsis
917 2618 993 2658 vid.
1018 2620 1068 2665 V,
1095 2621 1149 2659 82
1175 2631 1282 2669 seqq.
1312 2618 1375 2666 VI,
1405 2615 1458 2658 49

801 2689 906 2725 seqq.
930 2677 996 2715 73.
1018 2675 1071 2716 85
1095 2688 1174 2726 seq.
1205 2677 1272 2714 92.

860 2727 1101 2782 Εὐρυβάτην
1149 2727 1215 2770 τὸν
1261 2725 1456 2784 Ἀργεῖον,

803 2785 929 2841 ἄνδρα
968 2783 1228 2836 πεντάεθλον]
1277 2788 1363 2826 vid.
1396 2788 1458 2835 VI,
