1839 3292
360 184 444 225 152

756 183 1216 220 HERODOTI

361 292 761 360 ‚manerat-somam,
793 289 902 333 ἀλλὰ
929 292 1026 334 θεοί
1055 305 1098 332 τε
1129 291 1200 332 καὶ
1227 289 1388 360 ἥρωες,
1419 291 1462 332 οἳ
1491 287 1622 343 ἐφθό-

363 361 528 406 ,,νησαν
557 347 697 401 ἅνὸρα
732 348 808 390 ἕνα
841 351 916 400 τῆς
945 362 988 388 τε
1014 345 1165 401 Ἀσίης
1195 348 1266 388 καὶ
1295 351 1370 400 τῆς
1401 344 1622 401 Εὐρώπης

365 421 666 475 ,,βασιλεῦσαι,

707 414 833 457 ἐόντα
865 411 1042 455 ἀνόσιόν
1071 427 1114 453 τε
1145 413 1214 454 καὶ
1257 411 1531 455 ἀτάσθαλον·
1572 412 1622 464 ὃς

364 484 445 538 »τά
473 501 516 527 τε
546 482 619 536 ἱροὶ
649 483 722 524 καὶ
750 484 801 524 τὰ
832 483 921 523 ἰ’δια
952 479 998 521 ἐν
1028 480 1163 535 ὁμοίῳ
1195 477 1398 529 ἐποιέετο,
1411 478 1677 534 ἐμπιπράς-55

365 569 436 605 ,,τε
465 552 537 595 καὶ
568 549 849 604 καταβάλλων
879 552 966 591 τῶν
997 550 1114 590 θεῶν
1134 545 1186 589 τὰ
1208 545 1454 600 ἀγάλματα·
1486 545 1534 596 ὂς
1550 548 1623 591 καὶ

364 619 471 675 ,,τη“ν
514 617 741 661 θάλασσαν
778 616 1110 671 ἀπεμαστίγωσε,

1169 614 1301 663 πέδας
1357 628 1401 655 τε
1448 617 1620 668 κατῆκε.

342 685 492 738 5,,ἄλλ’
515 682 565 729 εὗ
594 685 675 740 γὰρ
697 685 776 739 ἔχει
802 683 843 734 ἐς
873 684 1105 736 τὰπαρεὸν
1126 679 1240 738 ἡμῖν,
1273 685 1356 723 νῦν
1386 680 1464 736 μὲν
1495 679 1541 723 ἐν
1570 683 1625 737 τῇ

362 751 561 805 §Eudae
603 754 956 809 καταμείναντες,
986 750 1132 808 ἡμέων
1160 765 1204 793 τε
1235 747 1380 792 αὐτῶν
1418 749 1678 805 ἐπιμελη-δο

310 993 385 1032 que
419 977 671 1034 ἅνωσοὲμενοι
696 983 817 1034 affigit
855 984 965 1034 Tay-
1018 995 1071 1028 τε,
1102 992 1219 1032 quam
1243 979 1451 1016 omiserunt
1472 976 1680 1028 Schaefer.,

309 1037 379 1075 lor.
411 1037 458 1074 ad
478 1041 564 1090 Ljs.
592 1053 631 1090 p.
653 1039 703 1080 41
737 1054 766 1078 s.
796 1053 885 1091 pag.
911 1043 962 1081 81
1019 1036 1167 1083 matth„
1189 1035 1353 1072 Bekker.
1360 1035 1569 1087 ‚equidem
1593 1049 1683 1073 cum

310 1092 440 1130 Reisk.

368 1145 464 1188 α’λλά
485 1151 573 1190 θεοί
597 1165 637 1189 τε
661 1150 727 1189 καὶ
748 1147 899 1202 ἥρωες,
929 1151 968 1189 οἰ

312 1201 553 1256 ἐφθόνησαν
572 1204 736 1257 ἅνδοει
724 1207 792 1246 ἕνα
813 1223 849 1246 κ.
867 1223 898 1245 τ.
913 1205 967 1258 L]

308 1262 414 1298 Haec
451 1276 576 1300 rursus
617 1263 792 1301 dicuntur
827 1278 875 1300 ex
907 1265 972 1299 illa

309 1318 495 1356 Herodoti
532 1320 718 1357 sententia
748 1320 795 1358 de
825 1322 969 1357 nemesi

309 1377 490 1425 superbos
511 1378 716 1426 castigante
737 1385 773 1414 et
793 1385 888 1414 statu
900 1389 967 1413 suo

312 1429 523 1471 deficiente.
580 1434 695 1470 Plura
725 1433 803 1472 vid.
834 1433 883 1471 ad
901 1435 970 1480 111,

371 1541 414 1590 ὃς
427 1540 477 1583 w'
488 1559 528 1584 τε
543 1542 608 1598 ἶρεὶ
630 1543 698 1584 καὶ
718 1543 764 1585 τοὶ
778 1545 859 1585 ἴδια
870 1545 912 1585 ἒν
928 1544 971 1585 ὁ-

315 1599 418 1653 μοίῳ
432 1599 604 1641 ἐποιέετο
623 1618 658 1641 κ.
670 1617 702 1641 τ.
716 1606 748 1641 λ.
753 1604 768 1652 ]
784 1604 969 1640 Voculam

1025 1092 1141 1131 Schw
1132 1091 1245 1142 eigb.
1281 1099 1316 1128 et
1337 1093 1453 1129 Gaiss.
1477 1106 1497 1128 e
1522 1093 1683 1130 Floren-

1024 1151 1106 1186 tino
1128 1148 1280 1185 adscivi.
1317 1148 1440 1185 Verba
1461 1145 1508 1186 τοέ
1530 1146 1595 1197 ἷρᾶ
1615 1147 1684 1188 καὶ

1028 1203 1074 1245 τά
1104 1205 1184 1243 ἴδια
1204 1206 1282 1241 iam
1319 1206 1424 1254 attigi
1447 1203 1494 1240 ad
1525 1206 1594 1252 VI,
1632 1207 1683 1253 93

1024 1263 1258 1299 locutionem
1271 1260 1313 1299 ἐν
1333 1259 1459 1311 ὁμοίῳ
1473 1265 1684 1300 ποιεῖσθαι

1027 1320 1148 1369 attigit
1168 1316 1302 1355 Matth.
1326 1319 1391 1354 Gr.
1414 1318 1480 1354 Gr.
1501 1331 1539 1368 p.
1563 1320 1684 1358 1139.

1024 1378 1082 1412 De
1120 1377 1241 1411 forma
1282 1369 1478 1425 ἐμπιπράς
1534 1374 1686 1411 monuit

1024 1431 1239 1469 Blomfield.
1262 1431 1430 1467 inGtoss.
1447 1429 1494 1466 ad
1506 1429 1685 1482 Aeschyl.

1025 1491 1129 1526 Pers.
1143 1489 1234 1529 815.
1254 1486 1315 1523 Ad
1329 1494 1598 1538 argumentum
1609 1487 1685 1524 loci

1026 1546 1127 1583 conf.
1185 1542 1365 1596 Aeschyl.
1422 1545 1546 1582 Perss.
1602 1540 1685 1585 814

1025 1602 1190 1640 Blomfiz

533 1676 570 1712 οἳ
589 1679 658 1722 γῆν
674 1677 848 1722 μολόντες
870 1676 1031 1721 Ελλάδζ
1060 1675 1104 1712 οὔ
1127 1677 1229 1711 θεῶν
1255 1675 1366 1722 βρέτη

532 1721 696 1768 ᾐδοῦντο
727 1726 860 1766 συλᾶν,
878 1722 965 1757 ουὸὲ
985 1722 1193 1780 πιμπράναι
1212 1723 1322 1763 νεώς·

534 1770 652 1814 βωιιοὶ
675 1768 714 1804 δ’
735 1767 874 1811 ἀιστοι,
891 1769 1078 1825 δαιμόνων
1101 1767 1148 1803 θ’
1175 1767 1361 1811 ἱδρύματα

535 1815 719 1860 πρόῤῥιζα
744 1816 890 1860 φύρὸην
915 1814 1204 1860 ἐξανέστραπται
1229 1814 1395 1860 βάθρων.

317 1886 591 1937 VVesselingius
645 1886 692 1924 de
731 1888 971 1924 inssanunatis

316 1943 550 1980 Graecorum
593 1956 614 1980 a
652 1946 774 1981 Persis
823 1945 972 1994 templis

317 1999 462 2036 consuli
489 2001 594 2037 iubet
626 2002 778 2051 Meuag.
811 2002 849 2037 iu
879 2003 973 2037 Dio-

317 2068 407 2105 gen.
435 2057 473 2102 1,
515 2059 540 2097 9
573 2063 609 2093 et
628 2059 754 2094 Davis.
784 2059 823 2093 in
853 2058 972 2094 Cicer.

315 2113 374 2148 De
401 2113 523 2162 Legg.
551 2114 606 2159 ΙΙ,
650 2116 713 2154 11.
772 2115 836 2150 Tu
872 2114 974 2151 conf.

318 2169 433 2205 etiam
443 2168 491 2205 ad
501 2167 680 2206 Herodot.
693 2171 736 2216 V,
760 2171 973 2211 102a11ata,

374 2221 420 2271 ὃς
450 2224 518 2264 καὶ
554 2223 629 2276 τήν
647 2223 854 2265 θάλασσαν
878 2222 975 2265 οἷπε-

319 2280 555 2333 μαστίγωσε]
578 2282 661 2320 vid.
682 2283 768 2327 vll,
800 2283 865 2323 35.
901 2284 975 2319 Se-

319 2350 440 2388 quens
475 2340 632 2386 κατῆκε,
668 2338 770 2389 quod
789 2338 973 2376 Valcken-

318 2395 458 2431 mutari
488 2395 570 2431 vult
600 2396 639 2430 iu
670 2395 855 2445 ἐγκατῆκε
896 2396 976 2432 scil.

318 2453 370 2500 τῇ
388 2445 586 2503 θαλάσσῃ,
604 2449 643 2487 id
665 2464 754 2488 saue
776 2463 852 2487 nou
870 2465 975 2501 opus.

321 2506 494 2556 Simplici
512 2508 651 2551 verbo,
688 2506 824 2543 eodem
850 2509 977 2544 obser-

319 2570 441 2599 vante·
488 2563 762 2601 Valckenaerio
784 2593 794 2611 ,
861 2566 978 2602 utitur

316 2619 478 2668 Diogen.
517 2622 640 2658 Laert.
664 2621 839 2657 Prooem.
880 2623 917 2666 ξ.
947 2623 972 2662 9

318 2676 487 2727 itemque
508 2676 688 2715 Herodot.
711 2677 800 2724 Vll,
831 2677 898 2718 35.

377 2734 455 2771 νῦν
486 2729 555 2782 μὲν
575 2753 629 2762 -
651 2733 974 2784 καταμείναντες]

320 2787 566 2826 Valckenaer.
587 2791 720 2840 reponi
756 2791 836 2828 vult
854 2805 975 2830 κατα-

1029 1888 1191 1939 μείναντ
1214 1902 1287 1933 ας,
1319 1883 1423 1937 quod
1452 1884 1492 1920 in
1513 1895 1578 1920 ora
1598 1883 1688 1921 Ste-

1028 1944 1146 1995 phan.
1168 1950 1288 1980 exstat
1309 1940 1490 1993 quodque
1511 1953 1587 1976 uon
1610 1939 1689 1977 dis-

1030 2002 1205 2049 plicuisse
1282 1999 1361 2035 vidi
1429 1998 1687 2047 VVesseling’to

1032 2059 1144 2104 (Diss.
1167 2055 1309 2094 Herod.
1345 2057 1400 2091 XI
1428 2068 1465 2105 p.
1487 2055 1609 2101 202),
1641 2052 1689 2090 de

1029 2113 1102 2150 hou
1161 2114 1374 2149 accusativo
1434 2111 1687 2159 subsequente

1030 2171 1265 2220 comparanti
1316 2168 1427 2214 Y111,
1499 2169 1589 2206 109.
1637 2166 1687 2213 11,

1033 2228 1126 2265 151,
1159 2226 1239 2270 ΥΠ,
1265 2224 1355 2263 144.
1385 2221 1577 2274 Equidem
1598 2235 1687 2259 cum

1032 2280 1421 2331 Schweighaeusero,
1457 2280 1523 2330 qui
1551 2279 1600 2315 ob
1635 2279 1688 2315 si-

1030 2339 1160 2374 milem
1196 2344 1423 2374 structuram
1462 2336 1689 2372 nominativi

1032 2395 1218 2431 infinitivo
1240 2394 1357 2429 iuncti
1379 2394 1417 2439 Ι,
1450 2393 1513 2432 56.
1536 2394 1602 2432 63.
1623 2392 1688 2440 lV,

1036 2451 1101 2490 15.
1128 2453 1230 2497 137,
1271 2462 1291 2486 a
1319 2450 1472 2498 vulgata
1503 2449 1606 2485 libris
1626 2461 1690 2485 re—

1033 2508 1144 2557 liquis
1176 2507 1420 2556 comprobata
1445 2512 1542 2542 stare
1558 2505 1689 2553 malui,

1035 2562 1082 2600 de
1097 2576 1172 2615 qua
1193 2565 1244 2599 ita
1262 2562 1460 2599 Matthiae:
1479 2561 1692 2613 ,,καταμεί-

1030 2634 1168 2665 ναντες
1202 2632 1356 2665 νει-εον,
1378 2632 1426 2655 ne
1448 2619 1486 2654 in
1511 2619 1692 2669 syntaxin

1030 2683 1180 2728 peccet:
1203 2689 1293 2712 nam
1314 2677 1379 2712 ubi
1395 2675 1599 2712 infinitivus
1619 2686 1688 2725 pro
1735 2679 1741 2683 '

1032 2735 1156 2784 prima
1186 2746 1346 2785 persona
1367 2733 1601 2770 coniunctivi
1620 2743 1688 2782 po-

1030 2791 1135 2828 nitur
1151 2820 1161 2839 ,
1205 2790 1363 2828 subiecti
1393 2788 1499 2842 quod
1524 2794 1689 2837 -vocant,
