1839 3292
537 196 882 234 URANIA.

942 196 1069 232 VIII.
1383 200 1438 239 43

180 324 301 364 μενοι
330 305 412 362 γὰρ
442 306 577 362 ταύτῃ
606 303 726 359 παρὰ
756 304 834 348 τόν
865 303 1096 360 Κηφισσὸν
1134 303 1354 358 ποταμὸν,
1393 304 1437 346 ἐ·-

178 378 332 431 δηΐουυ
359 373 524 425 πάντα,
565 374 638 417 καὶ
667 371 774 416 κατὰ
804 372 882 429 μὲν
920 373 1112 416 ἔκαυσαν
1141 371 1325 428 Δρύμον
1356 370 1433 414 πό-
1448 378 1494 412 30

290 547 379 597 cap.
398 547 580 584 XXXIII.

176 600 283 656 παρα
312 601 381 643 τὸν
412 598 626 653 Κηφισσὸν
651 614 776 640 ποτα-

122 656 228 711 μὸν]
273 660 455 709 Cepkz’ssus
474 659 609 695 fluvius
630 659 776 708 prima—

122 718 197 752 rius
216 717 334 752 fertur
353 718 391 751 in
403 714 584 761 Phocide,
605 715 775 765 pluribus

120 779 351 808 memoratus
366 772 618 821 scriptoribus,
650 769 698 806 ad
713 783 775 807 se-

120 829 371 878 ptentrionale
409 829 583 864 Parnassi
608 828 704 863 latus
733 827 774 862 in

118 885 233 934 ipsius
253 883 430 921 Phocidis
453 897 494 920 ac
510 883 660 920 Doridis
680 896 775 919 con-

119 941 217 977 finiis
233 953 335 977 orsus
355 953 473 991 prope
481 941 653 976 Lilaeam
667 946 776 976 vete—

119 1009 212 1044 rem,
233 1009 311 1033 non
330 997 445 1046 longe
474 1009 497 1033 a
520 997 603 1035 vico
630 996 774 1044 Suallo,

118 1060 161 1089 ut
188 1066 292 1090 nunc
325 1052 467 1091 dicunt.
543 1055 674 1103 Ipsum
701 1053 777 1089 flu-

117 1110 223 1147 vium
241 1123 346 1146 nunc
367 1116 505 1147 vocant
537 1109 778 1158 ,Mam-opom-

117 1178 183 1205 mO.
212 1166 401 1204 Cf.Kruse
413 1164 687 1216 l.l.11,2p.14.
711 1164 774 1205 15.

172 1221 270 1260 κατὰ
295 1220 367 1273 μὲν
385 1220 584 1271 ἔκαυσαν]
616 1221 775 1257 Tmesin

116 1276 179 1314 hic
211 1279 364 1315 obviam
394 1280 514 1328 attigit
544 1275 678 1315 Matth.
710 1277 776 1316 Gr.

118 1335 185 1371 Gr·
217 1335 254 1379 ς-
283 1333 366 1375 594
394 1347 432 1384 p.
461 1336 579 1374 1190.
608 1331 696 1370 vid.
718 1339 775 1369 et-

115 1391 194 1426 iam
213 1389 354 1430 Herod.
376 1391 474 1437 VIII,
495 1391 562 1429 89.
618 1387 680 1424 Ad
713 1401 777 1424 ar-

116 1453 344 1496 gumentum
364 1447 439 1482 loci
458 1451 606 1496 praeter
619 1446 774 1481 Plutar-

116 1501 245 1550 chum,
268 1503 341 1554 qui.
356 1504 394 1538 ΙΙ
412 1516 448 1552 p.
477 1503 558 1542 868
579 1502 623 1538 Β.
654 1501 773 1538 trede-

116 1560 182 1594 cim
212 1572 259 1594 ex
287 1557 481 1595 Herodoto
502 1558 630 1594 scribit
648 1554 773 1609 :urbes

114 1613 372 1651 Phocensium
403 1627 425 1650 a
453 1615 569 1650 Persa
601 1615 774 1651 incensas

115 1670 224 1720 (cum
243 1673 379 1708 rectius
409 1671 613 1720 scripsisset
635 1685 775 1709 πεντε-

114 1726 298 1773 καίδεκα,
325 1728 357 1764 si
385 1726 541 1778 quidem
570 1725 609 1763 h.
630 1727 657 1763 l.
687 1727 774 1764 duo-

116 1784 224 1820 decim
245 1791 281 1820 et
302 1785 414 1834 paulo
432 1790 515 1833 post
535 1786 602 1819 tres
621 1796 774 1820 memo-

114 1847 246 1877 rantur
265 1841 375 1876 urbes
397 1840 549 1876 aPersis
564 1840 773 1889 incensae),

115 1904 354 1946 comparatur
380 1897 550 1947 inprimis
570 1897 774 1933 Pausanias

113 1953 165 1997 X,
186 1954 210 1991 3
230 1954 265 1997 ξ.
287 1956 314 1993 2
334 1953 419 1990 coll.
451 1955 502 1992 33
534 1953 568 1997 ξ.
592 1955 629 1993 6.
661 1951 713 1991 34
735 1954 774 1997 §-

117 2012 154 2056 1,
184 2009 251 2045 ubi
281 2008 329 2045 de
361 2007 539 2045 Phocidis
572 2007 718 2058 oppidis
752 2021 774 2045 a

114 2066 246 2101 Xerxe
268 2072 304 2102 et
323 2066 437 2115 longe
457 2071 542 2115 post
562 2063 773 2115 aPhilippo

115 2120 325 2158 Macedone
353 2135 421 2172 per
450 2122 594 2158 bellum
625 2134 776 2158 sacrum

117 2179 253 2215 eversis
268 2179 449 2230 loquitur.
507 2178 629 2224 Quam
650 2179 775 2215 Hero-

119 2232 229 2271 dotus
248 2241 359 2272 vocat
379 2229 566 2286 Δρύμον,
600 2247 685 2270 eam
706 2248 776 2285 ap-

116 2291 232 2340 pellat
251 2290 460 2343 Δρυμαίαν
482 2303 564 2341 cap.
587 2293 610 2331 3
634 2292 670 2336 ξ.
691 2294 717 2331 2
738 2298 775 2328 et

118 2347 170 2386 33
198 2347 233 2391 ξ.
255 2350 293 2394 6,
314 2348 380 2383 ubi
400 2347 558 2384 Siebelis
583 2360 670 2397 pag.
691 2349 773 2388 297

119 2403 241 2439 attulit
281 2402 467 2454 Stephani
502 2405 597 2454 ByZ.
630 2405 771 2452 locum,

119 2457 185 2492 ubi
204 2457 374 2510 Δρυμία.
420 2459 496 2497 Sed
517 2462 637 2496 Kruse
655 2460 772 2508 (Hell.

119 2513 167 2559 ΙΙ,
190 2515 215 2552 2
238 2528 277 2564 p.
308 2519 375 2556 87.
406 2518 477 2566 88)
507 2518 561 2552 ibi
588 2517 663 2566 legi
691 2518 772 2554 vult

128 2571 297 2617 Τριταία.
354 2573 447 2609 Utut
477 2580 553 2621 est,
594 2586 696 2609 nunc
720 2574 772 2609 ibi

119 2625 249 2661 vicum
289 2625 393 2664 Baba
425 2643 502 2666 esse
527 2636 634 2666 notat
662 2631 775 2666 Mau-

119 2688 204 2717 nert
224 2682 310 2718 VIII
334 2696 372 2732 p.
396 2686 465 2724 171
494 2699 574 2736 seq.
633 2687 775 2723 Gellius

119 2738 260 2781 ruinas,
285 2751 377 2789 quas
405 2740 502 2777 intra
532 2743 702 2778 Lilaeam
732 2755 775 2779 ac

118 2793 217 2831 Dadi
250 2795 416 2844 invenit,
455 2795 504 2834 ad
543 2800 777 2851 Drymaeam

832 544 1056 595 pertinuisse
1096 544 1311 581 arbitratur.
1379 542 1492 582 Conf.

833 601 991 638 Siebelis
1024 599 1072 637 ad
1099 602 1262 639 Pausan.
1294 601 1318 638 l.
1348 600 1373 638 l.
1404 612 1492 650 pag.

833 660 916 697 300
938 664 974 694 et
992 659 1113 694 Kruse
1133 658 1158 695 l.
1178 658 1205 693 l.
1226 659 1283 693 De
1303 658 1376 693 situ
1398 656 1494 693 Clea-

830 714 978 762 radrae,
1007 727 1123 766 quam
1152 720 1313 765 uterque
1333 714 1493 763 scriptor

830 772 1025 817 nominat,
1068 783 1147 806 non
1177 783 1327 820 prorsus
1357 770 1493 820 liquet.

831 827 941 864 Conf.
972 828 1093 863 Kruse
1123 827 1148 864 l.
1178 827 1204 862 l.
1231 839 1319 876 pag.
1341 826 1393 864 84
1413 838 1492 877 seq.

830 884 909 919 Nec
947 884 1069 933 magis
1099 883 1218 934 liquet
1259 882 1307 918 de
1339 881 1492 929 Eroclw,

831 952 942 990 quae,
974 941 1004 976 si
1034 945 1135 975 recte
1159 940 1288 975 statuit
1316 939 1436 974 Kruse
1464 939 1494 975 l.

831 996 856 1032 l.
877 1009 913 1046 p.
928 998 995 1044 69,
1018 996 1263 1046 probabiliter
1275 993 1494 1046 quaerenda

832 1059 887 1088 est
906 1053 1005 1088 intra
1025 1050 1257 1088 Charadram
1277 1058 1314 1088 et
1324 1049 1496 1087 Tethro-

831 1108 954 1152 nium,
970 1109 1037 1145 ubi
1045 1121 1135 1145 sane
1146 1107 1275 1159 oppidi
1295 1106 1494 1144 cuiusdam

835 1165 1016 1216 reliquiae
1028 1172 1172 1202 exstare
1187 1165 1363 1201 dicuntur
1374 1177 1493 1214 prope

831 1222 961 1258 vicum
981 1221 1126 1259 Suallo.
1159 1221 1393 1268 Tetlzronium,
1415 1222 1494 1258 sive

836 1276 1082 1325 Tithronium,
1113 1283 1156 1314 ut
1184 1278 1390 1314 Pausanias
1423 1290 1496 1327 ap-

830 1333 946 1383 pellat
965 1334 990 1370 l.
1011 1335 1037 1370 l.
1060 1334 1146 1370 coll.
1176 1332 1364 1384 Stephan.
1394 1334 1493 1384 Byz.

830 1402 858 1425 s.
889 1403 940 1435 ν.)
977 1388 1147 1426 Locridis
1178 1389 1362 1440 oppidum
1381 1390 1497 1427 fuisse

831 1443 881 1481 ad
911 1443 1266 1496 Thermopylarum
1299 1448 1492 1495 angustias

828 1502 956 1549 situm,
978 1515 1028 1538 ex
1055 1500 1235 1539 Aeschin.
1257 1503 1315 1538 De
1334 1502 1414 1538 sals.
1435 1503 1496 1538 le·-

829 1564 907 1608 gat.
938 1560 973 1603 ξ.
996 1560 1050 1598 37
1070 1565 1107 1595 et
1136 1557 1292 1595 Diodor.
1313 1559 1414 1606 XVI,
1439 1561 1492 1599 33

830 1615 1083 1664 cognoscitur.
1119 1616 1260 1652 Ruinas
1281 1615 1492 1663 urbissunt,

832 1672 897 1723 qui
923 1670 971 1708 ad
992 1672 1142 1708 laevam
1171 1671 1340 1722 Cephissi
1369 1672 1492 1722 ripam

830 1734 988 1778 ponant,
1017 1728 1083 1764 ubi
1111 1741 1214 1765 nunc
1236 1728 1380 1776 Musti,
1411 1741 1491 1765 non

830 1783 940 1821 valde
961 1791 1154 1821 remotum
1173 1798 1194 1821 a
1209 1784 1329 1833 Dadi3
1359 1786 1420 1820 alii
1442 1784 1492 1821 ad

832 1839 1006 1877 dextram
1019 1840 1186 1891 Cephissi
1199 1842 1383 1878 collocant
1396 1855 1405 1888 3
1420 1843 1492 1877 mi-

829 1910 902 1933 nus
922 1905 1036 1945 recte,
1058 1905 1100 1934 ut
1119 1897 1280 1934 videtur.
1324 1898 1381 1934 Cf.
1404 1899 1493 1935 Sie-

830 1954 923 1990 belis
943 1955 968 1991 l.
990 1955 1016 1991 l.
1036 1968 1075 2004 p„
1097 1956 1178 1994 297
1201 1962 1237 1991 et
1256 1956 1377 1991 Kruse
1400 1957 1446 2002 ΙΙ,
1465 1957 1492 1995 2

829 2024 867 2060 p.
882 2011 947 2049 86.
978 2006 1225 2061 Ἀμφίκαιαν
1242 2012 1377 2047 urbem
1386 2013 1493 2047 Pau-

829 2067 951 2104 sanias
981 2068 1004 2103 l.
1025 2068 1052 2104 l.
1080 2075 1192 2104 vocat
1220 2063 1492 2117 Ἀμφίκλεανς

831 2136 930 2174 quae
945 2124 1014 2160 fuit
1035 2125 1222 2160 recentior
1234 2125 1334 2160 urbis
1356 2125 1491 2174 appel-

831 2180 936 2223 latio,
968 2181 1178 2216 Pausaniae
1216 2187 1388 2231 tempore
1425 2193 1491 2217 so-

832 2237 967 2273 lemnis
989 2267 999 2284 ‚
1048 2250 1137 2272 cum
1166 2238 1268 2287 prius
1318 2237 1490 2288 appella-

832 2300 934 2329 retur
978 2289 1206 2343 Ἀμφίκαια.
1278 2294 1362 2332 vid.
1402 2294 1491 2330 Sie-

829 2349 921 2386 belis
940 2350 965 2386 l.
987 2350 1012 2387 l.
1034 2363 1069 2399 p.
1093 2351 1186 2396 296,
1214 2350 1280 2385 ubi
1300 2351 1489 2386 recentio-

828 2419 915 2442 rum
931 2407 1257 2456 peregrinatorum
1276 2407 1492 2443 testimonia

830 2463 965 2510 attulit,
988 2463 1124 2513 quibus
1140 2460 1366 2511 Amphiclea
1382 2470 1491 2500 vetus

830 2532 921 2555 cum
941 2518 1080 2569 oppido
1093 2518 1192 2555 Dadi
1212 2520 1265 2554 sic
1286 2521 1371 2555 satis
1393 2533 1490 2556 con-

829 2577 958 2612 venire
980 2574 1139 2611 videtur.
1161 2576 1218 2611 Ac
1239 2588 1329 2611 sane
1350 2575 1489 2612 Clarke

831 2632 1009 2679 (Travels
1039 2632 1088 2676 ΙΙ,
1119 2634 1142 2670 3
1175 2630 1282 2681 chap.
1305 2635 1329 2673 8
1351 2646 1388 2683 p.
1411 2632 1493 2673 225

831 2694 867 2723 et
878 2690 978 2733 227)
1000 2686 1047 2723 ad
1063 2686 1337 2737 Amphicaeam
1358 2689 1489 2725 referri

830 2743 1116 2779 vultmoenium
1129 2744 1334 2794 grandium
1354 2759 1396 2782 ac
1407 2752 1490 2781 tur-

830 2800 932 2836 rium
968 2801 1144 2853 reliquias
1189 2815 1309 2854 prope
1360 2803 1490 2840 locum
