1839 3292
14 1180 79 1224 33

507 221 969 260 GALLIOPE.
1023 223 1105 261 IX.
1319 226 1404 267 255

159 336 207 378 οἵ
261 347 306 376 τε
367 329 643 387 Ἑρμοτύβιες
695 332 770 376 καὶ
826 333 871 376 οἵ
935 332 1196 386 Καλασίριες
1254 332 1407 376 καλεό-

153 416 286 457 μενοι,
316 398 659 454 μαχαιροφόροι·
709 402 833 455 οἴπερ
879 400 959 444 εἶσὶ
995 400 1245 455 Αἰγυπτίων
1296 403 1462 455 {tofi-90

126 475 229 511 3νοι
266 466 459 522 μάχιμοι,
515 467 695 517 τούτους
731 466 777 510 δὲ
834 467 892 510 ἔτι
953 467 1001 510 ἐν
1065 465 1255 524 Φαλήρῳ
1321 465 1406 510 ἐῶν

151 533 238 577 άπὸ
305 539 394 578 τῶν
451 538 576 590 νηῶν
648 532 968 589 ἀπεβιβάσατο,
1048 533 1199 585 ἐόντας
1255 533 1406 590 ἐπιβά-

150 618 248 653 τας·
307 600 362 645 οὐ
407 602 489 657 γάρ
530 600 771 657 ἐτάχθησαν
817 601 861 652 ἐς
903 600 980 644 τὸν
1026 599 1156 653 πεζόν
1197 601 1277 644 τόν
1317 601 1405 657 ἅμα

124 672 146 709 4
155 670 292 726 Ξέρξῃ
322 668 585 723 ἀπικόμενον
612 668 656 719 ἐς
683 668 867 724 Ἀθήνας
895 669 1141 723 Αἰγύπτιοι.
1200 672 1295 710 Τῶν
1323 668 1404 723 μὲν

151 733 204 790 δὴ
233 735 468 790 βαρβάρων
487 729 598 790 ἦσαν
617 735 849 791 τριήκοντα
879 735 1100 791 μυριάδες,
1132 734 1190 786 ὥς
1207 735 1280 777 καὶ
1297 734 1404 790 πρό-

141 819 268 855 τερον
298 803 551 857 δεδήλωται·
582 807 670 846 τῶν
704 803 750 846 δὲ
774 803 992 859 Ἑλλήνων
1019 807 1109 847 τῶν
1138 804 1404 856 Μαρδονίου

149 870 381 924 συμμάχων
410 868 501 914 οἶδε
530 870 609 924 μὲν
634 868 777 921 οὐδεὶς
807 870 1016 926 ἀριθμόν·
1061 870 1115 914 οὐ
1145 870 1228 926 γάρ
1265 866 1327 913 ὦν
1355 870 1401 927 ἦ-
1413 875 1458 911 95

146 937 448 993 ριθμήθησαν·
500 937 558 989 ῶς
601 939 646 981 δὲ
687 937 929 991 ἐπεικάσαι,
959 938 1003 989 ἐς
1030 937 1155 981 πέντε
1184 936 1401 993 μυριάδας
1455 943 1537 983 708

145 1007 402 1060 συλλεγῆναι
437 1006 598 1059 εἰκάζω.
663 1001 796 1049 Οὗτοι
837 1008 880 1049 οἱ
908 1005 1255 1062 παραταχθέντες
1282 1006 1401 1059 πεζοὶ

142 1065 275 1126 ἦσαν·
306 1071 333 1128 ἡ
365 1074 408 1115 δὲ
437 1074 567 1124 ἵππος
595 1074 725 1129 χωρὶς
755 1075 961 1118 ἐτέτακτο.

253 1169 330 1223 Ὡς
359 1172 404 1216 δὲ
432 1172 518 1227 ἄρα
536 1174 692 1225 πάντες
722 1176 764 1218 οἱ
793 1174 1016 1230 ἐτετάχατο
1048 1174 1159 1218 κατά
1189 1189 1233 1217 τε
1264 1174 1394 1217 ἔθνεα
1451 1174 1562 1203 Graeci
1581 1175 1729 1211 adauspi-

1450 1210 1496 1235 οἱα
1532 1217 1651 1244 pugnae
1678 1218 1729 1236 ca.-

143 1239 216 1281 καὶ
243 1239 352 1282 κατὰ
381 1240 512 1295 τέλεα,
543 1242 734 1285 ἐνθαῦτα
761 1246 814 1299 τῇ
844 1243 1020 1300 δευτέρῃ
1053 1241 1190 1299 ἡμέρῃ
1211 1241 1396 1286 ἐθύοντο
1452 1244 1562 1278 pIenda
1587 1248 1657 1271 vate
1674 1243 1729 1270 Τί·

87 1446 163 1486 39:
221 1441 440 1497 ἑλειοβάται
472 1448 583 1486 ναῶν
612 1445 738 1499 ἐρέται

87 1499 231 1550 δεινοὶ,
265 1501 422 1553 πλῆθός
448 1498 479 1541 τ’
498 1498 736 1556 οἷνάριθμοι.

142 1579 184 1619 οἵ
227 1595 267 1619 τε
302 1578 555 1633 Ἑρμοτύβιες
591 1581 658 1622 καὶ
697 1583 739 1624 οἵ

85 1637 320 1686 Καλασίριες
346 1653 382 1677 κ.
413 1653 446 1678 τ.
473 1640 534 1688 λ.]
563 1640 587 1677 i.
609 1653 642 1677 e.
675 1641 736 1691 qui

81 1697 246 1729 vocantur
259 1693 481 1745 Hermotybiz'
498 1700 530 1732 et
552 1695 732 1746 Οαῖαείτίί,

78 1750 214 1786 ensibus
236 1753 376 1789 armati.
424 1753 523 1789 Hinc
545 1751 731 1791 distinctio

78 1807 170 1855 poni
192 1805 302 1842 debet
331 1815 416 1844 ante
433 1806 732 1862 μαχαιροφόροι.

78 1863 233 1912 Deipsis
253 1865 468 1901 nominibus
479 1865 555 1906 vid.
576 1868 622 1914 Π,
639 1867 730 1908 164.

79 1939 135 1947 --
164 1920 257 1954 Mox
286 1932 373 1956 cum
403 1929 558 1960 recentt.
590 1922 678 1959 dedi
714 1938 733 1961 e

80 1974 180 2011 Flor.
211 1982 246 2012 et
267 1976 455 2013 Sancrofti
471 1978 555 2016 cod.
577 1978 619 2018 ἐν
650 1981 734 2018 Φα-

79 2026 186 2082 λήρῳ
216 2028 313 2080 ἐῶν,
351 2034 416 2070 ubi
443 2035 556 2085 vulgo
587 2032 663 2074 ε’ὠν
690 2036 733 2076 ἐν

82 2083 266 2141 Φαλήρῳ.
323 2089 384 2126 Ad
401 2092 560 2127 verbum
593 2087 729 2144 οἷπεβι-

79 2139 226 2193 βάσατο
261 2146 361 2182 conf.
395 2148 492 2193 VIII,
523 2151 574 2188 76
609 2155 646 2185 et
684 2150 732 2187 ad

77 2211 212 2236 vocem
232 2198 417 2252 ἐπιβάτας
437 2205 516 2254 VII,
538 2208 605 2246 96.

135 2274 357 2329 ἐτάχθησαν
403 2281 442 2328 ἐς
476 2280 544 2322 τόν
582 2282 726 2336 πεζόν]

81 2332 138 2373 Cf.
152 2347 246 2385 quae
257 2338 390 2373 similia
403 2340 508 2375 attuli
518 2339 564 2376 ad
578 2342 726 2388 VII,21.

79 2389 123 2423 ln
166 2394 336 2440 proxime
377 2408 482 2447 seqq.
526 2399 727 2435 articulum

79 2440 149 2489 τὰς
179 2454 262 2483 aute
288 2444 472 2500 Ἀθήνας,
506 2466 621 2504 quem
643 2463 726 2505 post

80 2499 271 2540 Schaefer.
300 2508 449 2544 retinuit
468 2509 659 2559 Matthiae,
683 2525 726 2547 e-

80 2556 234 2606 quidem
254 2573 339 2596 cum
360 2564 509 2614 reliquis
522 2566 642 2604 delevi
654 2581 723 2604 au-

78 2615 246 2650 ctorilate
257 2617 459 2656 Florentini
470 2622 608 2660 codicis
630 2625 725 2661 alio-

75 2681 249 2721 rumque.

134 2736 187 2784 ὦς
225 2737 291 2777 καὶ
326 2737 517 2793 πρότερον
552 2743 727 2795 δεδήλω-

76 2794 156 2842 ται]
188 2795 274 2833 Vid.
296 2797 392 2846 VIII,
415 2801 506 2840 113.
533 2821 588 2830 —
631 2805 728 2840 For-

1451 1285 1574 1305 sameno
1609 1278 1666 1307 usi.
1699 1276 1729 1305 Is

792 1449 940 1485 mulam
966 1447 1149 1500 loquendi
1171 1444 1453 1495 αἷς-ἐπεικά-

794 1517 860 1544 σαι
878 1509 916 1542 ut
936 1518 1014 1542 vero
1036 1507 1201 1542 conz'z'cere
1220 1505 1301 1542 licet
1321 1518 1348 1541 s.
1370 1519 1450 1543 con-

793 1561 928 1598 iectura
940 1563 1034 1598 siuti
1041 1562 1131 1607 licet,
1144 1562 1302 1598 illustrat
1313 1561 1448 1599 Matth.

793 1619 858 1654 Gr.
876 1619 940 1655 Gr.
959 1620 994 1664 ξ.
1007 1618 1086 1659 545
1103 1632 1140 1669 p.
1156 1621 1273 1667 1070,
1286 1620 1347 1655 cui
1359 1618 1450 1656 add.

790 1676 1001 1715 Hermann.
1034 1674 1082 1711 ad
1105 1676 1228 1724 Viger.
1251 1689 1289 1725 p.
1311 1674 1391 1715 744
1413 1682 1450 1712 et

788 1732 959 1781 Apitzius
988 1731 1035 1768 ad
1062 1731 1243 1782 Sophocl.
1264 1730 1448 1770 Trachin.

788 1788 959 1825 Adverss.
991 1802 1028 1839 p.
1053 1791 1130 1829 107
1161 1787 1208 1825 ad
1228 1801 1325 1825 vers.
1355 1792 1447 1829 131.

791 1844 899 1889 Quod
934 1846 974 1881 in
1006 1845 1196 1882 Sancrofti
1226 1852 1347 1882 exstat
1378 1859 1446 1882 co-

791 1900 874 1937 dice
896 1896 921 1939 ά
934 1916 963 1940 π
975 1897 1128 1940 εικάσαι
1143 1915 1210 1952 pro
1227 1898 1446 1951 ἐπεικάσαι,

788 1957 829 1994 id
852 1959 985 1994 merito
1006 1957 1095 1994 huic
1124 1959 1209 1995 loco
1236 1971 1446 2008 congruere

788 2021 903 2064 negat
917 2015 1205 2064 VVesselingius,
1226 2028 1315 2052 cum
1332 2013 1446 2055 άπει-

788 2068 921 2117 κάζειν
939 2072 1032 2121 poni
1047 2072 1162 2108 soleat
1181 2073 1221 2107 in
1242 2072 1444 2110 assimilan-

788 2127 831 2164 do
876 2134 911 2164 et
949 2128 1194 2178 comparanda,
1225 2125 1443 2175 ἐπεικάζειν

787 2184 827 2219 in
852 2185 1076 2222 conficiendo.
1136 2184 1245 2224 Conf.
1262 2184 1440 2236 Aeschyl.

788 2238 960 2290 Choeph.
976 2242 1054 2280 963
1076 2241 1203 2291 ibique
1223 2241 1442 2279 Blomfield.

788 2297 921 2347 Suppl.
944 2297 1038 2337 252.
1055 2297 1236 2348 Sophocl.
1251 2297 1345 2334 Oed.
1360 2299 1440 2337 Col.

787 2355 848 2393 17.
869 2353 959 2400 147,
981 2352 1122 2390 Trach.
1143 2353 1242 2394 144:
1268 2368 1365 2406 quae
1386 2362 1440 2392 at-

781 2410 867 2446 tulit
895 2411 1193 2460 Wesselingius‚
1225 2413 1289 2462 qui
1324 2412 1440 2448 etiam

782 2465 829 2502 de
859 2468 939 2517 ipso
967 2468 1107 2503 Persici
1141 2469 1325 2504 exercitus
1363 2481 1439 2504 nu-

780 2535 886 2560 mero
903 2523 1066 2560 conferri
1081 2524 1161 2561 vult
1181 2523 1338 2561 Diodor.
1360 2524 1440 2562 Sic.

778 2580 847 2628 XI,
869 2582 936 2620 30.

961 2702 1051 2753 Cap.
1074 2703 1259 2740 XXXIII.

838 2799 938 2842 κατά
959 2818 998 2843 τε
1022 2803 1144 2844 ἔθνεα
1164 2803 1231 2845 καὶ
1254 2803 1355 2847 κατὰ
1381 2805 1439 2847 τὲ-
