1839 3292
361 171 417 211 48
760 173 1226 212 HERODOTI

359 279 520 334 ἄντρον
548 279 855 337 ἀνηνείκαντο·
914 283 958 325 οἱ
987 282 1031 326 δὲ
1062 282 1104 333 ἐς
1122 282 1370 338 ’Ἄμφισσαν
1405 284 1486 340 τὴν
1524 289 1621 328 Ao-
1678 294 1759 334 636

327 349 485 402 4κρίδα
514 347 774 402 ὑπεξῆλθον.
833 349 989 400 πάντες
1031 350 1078 393 δὲ
1118 346 1180 392 ὧν
1208 352 1252 393 οἷ
1289 353 1457 407 Δελφοὶ
1495 352 1624 404 ἐξέλι-

357 432 444 458 πον
474 416 552 471 τὴν
581 416 720 466 πόλιν,
752 416 863 472 πλὴν
884 416 1090 472 ἑξήκοντα
1111 416 1164 459 οἷν
1169 419 1288 470 δρων
1318 419 1390 461 καὶ
1416 424 1496 462 τοῦ
1518 427 1680 474 προ-75

232 486 299 532 37
349 483 502 539 φήτεω.
561 481 678 526 Ἐπεὶ
708 484 753 527 δὲ
776 483 913 540 ἀγχοῦ
940 501 982 528 τε
1012 479 1124 541 ἦσαν
1153 487 1197 528 οἱ
1225 484 1445 541 βάρβαροι
1482 488 1625 531 ἐπιόν-

27 549 281 584 Prodtgtaadeo
361 567 446 601 τες,
490 550 563 593 καὶ
601 551 804 606 απώρεον
844 552 893 596 τὸ
924 553 1045 606 ἱοὸν,
1093 552 1140 596 ἐν
1168 551 1308 609 τούτῳ
1340 550 1364 596 ὁ
1394 554 1624 611 προφήτης

27 584 172 613 Dehhico
196 585 304 612 barba-

26 594 246 653 risimnwpiu-
361 622 423 675 τῷ
454 616 623 675 οὔνομα
660 622 716 677 ην
751 619 994 678 Ἁκηρατος,
1035 621 1117 679 ὁρᾷ
1145 619 1230 677 πρό
1264 625 1343 665 τοῦ
1372 626 1482 678 νηοῦ
1511 622 1624 667 ὅπλα

27 654 189 686 quantibus
207 653 289 681 obie-

27 690 88 721 cta,

304 799 597 854 ἀνηνείκαντο]
638 805 754 842 Recte
780 803 958 842 Lar-cher.

305 861 350 898 ils
368 863 641 911 transponerent
661 861 750 898 leurs
763 862 873 911 effetS.
895 863 959 898 Tu

306 917 382 955 vid.
405 925 497 954 nott.
520 917 567 954 ad
591 918 687 965 vul,
711 921 777 959 32.
825 920 960 969 Attigit

305 974 523 1011 Herodotea
551 974 724 1015 Eustath.
755 974 803 1012 ad
826 974 960 1026 Odyss.

303 1044 342 1082 p-
364 1032 481 1078 1604,
502 1030 527 1070 4
548 1044 577 1067 s.
599 1034 692 1075 519,
715 1034 782 1071 20.
813 1034 961 1068 Locum

304 1087 352 1124 de
376 1087 521 1135 Corycio
540 1092 641 1124 antro
653 1088 848 1124 classicum
861 1090 965 1124 Pau-

304 1157 384 1181 san.
405 1145 454 1190 X,
477 1146 529 1183 23
553 1146 589 1189 ξ.
620 1144 644 1183 5
665 1144 750 1181 coll.
783 1143 964 1194 Aeschyl.

304 1199 508 1237 Eumenid.
552 1203 607 1240 22
654 1199 802 1236 dudum
842 1202 964 1237 attulit

308 1256 555 1306 VVesseling„
586 1256 647 1292 cui
676 1255 742 1295 Cr.
764 1256 852 1293 addi
882 1258 964 1294 vult

305 1315 427 1363 ligen.
457 1312 505 1349 acl
543 1314 687 1363 Hymn.
716 1315 892 1350 Homerr.
925 1327 962 1364 p.

305 1373 400 1411 318.
459 1370 753 1419 Quaespelunca
775 1371 961 1419 omnium,

305 1433 495 1478 quotquot
530 1427 715 1463 continuit
744 1428 961 1475 Parnassus,

306 1483 552 1519 celeberrima
590 1495 669 1519 non
701 1484 814 1534 longe
851 1484 962 1521 distat

305 1552 328 1576 a
367 1541 450 1576 vico
480 1540 666 1588 Diagorea
691 1546 731 1576 ut
759 1554 861 1577 nunc
891 1553 964 1578 vo-

306 1603 405 1643 cant,
439 1596 479 1632 in
510 1597 643 1632 veteris
678 1597 807 1646 oppidi
834 1599 963 1648 Lyco-

306 1665 392 1689 reae
413 1653 540 1689 locum
551 1653 793 1702 probabiliter
812 1662 962 1691 exstru-

306 1716 380 1754 cto,
390 1716 431 1745 ut
451 1716 553 1760 patet
566 1722 613 1745 ex
631 1711 873 1761 inscriptione
886 1724 962 1748 nu-

304 1779 374 1817 per
401 1766 454 1802 ibi
473 1772 633 1816 reperta.
689 1768 856 1816 Dignam
876 1769 962 1804 lau-

306 1822 427 1870 dibus,
439 1823 572 1874 quibus
584 1829 725 1860 veteres
739 1823 960 1874 affecerunt,

304 1892 392 1916 eam
411 1893 513 1915 nunc
535 1892 688 1931 quoque
711 1894 790 1917 esse
821 1888 961 1918 testau-

304 1943 367 1973 tur
389 1937 626 1972 recentiores.
674 1936 789 1987 Apud
809 1937 961 1988 indige-

303 2005 372 2029 nas
401 2005 504 2030 nunc
533 2006 675 2029 nomen
694 1994 864 2031 Sarancla
895 2009 960 2032 au-

305 2049 373 2096 lae,
395 2048 498 2100 quod
517 2050 594 2085 scil.
616 2049 866 2101 quadraginta
894 2065 960 2088 ca-

305 2118 429 2143 meras
446 2104 519 2142 hoc
541 2113 647 2142 antro
678 2109 861 2144 contineri
885 2122 961 2159 pu-

304 2168 401 2204 tant,
458 2161 544 2199 Vid.
565 2164 684 2199 Kruse
704 2165 751 2211 11,
773 2167 798 2205 2
815 2177 901 2215 pag.
920 2167 960 2205 7.

305 2221 346 2261 8.
379 2218 467 2256 coll.
495 2219 654 2256 Siebelis
684 2219 732 2257 ad
752 2221 914 2259 Pausan.
934 2222 960 2260 l.

304 2275 330 2313 1.
353 2288 441 2326 pag.
467 2275 547 2315 285
570 2289 650 2328 seq.

358 2329 622 2382 ὑπεξῆλθον]
678 2333 767 2370 clam
793 2332 960 2371 discesse-

302 2392 397 2426 runt.
455 2388 565 2425 Conf.
601 2389 629 2433 Ι,
654 2392 722 2430 73.
781 2392 838 2427 De
872 2391 960 2428 Am-

300 2444 425 2493 phissa
451 2445 546 2482 urbe
578 2443 657 2483 vid.
682 2453 781 2485 nott.
809 2446 859 2484 ad
877 2448 959 2496 vn,

304 2502 372 2540 32.

361 2555 428 2595 καὶ
454 2559 528 2596 τοῦ
548 2554 782 2609 προφήτεω]
812 2559 870 2595 De
890 2557 961 2596 hac

305 2624 399 2648 voce
429 2613 505 2649 vid.
541 2622 635 2652 nott.
667 2614 716 2652 ad
754 2616 835 2663 VII,
869 2619 960 2655 111.

308 2667 339 2705 C
350 2682 379 2705 r.
401 2667 504 2706 addit
523 2671 656 2710 matth.
677 2671 960 2712 Animadverss.

305 2724 345 2759 in
374 2726 517 2775 Hymn.
551 2728 766 2766 Homerico.
799 2743 838 2780 p.
866 2731 959 2771 183.

305 2780 417 2827 Quod
447 2794 536 2821 vero
560 2795 650 2821 unus
669 2782 709 2823 h.
729 2785 756 2823 1.
791 2786 961 2840 propheta

1015 819 1044 843 s.
1072 806 1206 857 templi
1242 807 1394 844 antistes
1432 813 1678 855 memoratur,

1015 864 1145 900 seriori
1165 870 1285 900 aetate
1317 865 1442 914 plures
1463 863 1678 914 prophetas,

1016 933 1044 959 s.
1072 920 1312 956 oraculorum
1334 922 1554 971 interpretes
1585 921 1679 956 Del-

1017 975 1100 1027 phis
1130 977 1242 1014 fuisse
1267 985 1371 1014 notat
1404 977 1636 1026 VVesseling.
1658 990 1679 1013 e

1017 1034 1120 1070 Plut.
1153 1035 1188 1069 11
1218 1047 1289 1084 pag
1345 1033 1427 1074 410
1457 1035 1497 1071 F.
1529 1034 1679 1071 Aeliau.

1021 1090 1068 1124 H.
1099 1090 1156 1126 'A.
1190 1092 1239 1135 Χ,
1271 1092 1323 1130 26
1356 1091 1443 1127 coll.
1474 1091 1555 1127 Van
1583 1091 1678 1127 Dale

1018 1146 1076 1181 De
1097 1158 1220 1186 oracc.
1240 1147 1272 1183 V
1292 1160 1330 1196 p.
1354 1146 1447 1186 104.
1495 1149 1546 1184 Ut
1575 1148 1677 1183 enim

1021 1202 1163 1238 oraculi
1192 1202 1295 1238 fama
1316 1210 1424 1239 aucta
1455 1210 1492 1240 et
1522 1205 1678 1254 pervul-

1020 1265 1119 1308 gata,
1142 1257 1189 1294 ad
1212 1259 1384 1295 crebram
1408 1260 1679 1297 sciscitantium

1019 1316 1171 1351 turbam
1189 1315 1334 1352 duabus
1356 1314 1528 1368 adeoque
1559 1318 1678 1354 tribus

1019 1379 1097 1408 erat
1135 1385 1228 1422 opus
1265 1369 1509 1422 προφήτισιν
1547 1372 1677 1424 (conf.

1018 1429 1182 1465 VVessel.
1215 1427 1263 1465 ad
1286 1428 1442 1467 Diodor.
1464 1431 1565 1476 XVI,
1587 1427 1677 1482 26),

1018 1485 1069 1521 ita
1081 1486 1191 1521 etiam
1204 1486 1373 1536 pluribus
1385 1487 1562 1536 prophetis
1572 1494 1678 1536 post-

1020 1555 1065 1577 ea
1095 1555 1189 1593 opus
1225 1543 1340 1579 fuisse
1375 1550 1676 1580 consentaneum

1020 1606 1087 1635 est.

1185 1687 1279 1739 Cap.
1307 1688 1508 1726 XXXVII.

1073 1764 1142 1805 καὶ
1199 1762 1386 1819 ἆπῶρεον
1446 1765 1492 1809 τό
1541 1766 1673 1821 ΐρόν]

1017 1822 1238 1873 Schweigh.
1277 1825 1318 1860 in
1365 1826 1462 1862 Lex.
1507 1825 1672 1865 Herod:

1017 1894 1094 1918 cum
1126 1881 1250 1930 procul
1277 1894 1307 1917 s.
1338 1884 1470 1919 eminus
1497 1895 1674 1933 conspzce-

1014 1941 1093 1975 rent
1113 1950 1142 1973 s.
1162 1939 1433 1988 prospicerent.
1475 1940 1553 1975 Nec
1573 1940 1674 1976 male

1014 1996 1170 2043 Lange:
1203 1994 1303 2042 „und
1323 1994 1426 2032 seleon
1445 1995 1509 2032 den
1535 1996 1570 2033 T
1568 1996 1675 2046 empel

1016 2051 1195 2099 ansicletig
1216 2051 1398 2087 wurden.“
1455 2052 1555 2089 Satis
1582 2065 1674 2090 vero

1015 2115 1173 2154 notum,
1212 2108 1278 2143 ubi
1318 2108 1409 2143 olim
1442 2107 1672 2159 Delphicum

1015 2164 1087 2200 fuit
1106 2164 1305 2214 templum,
1327 2176 1431 2200 nunc
1445 2178 1523 2202 esse
1543 2167 1672 2202 vicum

1018 2220 1159 2265 Castri‚·
1202 2222 1283 2271 ipsa
1313 2219 1549 2271 Delphorum
1582 2223 1673 2259 urbs

1015 2276 1064 2314 ad
1081 2278 1203 2324 viam,
1244 2289 1341 2329 quae
1371 2289 1393 2313 a
1430 2279 1513 2315 vico
1553 2279 1672 2316 Castri

1015 2333 1118 2371 ducit
1139 2335 1313 2383 Crissam,
1342 2334 1412 2370 sita
1446 2341 1537 2372 erat.
1585 2334 1672 2373 vid.

1014 2392 1136 2428 Kruse
1170 2392 1217 2437 Π,
1245 2393 1270 2430 2
1297 2402 1384 2440 pag.
1415 2389 1466 2432 41
1502 2404 1582 2443 seq.
1602 2390 1671 2431 44.

1016 2446 1154 2484 Clarke
1181 2447 1340 2485 Travels
1367 2448 1417 2494 11,
1446 2450 1471 2489 3
1502 2461 1585 2500 cap.
1619 2449 1671 2486 V1

1016 2518 1055 2555 p.
1081 2507 1160 2545 177
1175 2517 1255 2555 seq.

1075 2558 1152 2614 ὁρᾷ
1186 2556 1263 2611 πρό
1282 2561 1355 2599 τοῦ
1371 2562 1475 2610 νηοῦ
1494 2556 1597 2600 οπλα
1615 2582 1668 2589 —-

1016 2615 1172 2666 εξενηνε
1176 2615 1313 2668 ημένα
1341 2614 1436 2668 [oa]
1480 2617 1504 2656 i.
1535 2630 1569 2654 e.
1589 2629 1670 2654 con-

1015 2675 1121 2723 spiczt
1160 2687 1260 2710 arma
1292 2686 1394 2710 sacra
1433 2677 1514 2710 ante
1551 2673 1669 2711 aedem

1013 2732 1172 2781 proiecta
1192 2732 1399 2767 intrinsecus
1420 2727 1486 2782 (ex
1500 2729 1667 2767 interiori

1017 2784 1137 2838 aede)
1172 2786 1240 2825 Ιιιιε
1257 2787 1386 2837 allata,
1417 2800 1506 2839 quae
1526 2791 1670 2835 tangere
