1839 3292
588 252 617 289 1.
646 252 808 289 INDEX
835 251 1028 289 RERUM.

115 364 218 398 tonse
247 360 364 402 tradit,
394 359 442 400 ΙΙ,
475 359 553 394 150.
587 360 782 395 maximum

114 408 189 442 eins
212 408 378 450 templum
406 406 442 439 in
466 409 552 439 urbe
580 407 709 448 Busiri,
735 407 781 447 ΙΙ,

112 453 169 488 59.
191 453 246 487 61.
273 453 306 486 ei
328 463 454 486 vaccae
477 463 616 493 sacrae3
652 453 685 486 in
710 458 781 485 eius

111 501 279 533 honorem
313 499 442 532 ieiunia
465 505 629 543 aguntur,
664 499 710 539 ΙΙ,
734 498 783 531 40

109 549 180 578 not.
203 544 250 578 41
275 550 346 578 not.
368 545 450 577 itt-m
482 545 571 586 apud
612 545 782 578 Nomades

110 591 250 634 Libyes,
285 591 339 629 IV,
365 590 444 624 186.
488 591 561 622 eins
596 591 720 623 festum
746 591 780 622 in

108 636 272 670 Busiride
301 638 442 680 oppido,
477 636 526 677 ΙΙ,
549 636 603 669 61.
648 636 725 669 coll.
750 647 779 669 c.

67 728 206 762 Ismaris
226 728 323 762 lacus
345 726 381 760 in
404 725 576 770 Thracia,
606 725 681 767 ΠΙ,
710 725 778 759 109

111 779 182 807 not.

65 819 203 852 Ismenia·
222 817 387 861 Apollinis
409 817 575 860 templum
593 816 737 860 Thebis,
749 817 778 859 Ι,

110 865 167 898 52.
191 863 236 898 92
260 869 330 897 not.
357 863 398 904 V,
423 861 480 896 59.
506 862 597 900 vlll,
621 861 700 896 134.

64 910 234 944 Isonomia
244 909 440 952 (ἰσονομίη,
449 909 536 941 iuris
547 907 776 951 aequalitas),

109 955 262 988 omnium
287 954 530 997 pulcherrima,
554 954 614 986 ΙΙΙ.
637 954 682 987 80
705 958 775 987 not.

0 1004 1 1053 ᾗ
64 1001 232 1035 Issedones
256 1012 333 1044 pop.
359 1000 418 1041 lv,
443 999 489 1033 25
512 1004 581 1032 not.
610 1001 650 1042 *J
683 1005 776 1033 trans

107 1048 243 1081 Araxen
267 1047 302 1078 fl.
327 1058 369 1078 ex
391 1047 536 1078 adverso
560 1045 775 1089 Massageta-

105 1104 184 1126 rum
207 1092 377 1133 habitant,
401 1093 425 1132 Ι,
449 1091 516 1124 201
544 1096 613 1124 not.
637 1091 777 1134 propin-

107 1149 255 1181 quorum
286 1138 456 1170 cadavera
489 1137 682 1180 epulantur,
715 1137 777 1179 lV,

106 1184 166 1218 26.
206 1195 325 1217 eorum
367 1183 505 1216 traditio
537 1184 579 1215 de
613 1182 776 1217 extremis

105 1234 221 1264 terrae
253 1229 386 1269 incolis,
409 1229 470 1271 IV,
495 1228 541 1262 13
565 1232 635 1263 not.
672 1229 717 1263 cf.
742 1241 773 1263 c.

107 1274 151 1309 15
170 1280 203 1308 et
225 1274 282 1308 27.

60 1321 158 1364 lster,
190 1321 225 1354 fl.
250 1319 430 1364 Scythiae,
454 1320 513 1359 IV,
545 1318 591 1353 47
622 1323 695 1354 not.
730 1318 776 1353 48

6 2842 10 2849 r

8 2446 23 2902 ἵ

104 1371 176 1402 not.
210 1378 252 1399 ex
284 1366 389 1399 Celtis
418 1369 451 1399 et
481 1366 616 1409 Pyrene
647 1365 775 1409 oppido

106 1412 244 1447 initium
269 1423 418 1452 sumens,
440 1411 485 1452 ΙΙ,
495 1411 540 1444 33
551 1418 620 1445 not.
630 1422 701 1454 seq.
715 1412 775 1454 ¹*¹²³¹‘)

105 1459 304 1492 universam
328 1459 500 1500 Europam
519 1457 667 1500 perfluit,
691 1457 775 1490 ibid.

104 1504 165 1546 IV,
187 1503 242 1537 49.
266 1515 346 1536 cum
365 1503 444 1537 Mto
468 1508 702 1546 comparatur,
725 1503 773 1546 ΙΙ,

104 1549 152 1583 33
161 1561 230 1592 seq.
253 1561 389 1593 semper
405 1548 472 1582 sihi
490 1549 657 1591 aequalis,
682 1549 775 1581 mul-

105 1600 159 1630 tos
199 1595 327 1639 excipit
358 1594 495 1635 fluvios,
526 1595 587 1634 lv,
624 1593 774 1628 48—50.

105 1640 186 1674 Istri
217 1652 336 1674 cursus
360 1646 393 1674 et
415 1640 538 1683 fontes,
564 1639 610 1680 ΙΙ,
633 1639 680 1674 33
703 1644 772 1674 not.

103 1686 163 1728 lv,
202 1685 248 1720 49
292 1691 362 1721 not.
402 1686 491 1719 ostia
529 1691 670 1725 septem,
709 1686 772 1727 IV,

103 1731 150 1766 47
172 1737 243 1766 not.
267 1732 343 1775 ***)
368 1732 513 1773 collum,
545 1731 610 1774 IV,
633 1731 678 1765 89
702 1736 773 1766 not.

57 1778 204 1812 Isthmus
243 1777 395 1818 Cnidius,
435 1778 464 1820 Ι,
501 1777 580 1811 171.
623 1777 773 1812 isthmus

103 1824 307 1858 Chersonesi
358 1834 458 1857 muro
504 1829 703 1867 praeseptus
750 1834 772 1858 a

102 1870 274 1911 Miltiade,
298 1869 360 1909 VI,
382 1868 438 1902 36.
472 1869 625 1902 Isthmus
649 1869 774 1903 Corin-

104 1915 240 1950 thiacus
279 1926 301 1949 a
341 1914 624 1948 Lacedaemoniis
671 1926 773 1949 muro

102 1962 268 2003 munitus,
301 1961 363 2002 lx,
384 1959 441 1994 10.
465 1960 512 1994 cf.
536 1961 630 2003 vlu,
664 1960 710 1994 40
739 1964 774 1996 et

102 2007 169 2050 lx,
196 2006 232 2042 7.

57 2053 240 2094 Istiaeotis,
263 2052 333 2087 vid.
358 2051 572 2085 Histiaeotis.

57 2099 175 2141 Istria,
194 2099 328 2134 colonia
343 2098 574 2139 Milesiorum,
591 2098 636 2132 ad
647 2098 772 2134 ostium

1469 256 1555 297 515

883 358 963 393 Istri
996 359 1047 399 fl.‚
1076 358 1120 400 ΙΙ,
1145 357 1191 392 33
1219 360 1290 393 not.
1328 358 1389 401 lv,
1412 360 1457 394 78
1481 369 1551 399 not.

885 424 925 430 —-
957 405 1107 439 Istriana
1139 402 1400 448 (Ἰστριηνὴ),
1441 414 1552 441 macer

883 451 1010 495 Scylae
1027 477 1037 494 ,
1071 453 1167 495 regis
1185 452 1404 495 Scytharum,
1427 452 1488 494 IV,
1504 454 1549 486 ’ῖὸ

883 504 955 531 not.

838 544 946 576 Italia
968 546 1002 576 et
1025 542 1199 584 Ιΐαῑίοἰαε,
1223 543 1281 583 1V‚
1306 542 1351 577 15
1374 547 1443 577 not.
1477 543 1549 577 Ita-

880 589 929 621 lia
960 599 1028 629 quo
1063 600 1161 621 sensu
1191 590 1280 631 apud
1321 590 1549 629 Herodotum,

880 634 909 676 Ι,
943 633 1011 666 167
1036 638 1104 666 not.
1137 634 1199 675 ΙΙΙ,
1225 634 1293 667 136
1317 641 1385 670 not.
1420 636 1479 677 IV,
1503 635 1547 670 15

880 683 950 712 not.
978 680 1015 720 V,
1039 678 1085 711 43
1108 685 1178 712 not.
1204 680 1261 719 Vl,
1287 681 1355 713 127
1376 686 1446 715 not.

834 725 966 765 uanus,
1005 735 1083 768 opp.
1119 724 1183 759 ins.
1217 726 1353 768 Cretae,
1395 728 1454 769 IV,
1480 727 1547 762 151

880 776 950 804 not.

834 816 905 850 lter
931 816 1091 849 diurnum
1110 815 1189 849 200.
1213 815 1405 851 stadiorum
1429 819 1549 853 statuit

878 863 1087 903 Herodotus,
1110 862 1167 903 IV,
1193 862 1260 895 101
1284 868 1353 897 not.
1386 865 1444 897 sed
1469 864 1548 901 150.

877 913 1069 948 enumerat,
1106 908 1146 949 V,
1181 907 1226 942 53
1249 913 1320 944 not.
1352 909 1423 943 Iter
1446 911 1547 943 diur-

878 966 961 988 num
992 954 1135 998 naxigio
1166 955 1375 997 consectum,
1409 956 1467 998 IV,
1501 956 1548 990 86

879 1006 950 1033 not.

830 1047 1040 1079 Ithamatres
1063 1045 1182 1088 Persa,
1208 1045 1281 1086 Vll,
1306 1045 1352 1078 67
1374 1050 1443 1080 not.

831 1093 1029 1126 Ithamitres
1053 1091 1154 1134 (olim
1188 1092 1257 1136 leg.
1282 1092 1448 1135 Amitres)
1477 1093 1547 1127 dux

877 1138 993 1171 classis
1003 1149 1083 1170 cum
1093 1137 1172 1170 aliis
1189 1148 1209 1169 a
1234 1139 1344 1171 Xerxe
1359 1138 1393 1171 in
1407 1140 1548 1183 Europa

877 1184 1031 1224 relictus,
1057 1183 1147 1223 5111,
1182 1182 1249 1215 130
1277 1188 1345 1217 not.
1370 1189 1446 1226 post
1482 1197 1546 1228 pu-

876 1241 983 1274 gnam
1014 1229 1056 1261 ad
1094 1230 1257 1270 Mycalen
1280 1230 1367 1274 fuga
1398 1231 1547 1265 salutem

877 1275 974 1318 petit,
998 1275 1060 1311 lx,
1081 1274 1161 1308 102.

831 1321 961 1355 Ithome
994 1320 1070 1363 (uhi
1093 1321 1178 1354 olim
1201 1321 1379 1365 Isthmus),
1413 1321 1476 1365 IX,
1499 1321 1547 1358 35

876 1368 937 1400 ubi
961 1366 1031 1399 vid.
1055 1372 1125 1400 not.

832 1414 965 1447 Iudices
989 1412 1076 1456 regii
1102 1424 1159 1456 ap.
1179 1413 1315 1454 Persas,
1338 1412 1401 1454 ΙΙΙ,
1419 1412 1476 1446 14.
1501 1413 1546 1447 31

877 1465 947 1493 not.
959 1460 998 1501 †)
1016 1458 1118 1491 iudex
1145 1459 1274 1502 requs,
1298 1464 1548 1504 corruptuspe-

876 1505 979 1538 cunia
1017 1503 1223 1545 excoriatus,
1248 1504 1288 1545 V,
1322 1504 1366 1537 25
1390 1511 1460 1539 not.
1500 1506 1545 1539 ob

874 1550 1037 1584 iniustam
1078 1551 1186 1584 latam
1243 1549 1448 1584 sententiam
1486 1562 1547 1586 ca-

875 1597 945 1639 pite
969 1597 1165 1635 damnatus,
1190 1596 1268 1636 VII,
1294 1595 1362 1629 191
1384 1602 1456 1630 not.

828 1643 914 1676 Iuno
946 1641 1104 1686 Argiva3
1146 1641 1220 1674 eius
1261 1642 1401 1682 festum,
1435 1642 1464 1683 I,
1500 1641 1545 1676 31

874 1691 947 1722 not.
986 1688 1154 1730 templum
1177 1698 1285 1730 prope
1310 1688 1426 1720 lucum
1449 1688 1546 1733 Argo

873 1746 1023 1777 sacrum,
1056 1733 1114 1775 VI,
1148 1733 1193 1766 81
1217 1739 1289 1767 not.
1322 1733 1379 1767 82.
1421 1734 1547 1768 Iunoni

875 1780 1018 1814 Samiae
1052 1780 1137 1813 duas
1168 1779 1339 1823 imagines
1369 1791 1411 1813 ex
1446 1780 1547 1824 ligno

874 1827 1024 1868 sculptas
1054 1825 1191 1858 Amasis
1215 1826 1359 1865 dedicat,
1384 1826 1430 1867 ΙΙ,
1464 1826 1544 1860 182.

874 1872 1014 1905 Iunonis
1031 1872 1220 1913 templum3
1243 1870 1287 1904 τὸ
1305 1867 1476 1914 εΗροιῖον,
1500 1872 1546 1905 ad

873 1918 1047 1958 Plataeas,
1072 1917 1136 1957 13,
1158 1916 1215 1949 52.
1239 1916 1297 1950 61.
1321 1917 1394 1949 eius
1419 1929 1547 1950 nomen

873 1963 1054 2007 Aegyptiis
1075 1961 1304 2005 incognitum,
1319 1962 1364 2001 11,
1379 1961 1434 1996 50.
1459 1964 1546 1997 Iuno

875 2009 1088 2042 Graecorum
1108 2009 1198 2041 unde
1218 2009 1332 2050 ducta,
1358 2009 1404 2050 11,
1417 2009 1462 2042 50
1474 2013 1544 2043 not.

828 2054 960 2099 Iupiter
976 2067 986 2087 .·
1010 2055 1138 2087 Persae
1161 2053 1358 2087 universum
1383 2054 1473 2088 coeli
1488 2065 1546 2088 or-

875 2103 954 2134 bem
983 2100 1104 2134 Iovem
1135 2101 1310 2145 appellant
1343 2100 1410 2144 ††)
1445 2103 1546 2145 eique

149 2342 177 2384 ’)
203 2343 298 2377 Conf.
326 2345 477 2390 Halling.
498 2347 633 2382 Annali.
651 2347 776 2383 Vienn.
787 2348 870 2382 LIX
893 2362 928 2395 p.
952 2350 1031 2392 257,
1052 2350 1167 2383 LXIII
1184 2361 1221 2394 p.
1242 2350 1305 2385 179
1322 2355 1357 2383 et
1373 2350 1546 2384 Deutsche

9 2421 12 2427 ,
61 2385 261 2421 Geschicht.
277 2391 292 2421 Ι
311 2404 345 2435 p,
362 2393 416 2426 67,

150 2443 194 2488 '*)
222 2445 303 2478 Cum
320 2449 387 2481 hoc
408 2450 580 2483 Herodoti
597 2450 676 2483 loco
700 2450 801 2483 valde
818 2451 979 2484 convenit
1002 2452 1168 2496 Procopii
1190 2451 1286 2485 locus
1314 2453 1366 2485 De
1387 2453 1541 2486 aedificc.

51 2489 122 2544 JV,
142 2489 176 2531 5,
199 2491 472 2545 sic‘scribemis:
519 2493 672 2530 Κάτεισι
703 2496 768 2539 μὲν
799 2493 836 2538 ἐξ
865 2494 984 2540 ὀρέων
1025 2498 1101 2531 τῶν
1132 2495 1171 2531 ἐν
1191 2499 1344 2537 Κελτοῖς
1376 2496 1544 2540 ποταμὸς

71 2537 210 2578 Ιστρος,
237 2536 274 2570 οἱ
285 2539 410 2573 τοίνυν
425 2538 563 2576 Γάλλοι
584 2539 855 2576 ἐπικαλοῦνται.
904 2545 947 2575 Et
964 2544 1052 2576 bene
1073 2545 1139 2576 hoc
1159 2544 1202 2575 de
1216 2544 1323 2576 Celtis
1341 2544 1410 2576 dici
1428 2556 1542 2589 posse,

59 2592 133 2613 cum
177 2584 353 2617 Germanis
390 2597 508 2620 recens
541 2599 666 2621 nomen
694 2589 834 2632 (Tacit.
863 2589 983 2623 Germ.
1005 2590 1054 2633 2.)
1078 2590 1228 2623 nondum
1254 2589 1410 2623 additum
1438 2596 1542 2632 esset,

61 2626 224 2660 observat
245 2629 357 2662 Kruse
378 2631 428 2665 De
449 2633 528 2665 Istri
549 2635 653 2668 Ostiis
672 2646 706 2678 p.
727 2636 784 2670 ΞΟ.

148 2684 212 2728 Μ)
236 2685 324 2720 Add.
343 2685 454 2719 Kruse
473 2688 517 2721 de
535 2689 614 2724 istri
631 2690 729 2723 ostiis
747 2702 783 2735 p.
807 2692 871 2725 100
893 2701 989 2737 seqq.
1016 2690 1095 2726 coll.
1117 2703 1154 2736 p.
1172 2690 1227 2726 25.
1251 2691 1307 2725 28.

159 2742 199 2786 †)
224 2743 312 2777 Add.
335 2745 362 2777 Ι.
385 2744 429 2777 de
452 2746 622 2781 Hammer.
645 2748 780 2783 Annall.
804 2749 927 2782 Vienn.
952 2748 989 2780 X
1010 2760 1047 2793 p.
1071 2747 1151 2782 241.

34 2827 35 2858 Ῑ
57 2843 124 2880 fert
141 2847 394 2881 Sauscritanum
411 2847 481 2890 Djd
502 2848 527 2884 i.
551 2861 579 2885 e.
603 2851 749 2886 eoelum.

16 2908 26 2969 ἴ

18 2971 40 3046 ἦ

148 2799 213 2842 ††)
241 2801 316 2841 Quo
342 2800 420 2834 loco
441 2802 485 2834 ad
507 2803 670 2837 Graecum
686 2803 761 2838 Δία
779 2806 872 2840 Pott.
895 2805 1052 2849 Etymol.
1077 2804 1315 2851 Forschungg.
1331 2817 1368 2852 p.
1396 2806 1462 2842 100
1483 2805 1539 2840 af·-

1178 2895 1270 2940 33*
