1839 3292
230 195 316 237 416
789 189 1172 228 COMMENTATIO

231 305 299 348 καὶ
320 301 467 356 αὕτάςς
497 318 595 358 quae
617 302 751 346 eadem
767 302 846 340 fere
866 308 1013 338 exstant
1033 302 1071 337 in
1091 302 1174 338 libr.
1205 300 1407 346 Quomodo
1424 299 1724 343 histor-‘consen

233 366 271 411 §.
291 362 345 405 42
366 378 404 416 p.
424 362 478 404 48
497 365 630 398 Herm.
688 358 799 396 Unde
823 357 896 395 hoc
917 364 1017 394 certo
1038 357 1133 393 mibi
1164 359 1342 408 colligere
1357 372 1464 410 posse
1485 356 1628 408 videor,
1642 359 1724 395 Lu-

232 422 331 459 ciani
354 427 476 457 aetate
493 418 591 455 banc
617 423 653 453 et
670 415 950 452 distinctionem
973 421 1009 450 et
1031 414 1325 465 appellationem
1344 417 1423 452 iam
1438 416 1655 462 obtinuisse,
1676 414 1724 452 ab

232 476 520 522 Alexandrinis,
549 474 695 524 opinor,
717 472 851 509 criticis
871 469 1139 517 introductam,
1175 484 1282 522 quos,
1311 479 1352 508 ut
1368 473 1446 508 aliis
1462 485 1589 509 rernm
1603 472 1725 522 scrip-

231 535 393 582 toribus,
422 533 473 568 ita
499 529 694 567 Herodoto
715 529 945 579 peculiarem
974 528 1168 580 quandam
1198 541 1329 564 curam
1352 527 1579 578 impendisse
1608 540 1725 565 nemo

231 592 365 629 nescit.
422 590 500 625 Nec
533 586 667 624 desunt
684 586 824 622 similes
846 598 1004 636 operum
1023 586 1133 621 tituli.
1200 585 1296 621 Bion
1324 583 1473 632 rhetor,
1506 591 1600 622 teste
1625 586 1726 625 ,Dio-

232 661 322 699 gen.
350 648 476 684 Laert.
501 645 563 691 lv,
596 644 661 690 58,
690 655 832 679 novem
852 655 946 694 quos
968 640 1136 678 ediderat
1155 642 1269 678 libros
1292 641 1484 678 Musarum
1507 642 1726 679 nominibus

231 703 432 754 inscripsit.
491 699 788 751 Cephalionem,
829 700 895 751 qui
919 712 1048 735 rerum
1073 699 1232 749 scriptor
1265 697 1474 734 Alexandri
1503 704 1623 734 aetate
1652 698 1727 734 flo-

232 762 349 797 ruisse
370 759 488 796 fertur
508 788 519 806 ,
540 757 714 794 historiae
730 757 843 793 libros
872 757 1002 792 lonico
1017 769 1192 793 sermone
1212 755 1387 805 scriptos,
1431 754 1624 792 Musarum
1652 767 1727 792 110-

232 817 400 855 minibus
428 815 664 865 insignivisse
694 819 822 849 narrat
849 811 1006 849 Photius
1035 814 1133 851 Bibl.
1157 811 1251 849 Cod.
1272 813 1431 848 vam
1451 825 1489 862 p.
1511 809 1564 852 34
1585 809 1726 860 Bekk.,

232 873 413 926 idemque
428 873 558 909 fecisse
569 871 770 907 Aurelium
782 871 947 920 Opilium
963 876 1118 906 testatur
1129 869 1286 906 Sueton.
1308 871 1365 905 De
1385 869 1536 906 illustrr.
1553 869 1728 907 Gramm-

234 945 295 982 cp.
319 933 357 972 6.
414 927 642 975 Aeschines,
682 925 818 964 eodem
838 933 932 964 teste
951 925 1090 963 Photio
1113 925 1206 964 Cod.
1233 927 1322 962 LXI
1345 927 1427 963 init.
1449 939 1488 976 p.
1510 927 1564 966 20
1585 924 1727 974 Bekk.‚

233 989 350 1026 tribus
363 986 592 1023 orationibus
608 985 829 1030 Gratiarum,
838 996 980 1020 novem
991 984 1152 1033 epistolis
1164 982 1212 1019 M
1213 995 1355 1020 asarum
1366 983 1545 1032 imposuit
1555 983 1728 1024 nomina.

233 1046 337 1082 Num
366 1056 456 1081 vero
480 1041 727 1092 Theopompi
757 1047 899 1088 aetate,
931 1041 995 1091 qui
1017 1039 1163 1076 duobus
1184 1040 1286 1075 libris
1304 1046 1528 1089 conceptam
1542 1037 1729 1076 Herodoti

235 1103 429 1152 epitomen
450 1099 636 1149 scripsisse
661 1098 801 1144 fertur,
830 1096 1013 1133 Herodoti
1026 1110 1119 1147 opus
1144 1098 1222 1132 iam
1248 1097 1314 1143 ita,
1337 1097 1390 1132 uti
1409 1109 1512 1132 nunc
1540 1094 1728 1143 videmus,

236 1158 399 1195 divisum
416 1163 452 1193 et
470 1157 695 1206 inscriptum
715 1154 839 1199 suerit,
866 1153 906 1191 id
925 1155 1084 1191 intanta
1098 1154 1402 1205 fragmentorum
1415 1151 1528 1190 huius
1539 1152 1728 1203 epitomae

235 1216 423 1267 paucitate
453 1212 601 1251 definiri
617 1211 763 1264 nequit.
793 1208 834 1259 i¹⁵)

920 1346 959 1392 ᾗ.
992 1344 1057 1387 14.

349 1460 586 1509 Herodotus,
614 1460 875 1497 Halicarnasso
893 1461 1042 1496 Dorum
1062 1458 1210 1496 civitate
1230 1455 1424 1506 oriundus,
1451 1457 1581 1495 Ionica
1598 1464 1731 1495 tamen

238 1519 399 1559 dialecto
426 1520 540 1556 libros
564 1531 650 1555 snos
670 1517 852 1564 condidit,
875 1529 949 1569 qua
975 1515 1111 1552 eadem
1135 1517 1311 1563 Ctesiam,
1333 1511 1402 1564 ἢ)
1444 1516 1730 1566 Hippocratem,
1746 1540 1753 1545 -

236 1577 521 1624 Democritum,
564 1575 655 1612 alios
682 1588 769 1612 usos
786 1587 864 1611 esse
887 1575 1115 1624 accepimus,
1150 1580 1241 1609 tunc
1262 1572 1442 1623 temporis
1473 1573 1642 1609 maxime
1659 1585 1732 1608 ex-

237 1635 340 1673 culta
362 1640 399 1670 et
418 1634 587 1669 florente.
645 1632 701 1668 Ac
720 1633 873 1668 Ionicae
904 1629 1063 1667 dialecto
1093 1628 1332 1666 Herodotum
1364 1629 1492 1676 Sami,
1523 1629 1653 1680 quaiin
1672 1629 1732 1665 in-

236 1693 319 1730 sula
335 1691 484 1740 longius
509 1696 609 1726 certe
628 1689 738 1724 illum
751 1694 1031 1724 commoratum
1051 1700 1128 1723 esse
1147 1698 1260 1737 supra
1281 1685 1446 1722 diximus
1466 1684 1588 1734 (§.4),
1603 1686 1732 1722 assues-

239 1750 336 1786 visse
353 1745 456 1799 quod
470 1747 597 1783 scribit
610 1744 746 1783 Suidas
758 1741 860 1793 ffifflss)
881 1745 965 1781 loco
985 1756 1097 1794 supra
1117 1743 1283 1788 laudato,
1296 1755 1364 1793 pro
1385 1755 1492 1778 mera
1513 1743 1733 1779 coniectura

238 1805 279 1842 id
294 1802 514 1841 habendum
528 1816 605 1839 esse
617 1803 835 1853 pronuntiat
846 1803 989 1851 laeger.
1002 1802 1132 1851 Dispp.
1146 1798 1315 1836 Herodd.
1325 1813 1360 1850 p.
1372 1801 1409 1845 7,
1426 1799 1491 1835 ubi
1511 1799 1563 1835 sic
1583 1799 1725 1849 pergit:

238 1864 340 1911 „Res
357 1868 392 1897 et
408 1873 476 1911 per
487 1873 525 1896 se
538 1872 673 1910 parum
685 1859 888 1909 probabilis
907 1865 942 1894 et
961 1859 1199 1894 convincitur
1210 1857 1362 1894 Samiae
1376 1854 1668 1903 dialectiforma,
1684 1856 1731 1892 ab

238 1918 498 1971 Etymologici
509 1917 638 1965 Magni
659 1916 839 1966 scriptore
857 1921 1016 1962 servata,
1038 1909 1316 1963 Λεύνυσος,-1-)
1339 1914 1384 1949 ab
1406 1911 1590 1949 Herodoti
1611 1911 1733 1949 diale-

240 1983 301 2013 cto
323 1976 459 2011 aliena.
520 1974 691 2010 Dubium
711 1985 789 2009 non
821 1985 899 2010 esse
920 1970 1094 2018 videtur,
1150 1971 1242 2022 quin
1273 1970 1474 2017 dialectus,
1506 1982 1581 2021 qua
1608 1971 1734 2006 Hero-

242 2032 353 2070 dotus
381 2044 469 2069 usus
501 2037 577 2079 est,
617 2030 733 2067 fuerit
762 2029 886 2066 forma
916 2027 1066 2066 dialecti
1101 2028 1254 2065 Ionicae
1282 2027 1425 2076 Carica,
1461 2023 1538 2077 ††)
1583 2024 1732 2075 eadem,

338 2221 370 2263 ⁴⁸)
393 2221 602 2263 Fragmenta
622 2219 720 2253 huius
743 2219 910 2262 epitomae
931 2228 1018 2261 quae
1035 2220 1172 2250 exstant,
1195 2226 1303 2259 pauca
1327 2213 1464 2258 collegit
1486 2216 1523 2247 et
1544 2212 1734 2248 illustravit

242 2269 290 2303 G.
314 2266 495 2300 Fronnnel.
520 2267 553 2299 in
579 2266 742 2299 Creuzeri
759 2265 892 2300 Melett.
915 2265 966 2297 lli
992 2275 1025 2308 p.
1054 2262 1116 2296 135
1141 2273 1236 2306 seqq.

335 2336 395 2380 *Ὅ
420 2336 473 2369 De
497 2334 612 2367 Ctesia'
637 2333 707 2366 dixi
732 2333 763 2366 in
788 2333 946 2376 Prole-gg.
973 2331 1014 2365 ad
1040 2330 1136 2363 Ctes.
1162 2330 1316 2372 sragznm.
1339 2339 1374 2372 p.
1399 2328 1453 2361 520.
1478 2328 1547 2369 21,
1581 2326 1638 2361 ubi
1662 2326 1733 2361 vid.

243 2383 388 2418 Salmas.
410 2382 463 2415 De
486 2380 664 2414 Hellenist.
689 2391 721 2423 p.
738 2379 780 2412 41
795 2377 906 2412 -42
935 2378 988 2411 De
1012 2376 1202 2410 Democrito
1227 2374 1315 2410 conf.
1338 2373 1469 2407 Aelian-
1494 2373 1536 2407 V.
1558 2373 1648 2407 Hist.
1672 2373 1734 2416 IV,

242 2433 299 2466 ΞΟ.
346 2430 399 2464 De
422 2428 634 2472 Hippocrate
658 2425 740 2458 :zatis
758 2428 900 2457 constat.

334 2499 399 2543 m)
425 2496 539 2530 Verba
562 2499 655 2527 sunt:
705 2490 742 2526 ἐν
762 2485 830 2525 οὖν
846 2491 889 2536 τῇ
915 2488 1030 2536 Σάμῳ
1050 2488 1112 2524 καὶ
1132 2486 1200 2532 τὴν
1218 2485 1320 2522 ’Ῑάδα
1345 2483 1495 2531 ἠσκήθη
1531 2485 1733 2521 διάλεκτον.

334 2567 375 2610 †)
400 2566 479 2599 vid.
504 2576 537 2608 p.
563 2562 641 2604 259,
667 2563 711 2596 30
735 2565 770 2595 et:
789 2561 833 2594 cf.
855 2560 1005 2603 Hesych.
1020 2559 1037 2591 I
1061 2571 1095 2604 p.
1120 2557 1198 2597 495,
1223 2557 1280 2591 ubi
1299 2553 1528 2600 (ἕποφλᾶσαν
1547 2552 1733 2601 ρογχάσαι·

243 2613 383 2656 Κρῆτες
402 2610 464 2645 καὶ
484 2607 634 2652 Σάμιοι.
680 2608 835 2641 Fischer.
853 2607 896 2640 ad
923 2605 1060 2639 Weller.
1084 2605 1102 2638 I
1126 2616 1158 2648 p.
1184 2604 1239 2637 54.

335 2680 401 2722 ††)
427 2676 731 2717 He1·0d0t.1‚142.
780 2676 850 2716 Qui
874 2675 966 2708 locus
991 2685 1011 2707 a
1033 2673 1174 2716 laegero
1200 2673 1321 2706 allatus
1345 2672 1394 2705 sic
1424 2683 1461 2705 se
1490 2671 1615 2705 habet:
1657 2668 1733 2702 Mi-

245 2727 353 2769 λητος
370 2723 433 2767 μὲν
448 2722 573 2758 αὐτῶν
589 2720 716 2768 σζρώτη
736 2721 857 2756 κέεται
872 2719 978 2759 πόλις
1007 2717 1101 2762 πρὸς
1126 2719 1371 2763 μεσαμβρίην·
1404 2715 1496 2761 μετὰ
1527 2714 1568 2750 δὲ
1597 2712 1735 2753 Μυούς

243 2783 288 2826 τε,
302 2770 362 2804 καὶ
374 2769 538 2825 ῌριήνη·
566 2768 679 2803 auton
693 2765 759 2811 μὲν
780 2765 819 2802 ἐν
838 2767 884 2813 τῇ
911 2766 1032 2810 Καρίῃ
1050 2766 1308 2808 κατοίκηνται,
1345 2761 1440 2798 κατὰ
1470 2763 1589 2797 ταῦτα
1614 2760 1735 2795 διαλε-

244 2828 397 2863 you-wat
423 2826 500 2860 σφι.
