1839 3292
0 1212 65 1258 28

501 222 534 256 U
563 222 595 257 R
627 222 662 256 A
691 222 844 258 NIA.
902 222 1029 259 V111.

1342 228 1397 265 37

110 330 319 375 4τοιόυδε.
369 327 576 384 γυψώσας
604 327 769 384 ἄνδρας
804 329 1055 382 ἑξακοσίους
1088 332 1175 374 τῶν
1211 330 1398 376 Φωκέων

138 398 239 448 τοὺς
266 397 490 451 άρίστους,
533 395 696 447 αὐτούς
726 413 769 440 τε
799 397 985 447 τούτους
1013 397 1085 440 καὶ
1114 397 1165 441 τοὶ
1183 397 1294 441 ὅπλα
1326 398 1397 443 αὐ-

136 470 235 515 τῶν,
265 463 423 514 νυκτὸς
452 463 692 519 ἐπεθήκατο
722 468 831 506 τοῖσι
873 469 1148 508 Θεσσαλοῖσι·
1187 468 1398 521 προείπας

106 531 322 584 5αύτοῖσι,
354 531 431 574 τὸν
460 530 514 573 ἂν
543 531 600 587 μὴ
615 533 970 598 *λευκανθίζοντα
998 536 1199 584 ἴδωνται,
1225 538 1384 578 τοῦτον

134 602 327 643 κτείνειν.

385 597 568 648 τούτους
598 598 658 640 ὠν
689 599 795 640 αἵτε
826 601 1019 653 φυλακαὶ
1041 605 1130 643 τῶν
1162 605 1449 645 Θεσσαλιὸνΰὸ

134 672 305 720 πρῶται
333 667 508 708 ἰδοῦσαι
537 665 849 722 ἐφοβήθησαν,
880 669 1058 720 δόξασαι
1081 668 1185 711 ἄλλο
1212 685 1253 712 τι
1284 667 1394 713 εἶναι,

135 735 279 788 τέρας,
309 734 382 776 καὶ
406 732 511 788 μετὰ
546 733 624 784 τάς
642 733 843 789 φυλακὰς
863 734 972 791 αὐτὴ
1001 735 1028 792 ἡ
1055 735 1245 792 στρατιή,
1278 736 1392 779 οὕτω

134 801 242 845 ὥστε
271 802 615 856 τετρακισχιλίων
644 806 856 858 κρατῆσαι
885 807 1054 857 νεκρῶν
1092 804 1165 846 καὶ
1195 802 1394 847 ἀσπίδων

135 869 334 919 Φωκέας·
380 872 468 912 τῶν
505 867 581 918 τοὶς
620 869 699 924 μὲν
727 869 908 925 ἡμισέας
928 870 979 920 ,ἐς
999 869 1136 925 ’Ἁβας
1164 870 1392 924 ἀνέθεσαν,

130 937 205 988 τοὶς
235 937 280 980 δὲ
311 937 353 987 ἐς
380 936 608 991 Δελφούς·
641 936 666 993 ἡ
698 938 744 980 δὲ
775 938 932 994 δεκάτη
962 936 1129 994 ἐγένετο
1168 942 1257 982 τῶν
1295 946 1448 995 χρη-70

132 1005 281 1062 μάτων
309 1005 355 1047 ἐκ
385 1004 544 1060 ταύτης
571 1008 646 1059 τῆς
674 1003 831 1061 μάχης,
863 1007 908 1048 οἱ
934 1005 1114 1062 μεγάλοι
1136 1004 1392 1059 ἀνδριάντες

134 1075 178 1117 οἱ
214 1073 311 1127 περὶ
347 1070 425 1114 τὸν
459 1073 646 1125 τρίποδα
685 1077 986 1125 συνεστεῶτες,
1043 1074 1262 1129 ἔμπροσθε
1310 1077 1392 1117 τοῦ

130 1144 243 1198 νηοῦ
271 1143 353 1183 τοῦ
382 1139 429 1182 ἐν
451 1143 676 1194 Δελφοῖσι,
705 1141 780 1183 καὶ
805 1140 944 1194 ἕτεροι
972 1144 1166 1185 τοιοῦτοι
1196 1141 1242 1184 έν
1259 1140 1392 1196 ’Ἀβη-

132 1220 176 1252 σι
232 1207 476 1251 ἀνακέαται.

549 1210 695 1250 Ταῦτα
737 1208 817 1262 μέν
854 1224 938 1251 νυν
978 1207 1057 1252 τὸν
1094 1207 1224 1261 πεζὸν
1264 1207 1445 1261 {wei-75

131 1287 262 1319 σαντο
319 1277 406 1316 τῶν
453 1277 686 1317 Θεσσαλῶν
734 1277 778 1318 οἱ
821 1274 1011 1327 Φωκέες,
1052 1274 1390 1330 πολιορκέοντας

131 1339 341 1392 ἑωυτούς·
372 1343 643 1397 ἐσβαλοῦσαν
661 1341 706 1384 δὲ
727 1340 771 1392 ές
800 1341 881 1397 τὴν
909 1342 1055 1398 χώρην
1073 1344 1210 1385 ἵππον
1242 1340 1389 1383 αὐτῶν

101 1411 409 1468 Ξέλυμῄναντο
445 1407 698 1464 οἷνηκέστως.

766 1408 814 1452 ἐν
850 1409 933 1465 γάρ
962 1413 1016 1466 τῇ
1056 1408 1213 1466 ἐσβολῇ
1241 1407 1270 1465 ἤ
1300 1409 1387 1452 ἐστι

127 1480 237 1524 κατὰ
261 1477 508 1533 Ὑάμπολιν,
540 1475 586 1519 ἐν
604 1474 739 1532 ταύτῃ
759 1475 930 1532 τάφρον
946 1476 1135 1532 μεγάλην
1153 1475 1387 1532 ὀρύξαντες

126 1545 351 1604 ἀμφορέας
397 1542 570 1596 κεινούς
606 1543 649 1596 ἐς
688 1543 825 1601 αὐτὴν
861 1545 1133 1603 κατέθηκαν·
1185 1547 1293 1602 χοῦν
1342 1543 1442 1588 δὲὸῡ

254 1766 347 1818 Cap.
366 1766 545 1803 XXVIII.

122 1844 424 1897 πολιορκέοντας
440 1840 629 1893 ἑωυτούς]
647 1843 726 1881 Ac-

70 1904 255 1940 cusativus
276 1900 592 1953 πολιορκέοντας,
614 1914 721 1952 aquo

68 1961 150 2009 ipso
180 1957 321 2009 pendet
352 1955 546 2005 ἑωυτούς,
585 1958 723 1994 obiecti

68 2016 147 2053 scil.
178 2016 436 2062 accusativus,
483 2015 643 2051 refertur
673 2012 722 2050 ad

67 2069 136 2111 τόν
166 2071 305 2119 πεζὸν,
345 2078 529 2108 structura
556 2070 604 2107 ad
633 2084 722 2107 sen-

68 2140 154 2165 sum
192 2129 314 2179 magis
345 2128 592 2175 conformata,
624 2140 722 2178 quae

68 2185 265 2221 neminem
277 2183 471 2221 offendere
483 2184 604 2221 debet.
627 2183 723 2220 Pho-

70 2253 183 2278 censes
222 2245 294 2278 tam
337 2242 428 2278 male
478 2243 721 2278 tractaverant

73 2296 313 2334 Thessalorum
325 2298 538 2347 peditatum,
570 2298 635 2348 qui
660 2298 723 2346 ip-

71 2365 128 2389 sos
147 2355 187 2389 in
213 2355 439 2390 Parnassum
467 2354 630 2390 inclusos
652 2353 724 2389 ob-

72 2407 214 2445 sidione
233 2410 464 2460 premebant.
514 2408 627 2446 Redit
638 2422 726 2446 ver-

72 2464 165 2500 bum
183 2469 404 2519 πολιορκεῖν
422 2465 497 2504 hoc
516 2465 728 2517 significatu

71 2520 170 2567 vm,
191 2519 257 2561 49.

128 2574 369 2630 έλυμῄναντο
389 2573 636 2629 ἀνηκέστως]
657 2577 721 2615 Ad

71 2638 297 2670 structuram
325 2636 430 2671 verbi
459 2635 723 2687 λυμαίνεσθαι

72 2689 173 2726 conf.
202 2697 297 2727 nott.
327 2689 375 2727 ad
402 2692 499 2740 VIII,
532 2691 581 2733 15
612 2698 648 2728 et
675 2690 722 2728 de

72 2744 250 2783 adverbio
269 2741 490 2796 ἀνηκέστως
504 2747 581 2786 vid.
598 2750 726 2785 Hero-

74 2799 150 2839 dot.
179 2802 209 2850 1,
243 2804 335 2843 137.
362 2803 426 2851 vl,
461 2803 724 2853 12.111‚153.

779 1733 1005 1784 Equitatum
1039 1731 1313 1769 Thessalorum
1342 1733 1441 1766 insa-

779 1790 895 1827 nabili
905 1789 1011 1826 clade
1032 1789 1240 1825 affecerunt
1260 1785 1440 1823 Phocen-

777 1859 849 1892 ses,
870 1844 972 1882 unde
992 1858 1192 1898 uunquam
1211 1845 1308 1882 vires
1327 1854 1440 1879 recu-

778 1915 911 1953 perare
931 1909 1097 1953 possent.
1153 1904 1211 1938 De
1229 1899 1440 1937 Thessalo-

779 1972 867 1996 rum
888 1961 1058 2011 equitatu
1078 1958 1180 1998 conf.
1205 1964 1297 1994 nott.
1320 1955 1368 1992 ad
1391 1956 1436 2003 V,

833 2067 932 2109 κατὰ
959 2066 1205 2120 ““Υάμπολιν]
1248 2067 1437 2117 Hyampo*

778 2128 823 2165 lis
843 2129 882 2164 in
911 2125 1169 2163 Phocensium
1189 2125 1330 2162 ditione
1366 2124 1436 2161 sita

775 2185 854 2220 iam
884 2185 1052 2220 Homero
1077 2183 1149 2220 fuit
1167 2182 1341 2232 cognita,
1368 2180 1436 2218 sed

777 2241 878 2278 bello
910 2241 1062 2276 Persico
1096 2246 1132 2276 et
1171 2245 1302 2288 postea
1337 2238 1436 2274 bello

778 2310 884 2334 sacro
914 2309 1042 2332 eversa
1063 2303 1127 2332 est.
1157 2296 1215 2331 De
1236 2296 1317 2345 ipso
1338 2294 1435 2339 loco,

782 2366 857 2405 quo
876 2353 946 2389 fuit
966 2359 1166 2397 exstructa,
1189 2349 1289 2387 haud
1305 2351 1435 2400 liquet

781 2409 890 2447 Cous.
918 2410 1105 2445 Mannert.
1136 2409 1221 2445 VIII
1247 2419 1333 2457 pag.
1359 2409 1438 2447 176

781 2479 860 2518 seq.
892 2466 933 2503 G.
966 2467 1008 2503 Ο.
1028 2466 1175 2502 Muller.
1207 2462 1437 2500 Orchomen.

783 2535 871 2574 pag.
901 2521 982 2564 496
1008 2536 1063 2573 sq.
1096 2519 1178 2561 499
1209 2520 1291 2557 coll.
1311 2532 1348 2569 p.
1370 2521 1436 2560 39,

777 2579 843 2620 40.
873 2580 993 2615 Kruse
1012 2577 1108 2614 Hell.
1127 2578 1174 2622 11,
1195 2578 1221 2615 2
1240 2590 1276 2626 p.
1297 2575 1362 2616 75.
1378 2596 1434 2602 -h

778 2635 877 2671 Cum
897 2633 969 2671 hac
990 2641 1120 2670 autem
1139 2631 1320 2668 Herodoti
1342 2644 1434 2667 nar-

777 2693 924 2728 ratione
953 2689 1000 2727 de
1028 2688 1284 2727 Phocensium
1301 2687 1436 2725 fraude

779 2747 1022 2785 conferantur
1057 2746 1267 2783 Pausaniae
1294 2752 1331 2783 et
1356 2746 1435 2782 Po-

780 2805 908 2856 lyaeni
927 2804 1000 2841 loci
1023 2816 1135 2854 supra
1149 2801 1303 2840 laudati.
