1839 3292
241 971 340 1015 133

74 1034 217 1063 Consulta
237 1036 316 1062 inter

73 1068 289 1098 hibernandum
306 1077 326 1097 a

402 189 485 230 182

798 184 1262 224 HERODOTI

402 297 445 347 ἔς
473 295 554 352 τὴν
580 294 768 351 Ἰωνίην·
807 297 849 337 οἳ
880 291 1134 348 προήγαγον
1173 291 1334 344 αὐτούς
1370 291 1494 348 μόγις
1533 291 1656 348 μέχρι

371 363 569 419 3Δήλου.
625 363 673 405 τὸ
711 361 794 417 γάρ
834 358 1091 414 προσωτέρω
1132 362 1221 401 πᾶν
1259 358 1404 403 δεινὸν
1446 355 1503 414 ἦν
1540 365 1655 405 τοῖσι

388 431 577 486 ““Ἐλλησι,
607 428 709 472 οὔτε
738 432 826 470 τῶν
855 426 1008 482 χώρων
1032 424 1153 468 ἐοῦσι
1176 425 1426 480 ἐμπείροισι,
1457 431 1712 484 στρατιῆςὲο

401 515 444 542 τε
475 498 614 541 πάντα
643 497 750 540 πλέα
780 495 920 539 ἐδόκεε
946 491 1076 536 εἶναι·
1110 491 1189 547 τήν
1220 493 1263 536 δὲ
1282 493 1440 547 Σάμον
1469 494 1656 538 ἐπιστέα-

371 570 452 608 4το
484 564 588 620 δόξῃ
618 565 690 607 καὶ
715 562 950 618 Ἡρακλέας
980 560 1135 616 στήλας
1165 562 1262 603 ἰ’σον
1293 558 1477 614 ἀπέχειν.
1528 561 1656 605 συνέ-

399 647 526 675 πιπτε
567 630 613 674 δὲ
656 636 856 683 τοιοῦτο,
902 629 1010 672 ὥστε
1048 626 1150 678 τούς
1197 629 1272 682 μὲν
1311 626 1567 682 βαρβάρους
1605 628 1655 672 τὸ

399 701 508 753 πρὸς
539 698 716 754 ἑσπέρης
746 698 946 751 ἀνωτέρω
968 696 1128 752 Σάμου
1157 695 1214 750 μὴ
1244 699 1408 750 τολμᾶν
1429 699 1658 739 καταπλῶ-

404 779 494 818 σαι,
525 766 940 821 καταρρωδηκότας·
970 765 1074 815 τοὺς
1116 764 1160 807 δὲ
1188 763 1423 819 ““Έλληνας,
1457 761 1658 819 χρηϊζόν-

403 852 489 878 των
521 837 660 883 Χίων,
692 833 741 876 τό
775 833 882 886 πρὸς
916 833 995 889 τὴν
1025 831 1089 888 ἦῶ
1119 832 1344 885 κατωτέρω
1380 829 1543 887 Δήλου.
1576 830 1653 875 οὕ·
1668 837 1713 872 25

404 918 463 945 τω
493 903 588 952 δέος
618 902 666 944 τό
700 900 831 955 μέσον
862 899 1080 955 έφύλασσέ
1115 911 1273 954 σφεων.

524 971 576 1012 Οἱ
620 969 698 1024 μὲν
735 968 788 1024 δή
824 967 1028 1023 ’Έλληνες
1068 967 1235 1010 ἔπλωον
1290 965 1332 1016 ές
1365 964 1446 1021 τὴν
1482 968 1656 1020 Δῆλον·

405 1036 663 1089 Μαρδόνιος
692 1036 737 1079 δὲ
765 1035 866 1090 περὶ
893 1034 972 1092 τὴν
995 1037 1231 1089 Θεσσαλίην
1260 1033 1458 1089 ἐχείμαζε.
1509 1033 1657 1077 ἐνθεῦ-

345 1245 560 1296 glexerunt.
580 1265 636 1274 —-
659 1246 703 1282 In
724 1255 830 1295 seqq.
849 1240 897 1279 ad
912 1254 1002 1293 par-

343 1303 476 1339 ticulas
497 1299 589 1342 οὔτε
609 1313 703 1341 -τε
731 1299 808 1338 vid.
835 1305 932 1337 nott.
953 1297 1002 1336 ad

346 1360 409 1407 VI,
433 1361 469 1398 1.

402 1411 476 1464 τήν
498 1410 541 1454 δὲ
566 1409 707 1464 Σάμον
732 1409 931 1452 ἐπιστέατο
964 1425 1001 1449 κ.

346 1485 381 1511 τ.
400 1472 453 1518 λ.]
477 1471 503 1507 i.
534 1484 566 1507 e.
592 1470 735 1507 Samum
772 1468 1002 1519 opinabantur

349 1539 456 1577 aeque
494 1527 624 1564 distare
652 1527 713 1573 (ab
735 1527 901 1576 ipsorum
923 1524 1003 1561 scil.

348 1582 488 1634 patriai)
518 1586 622 1632 atque
653 1583 832 1619 columnas
868 1581 1006 1618 Hercu-

350 1640 442 1681 leas,
479 1653 569 1691 quas
603 1652 717 1675 nemo
738 1639 855 1675 nescit
883 1650 1008 1674 reino-

349 1697 507 1733 tissimas
528 1696 621 1745 fingi
642 1695 689 1732 ad
706 1702 920 1731 extremum
941 1707 1008 1730 oc-

351 1752 540 1789 cidentem
556 1754 596 1787 in
620 1759 790 1789 extrema
811 1746 914 1787 orbis*
930 1757 1008 1786 ter-

350 1822 478 1846 rarum
506 1808 584 1845 orti.
619 1832 669 1837 —
713 1807 774 1844 Ad
796 1806 1007 1846 συνέπιπτε

353 1862 452 1904 ὥστε
473 1866 573 1901 conf.
595 1871 689 1901 nott.
706 1864 753 1900 ad
776 1865 871 1911 VIII,
898 1863 961 1903 15.

410 1917 512 1960 οὕτω
551 1921 636 1967 δέος
669 1917 713 1959 τό
744 1919 865 1970 μέσον
899 1914 1001 1969 ἐφύ-

350 1976 469 2016 λασσέ
490 1978 641 2026 σφεων]
681 1978 786 2013 Bene
807 1975 1007 2025 Schweig-

351 2031 575 2070 haeuserus:
610 2032 696 2081 „Ita
724 2047 811 2083 qnae
840 2035 876 2070 in
898 2033 1008 2069 medio

351 2094 573 2139 utrorumque
591 2094 700 2137 erant,
719 2091 757 2126 ob
777 2089 915 2126 illorum
936 2102 1005 2125 me-

352 2149 426 2183 tum
453 2149 491 2183 in
518 2150 592 2183 tuto
616 2146 805 2196 sueruntf‘
862 2147 918 2181 De
949 2157 1007 2180 ar-

352 2209 535 2253 gumento
557 2204 630 2239 loci
649 2204 700 2239 sic
718 2202 879 2253 disputat
897 2201 1008 2238 Wes-

353 2259 452 2296 sel.:
514 2258 718 2306 „Formido
768 2259 925 2308 urgebat
961 2270 1010 2293 ex

352 2316 554 2352 Persarum
584 2317 753 2352 maximo
800 2320 1009 2364 potentatu,

353 2378 436 2408 tum
464 2373 590 2418 etiam,
633 2371 737 2422 quod
779 2372 1012 2407 Graecorum

352 2429 464 2464 multi
498 2429 671 2464 accuratu
700 2428 921 2464 ulteriorum
951 2427 1012 2462 lo-

355 2497 488 2521 corum
508 2485 638 2520 notitia
660 2483 923 2520 deficerentur.
953 2485 1009 2519 De

354 2542 480 2578 multis
501 2542 657 2592 loquor:
688 2553 779 2577 nam
796 2539 1010 2577 Athenien-

352 2597 454 2633 sibus
476 2610 539 2633 ora
560 2598 671 2634 Asiae
692 2604 728 2634 et
753 2596 941 2633 Thraciae
962 2594 1012 2632 ad

353 2653 646 2703 Hellespontum
704 2653 1011 2703 navigationibus

354 2708 395 2744 in
417 2709 586 2758 Sigeum,
617 2708 825 2760 Ephesum,
855 2708 1013 2747 Cherso-

358 2777 569 2817 nesumque
591 2767 888 2817 exploratissima
908 2772 1011 2814 erat3

1057 1253 1184 1293 neque
1217 1239 1412 1291 Spartanis
1431 1240 1583 1290 ignotus
1608 1239 1717 1278 Sami

1055 1299 1292 1349 viciniaeque
1312 1298 1401 1334 situs
1418 1298 1484 1345 111,
1505 1296 1573 1338 46.
1602 1296 1717 1334 Haud

1058 1354 1221 1392 districte
1260 1366 1349 1404 ergo
1388 1352 1483 1391 haec
1517 1352 1716 1404 sumenda,

1057 1425 1128 1448 nec
1151 1410 1197 1447 de
1219 1411 1395 1447 omnibus
1416 1411 1574 1447 omnino
1595 1412 1718 1448 Grae-

1059 1470 1123 1515 cis,
1144 1468 1252 1504 sicuti
1272 1467 1459 1517 accepisse
1479 1466 1629 1504 videtur
1648 1468 1718 1504 Li-

1059 1525 1194 1561 bauius
1214 1524 1274 1561 Or.
1296 1525 1393 1560 XIX
1420 1538 1459 1574 p.
1485 1522 1607 1563 480.“
1639 1524 1718 1561 Ve-

1061 1581 1215 1618 risimile
1236 1579 1386 1617 videtur
1412 1581 1616 1617 vernaculo
1655 1581 1718 1616 in-

1063 1638 1230 1689 terpreti,
1267 1635 1442 1685 Schoen,
1482 1635 1722 1674 Herodotum

1063 1693 1158 1731 haec
1191 1694 1398 1744 scripsisse,
1437 1706 1513 1745 quo
1548 1700 1722 1744 tempore

1063 1749 1237 1787 nondum
1259 1763 1345 1786 eam
1365 1750 1435 1787 sibi
1466 1751 1722 1801 acquisivisset

1064 1809 1297 1844 Graecorum
1318 1808 1357 1842 in
1372 1808 1525 1857 Europa
1545 1805 1722 1843 habitan-

1061 1865 1160 1901 tium
1180 1876 1390 1914 eorumque
1411 1864 1463 1899 rei
1485 1863 1627 1900 navalis
1654 1875 1723 1900 co-

1062 1921 1285 1971 gnitionem,
1304 1933 1419 1971 quam
1434 1918 1591 1970 posthac
1611 1919 1721 1956 illum

1063 1983 1275 2014 assecutum
1305 1990 1407 2024 esse,
1442 1976 1506 2012 alii
1524 1977 1721 2013 Musarum

1063 2034 1138 2070 loci
1167 2034 1316 2084 egregie
1349 2032 1500 2070 docent.
1557 2033 1614 2069 Ac
1634 2033 1721 2070 satis

1066 2091 1279 2139 cognitum,
1310 2103 1387 2126 nou
1408 2102 1485 2126 uno
1507 2087 1721 2140 eodemque

1062 2153 1194 2183 tenore
1216 2147 1262 2182 ab
1283 2147 1388 2182 initio
1408 2158 1527 2197 usque
1548 2144 1722 2182 adfinem

1064 2201 1248 2239 Herodoti
1268 2202 1380 2238 libros
1393 2216 1470 2238 esse
1480 2202 1724 2252 conscriptos,

1065 2258 1131 2296 sed
1143 2260 1230 2294 alias
1247 2265 1368 2308 partes
1382 2259 1494 2308 prius,
1507 2259 1595 2295 alias
1607 2259 1724 2295 serius

1070 2322 1254 2352 exaratas.
1313 2315 1419 2352 Sami
1459 2321 1587 2351 autem
1622 2321 1659 2352 et
1702 2327 1726 2352 a

1070 2373 1207 2409 Samiis
1234 2371 1326 2407 haec
1352 2372 1594 2422 probabiliter
1614 2384 1725 2408 acce-

1066 2430 1162 2479 pisse
1183 2427 1420 2464 Herodotum
1446 2427 1655 2480 itidemque
1674 2428 1725 2464 li-

1066 2486 1152 2521 teris
1189 2486 1427 2535 consignasse
1456 2484 1561 2521 idem
1596 2485 1724 2523 statuit

1066 2539 1232 2580 Schoell.

1225 2629 1317 2681 cap.
1339 2630 1553 2670 cxxxm.

1124 2706 1312 2761 ἐχείμαζε]
1343 2708 1428 2748 Vid.
1449 2716 1546 2750 nott.
1566 2706 1614 2745 ad
1625 2708 1723 2755 VIII,

1070 2767 1160 2807 113.
1233 2766 1338 2813 Quae
1376 2773 1608 2818 sequuntur:
1659 2763 1726 2806 ἐν·
