1839 3292
250 205 333 247 47⁰

294 326 379 352 vera
399 315 452 359 (s.
473 315 649 360 homines)
672 326 739 349 non
762 315 973 349 mmburun-

294 366 352 397 tur
385 361 480 406 apud
509 363 646 403 Persas,
676 361 738 403 ΙΙΙ,
761 361 807 394 16
829 365 900 396 not.
940 362 970 405 Ι,

293 408 351 443 86.
375 408 546 442 cadavera
564 407 655 451 apud
686 407 840 440 Graecos
870 418 970 440 com-

294 455 476 495 buruntur,
514 454 578 495 111,
609 452 666 486 38.
707 453 856 487 cadaver
887 452 970 498 igno

294 501 498 535 comburere
519 504 554 533 et
577 498 691 532 Persis
723 502 758 533 ct
788 499 970 544 Aegyptiis

294 546 392 580 nefas
408 549 471 587 est,
494 545 558 586 ΙΙΙ,
581 544 636 578 16.
660 545 705 578 ab
722 555 787 578 ave
804 551 864 580 aut
883 556 969 579 cane

293 592 464 635 discerpta
493 591 584 632 apud
616 592 739 624 Persas
769 594 863 626 terra
884 603 968 625 con-

293 638 431 678 duntur,
443 636 559 677 1‚140.
582 637 671 679 apud
683 637 867 681 Aethiopes
876 638 969 671 vitro

294 683 519 725 circumdata,
528 683 590 724 ΙΙΙ,
600 683 657 718 2-1.
668 683 820 718 incerata
831 685 968 727 etplau-

295 729 376 764 stris
405 728 641 764 circumvecta
672 730 764 772 apud
807 730 970 773 Scythas,

294 776 354 817 lv,
376 775 422 810 71
446 779 515 809 not.
538 776 598 817 IV,
622 775 668 809 73
680 780 803 810 not.-——
828 776 886 810 78.
910 788 970 810 ca-

292 821 401 901 ‹Ilager
435 822 565 856 Orestis
595 825 728 866 septem
760 822 970 862 cubitorum,

312 893 322 908 ,
363 868 384 902 8
406 872 476 904 not.

249 913 402 949 cadmea
431 913 580 947 victoria
616 913 894 958 (proverbialiter
918 914 970 947 ita

294 960 421 1003 dicta).
454 960 733 994 Phocaeensibus
763 959 905 1004 obtigit,
941 961 969 1002 1,

293 1005 362 1039 166
392 1009 461 1039 not.

250 1052 422 1086 Cadmeae
443 1051 577 1092 literae,
602 1051 644 1092 V,
670 1049 716 1086 59
739 1054 811 1085 not.

250 1098 403 1137 Cadmei,
436 1097 463 1138 Ι,
498 1097 577 1131 146.
609 1098 775 1141 Pelasgos
815 1097 966 1139 efficiunt,

293 1143 322 1184 Ι,
345 1142 393 1178 56
426 1146 496 1177 not.
530 1143 674 1177 Cadmei
698 1145 743 1178 ab
766 1143 907 1188 Argivis
930 1156 967 1176 e-

293 1188 390 1231 iecti,
416 1189 457 1232 V,
481 1187 527 1224 57
549 1194 620 1224 not.
644 1189 700 1223 61.
727 1190 762 1224 in
785 1202 844 1224 eos
867 1201 970 1235 expe-

295 1235 381 1269 ditio
404 1235 677 1277 Atheniensium,
700 1236 763 1275 lx.
788 1236 846 1271 27.

249 1281 412 1318 Cadmus.
433 1281 605 1326 Agenoris
628 1282 679 1316 fil.
693 1307 702 1324 ,
726 1283 784 1324 lv,
809 1282 876 1316 147
899 1284 971 1315 not.

294 1328 336 1367 V,
367 1326 413 1361 58
446 1332 480 1362 et
510 1326 567 1362 59.
606 1328 760 1362 Semeles
791 1333 900 1372 pater,
925 1329 969 1370 ΙΙ,

293 1372 350 1407 45.
374 1374 418 1407 ad
433 1373 594 1408 Theram
611 1374 807 1418 adpellitur,
824 1375 882 1415 IV,
891 1374 970 1408 147.

295 1419 389 1454 venit
419 1419 456 1453 iu
486 1420 683 1464 Boeotiam,
707 1420 753 1464 II,
778 1420 833 1455 49.
860 1422 902 1465 1⁷,
926 1420 971 1455 57

294 1468 366 1500 not.

250 1511 413 1551 Cadmus,
448 1512 560 1554 Cone,
592 1511 749 1557 Scythae
771 1513 835 1553 fil„
863 1513 971 1546 homo

293 1557 447 1592 institiae
469 1557 645 1593 amantiss.
658 1583 668 1601 ‚
693 1559 787 1601 VIII,
813 1558 891 1593 163.
905 1559 972 1593 164

294 1606 366 1638 not.

250 1649 406 1693 (Inclyta,
430 1659 561 1693 magna
582 1648 710 1694 Syriae
732 1650 825 1692 urbs,
847 1650 890 1689 ΙΙ,
903 1649 972 1684 159

295 1700 366 1729 not.
398 1695 542 1729 Excute.
576 1707 609 1738 p.
644 1695 713 1730 922
736 1708 804 1741 seq.
837 1698 868 1741 ’)
903 1708 972 1731 non

295 1741 410 1775 minor
432 1752 536 1785 quam
561 1741 706 1784 Sardes3
732 1753 754 1776 a
775 1742 870 1777 Neco
888 1754 973 1788 rege

295 1792 504 1831 expugnata,
531 1787 592 1826 ΙΙΙ,
616 1786 650 1821 5.

251 1834 385 1912 Ca2enus
407 1837 441 1868 et
468 1834 634 1868 Caenides
656 1833 795 1877 Eetion,
819 1835 860 1876 V,
871 1834 917 1870 92
939 1836 973 1879 §-

342 1882 413 1913 not.

252 1925 378 1959 Caicus
401 1924 452 1967 fl.‚
485 1924 563 1966 vll,
594 1923 652 1958 42.
678 1924 802 1959 Caicus
833 1937 976 1969 campus

297 1968 461 2050 ἓξοὶϊκον
494 1970 656 2016 πεδίον),
687 1972 882 2017 Mysorum,
916 1973 974 2016 w,

359 2021 432 2050 not.

252 2063 401 2097 Galacta
424 2060 544 2107 (Καλὴ
563 2058 677 2108 Ἆκτή,
702 2063 725 2097 i.
738 2075 768 2097 e.
785 2064 973 2098 Pulchrum

297 2108 430 2152 littus),
456 2108 491 2142 in
511 2109 636 2143 Sicilia
659 2111 880 2154 Tyrrheniae
911 2111 974 2144 ob-

296 2165 407 2194 versa,
433 2154 493 2196 vl,
509 2154 555 2188 22
578 2159 648 2190 not.
673 2168 743 2199 seq.

253 2201 418 2234 Calamus
441 2212 468 2235 s.
499 2202 632 2237 arundo
663 2202 795 2244 Indica,
828 2202 904 2246 vll,
927 2201 974 2237 64

298 2250 369 2282 not.
394 2244 440 2281 65
463 2250 533 2281 not.

783 210 812 248 Ι.
843 208 1003 245 INDEX
1031 207 1223 245 RERUM.

1031 315 1289 360 [Calaminthae
1315 327 1396 361 opp.
1419 315 1548 361 Libyae
1575 327 1616 351 ex
1630 316 1744 351 Hero-

1072 362 1154 395 doto
1171 367 1378 395 memoratur
1388 364 1483 406 apud
1502 362 1622 405 Steph.
1639 363 1744 408 Byz.]

1027 407 1215 440 Calantiae
1236 407 1402 449 Indi,111‚
1414 408 1472 442 97.
1495 408 1554 442 vid
1572 409 1746 444 Calatiae.

1027 453 1227 494 Calasiries,
1258 452 1425 498 Aegyptii
1455 459 1676 500 pugnatores,
1699 456 1746 497 11,

1071 499 1140 534 164
1174 503 1244 533 not.
1269 518 1311 524 -
1337 499 1416 534 168.
1447 500 1510 543 lx,
1541 499 1599 538 32.
1633 501 1747 536 solam
1819 503 1821 505 ’

1068 557 1145 579 rem
1175 545 1365 579 militarem
1395 551 1565 590 exercent,
1596 547 1642 590 ΙΙ,
1666 547 1746 582 166.

1069 603 1190 626 eorum
1234 590 1442 635 stipenffium
1473 595 1510 626 et
1551 594 1747 635 commoda,

1070 638 1116 679 ΙΙ,
1149 637 1229 671 168.
1261 642 1452 679 armatura,
1484 637 1558 680 vn,
1581 638 1627 673 89
1649 640 1748 682 (coll.

1070 684 1099 725 Ι,
1130 683 1211 718 135.
1243 683 1302 725 IV,
1335 683 1434 728 180.)
1467 683 1528 725 ΙΧ,
1551 684 1610 718 32.
1644 686 1747 720 Cala-

1070 730 1195 765 sirinm
1232 729 1327 765 nomi
1361 741 1388 764 s.
1419 730 1669 774 praefecturae,
1700 732 1746 774 ΙΙ,

1071 776 1151 810 166.

1027 821 1211 864 Οαίαεὶνίε,
1234 821 1340 856 vestis
1363 832 1499 863 nomen,
1535 821 1581 863 II,
1604 821 1649 856 81
1673 826 1747 857 not.

1026 868 1190 903 Calatiae
1223 868 1297 902 lndi
1320 869 1518 912 parentibus
1548 872 1747 910 vescuntur,

1070 914 1133 955 III,
1169 913 1215 948 38
1238 917 1309 950 not.
1332 918 1369 948 at
1402 925 1481 958 cap.
1503 914 1549 948 97
1583 920 1653 951 not.
1685 927 1746 950 vo-

1073 964 1196 993 cantur
1220 960 1410 994 Calantiae.

1026 1007 1186 1046 Calchas,
1210 1006 1289 1049 VII,
1312 1005 1357 1039 91
1375 1008 1446 1039 not.

1025 1051 1271 1093 Galeheclouia,
1309 1051 1369 1093 IV,
1401 1051 1459 1088 85.
1506 1051 1747 1095 calchedonii,

1067 1102 1101 1131 et
1125 1097 1360 1140 Chalcedonii,
1399 1101 1433 1132 et
1457 1097 1504 1134 cf.
1525 1101 1597 1132 not.
1620 1098 1666 1133 ad
1688 1099 1746 1142 lv,

1072 1143 1151 1179 144.
1173 1144 1214 1186 V,
1235 1143 1292 1178 26.

1027 1190 1247 1224 calculorum
1277 1188 1380 1224 ludus
1403 1188 1565 1224 inventus
1587 1199 1609 1224 a
1629 1189 1749 1235 Lydis,

1027 1283 1238 1322 Callatcbm,
1276 1281 1358 1315 urbs
1390 1279 1546 1325 Lydiae,
1585 1281 1662 1323 VII,
1700 1281 1747 1315 31

1074 1331 1144 1362 not.
1169 1328 1214 1362 T.
1239 1327 1290 1360 ΙΙΙ
1315 1339 1346 1370 p.
1371 1326 1452 1361 822.

1029 1375 1217 1416 Calliades,
1243 1374 1375 1408 archon
1398 1373 1545 1415 Athen„
1570 1372 1667 1413 VIII,
1691 1372 1748 1407 51.

1030 1422 1163 1455 Callias
1186 1420 1311 1461 Eleus,
1344 1431 1385 1452 ex
1407 1419 1622 1453 Iamidarum
1644 1419 1748 1453 fami-

1073 1467 1133 1507 lia,
1158 1466 1338 1506 vaticinus,
1363 1466 1407 1506 V,
1429 1465 1488 1499 44.
1510 1463 1567 1500 45.

1030 1513 1174 1554 Callias,
1219 1511 1413 1554 Phaenippi
1448 1511 1516 1552 fit,
1559 1510 1750 1554 Hipponici

1073 1563 1186 1602 pater,
1215 1559 1308 1592 bona
1338 1557 1510 1591 Pisistrati
1538 1557 1681 1591 Athenis
1712 1570 1750 1591 c-

1073 1604 1154 1638 iecti
1186 1614 1291 1637 ausus
1315 1614 1450 1644 emcre;
1480 1602 1620 1637 filiabus
1651 1608 1749 1646 pote-

1073 1654 1198 1684 statem
1230 1650 1306 1689 dat,
1339 1649 1505 1683 maritum
1535 1649 1614 1689 sibi,
1646 1661 1750 1692 quem

1072 1706 1229 1739 quaeque
1261 1694 1357 1738 velit,
1391 1694 1559 1740 eligendi,
1591 1695 1648 1736 VI,
1683 1695 1749 1729 121

1073 1746 1145 1777 not.
1167 1742 1247 1775 122.
1271 1742 1316 1775 ct'.
1340 1745 1411 1775 not.

1030 1788 1176 1829 Callias,
1219 1787 1409 1831 Hipponici
1453 1787 1517 1827 fil..
1560 1787 1750 1821 Athenien-

1075 1834 1167 1867 sium
1190 1834 1340 1878 legatus,
1364 1832 1439 1876 ΠΙ,
1464 1831 1531 1866 151
1556 1836 1627 1867 not.

1031 1881 1248 1920 Callicrates,
1285 1879 1426 1923 eiusque
1457 1879 1569 1913 virtus
1590 1882 1626 1913 et
1647 1879 1751 1913 mori-

1075 1925 1184 1960 bundi
1213 1926 1357 1966 dictum,
1389 1926 1452 1966 lx,
1483 1924 1543 1958 72.
1580 1924 1654 1959 eius
1690 1938 1749 1959 se-

1074 1972 1238 2051 pglcrum
1249 1972 1342 2016 apud
1356 1971 1662 2013 Lacedaemonios,
1686 1972 1751 2016 IX,

1029 2065 1266 2099 Callimachus
1298 2063 1545 2105 Aphidnaeus,
1575 2063 1751 2107 polomor-

1070 2111 1176 2152 chus,
1201 2111 1262 2149 VI,
1286 2110 1354 2143 169
1382 2109 1456 2143 eins
1485 2109 1597 2144 virtus
1629 2112 1664 2143 et
1695 2108 1750 2142 in-

1072 2157 1205 2198 teritus,
1231 2156 1288 2198 VI,
1313 2155 1382 2189 114
1406 2159 1479 2189 not.

1028 2201 1246 2246 Gallipidae,
1291 2213 1370 2245 pop.
1408 2199 1594 2245 Scythiae:
1642 2199 1750 2234 iidem

1073 2252 1108 2283 et
1133 2247 1259 2283 Graeci
1285 2247 1452 2293 Scythae,
1478 2246 1538 2290 IV,
1563 2246 1609 2281 17
1631 2249 1704 2282 not.

253 2441 399 2475 namque
416 2435 574 2464 naturam
595 2427 743 2461 transire
761 2426 840 2462 rati.
888 2427 978 2469 Quin
996 2428 1086 2472 apud
1105 2427 1297 2462 Tibetanos
1318 2426 1501 2461 dilacerari
1517 2432 1672 2460 mortuos
1689 2426 1747 2458 id-

256 2489 321 2521 que
338 2478 374 2510 in
390 2477 525 2510 honore
543 2475 628 2519 poni
646 2480 797 2507 narrant.
843 2473 924 2507 vid.
948 2475 1160 2517 description
1179 2475 1225 2507 du
1242 2474 1362 2516 Tibet,
1387 2473 1516 2507 traduit
1546 2473 1594 2506 du
1613 2472 1748 2506 chinois

255 2535 318 2567 par
340 2523 374 2556 le
392 2524 428 2556 P.
452 2522 645 2567 Hyacinthe
669 2519 869 2553 Bitchourin
892 2520 945 2553 ed.
964 2533 1028 2566 par
1045 2520 1219 2565 Klaproth
1237 2520 1332 2553 Paris
1357 2520 1443 2555 1831
1464 2520 1571 2564 p.92.

347 2591 377 2634 ⁹)
410 2591 498 2625 Adel.
531 2590 622 2623 Keil.
645 2589 828 2634 Apologet.
846 2589 1002 2624 Versuch
1025 2589 1112 2622 iiber
1132 2589 1166 2621 d.
1184 2588 1290 2620 Biich.
1309 2588 1343 2620 d.
1364 2587 1524 2621 Chronic.
1553 2587 1642 2622 1833
1669 2598 1748 2630 pag.

256 2634 323 2670 434
332 2647 440 2680 seqq„
459 2637 518 2681 qui
534 2648 599 2669 una
610 2637 864 2679 Hierosolyma
880 2635 915 2668 in
926 2636 1122 2669 Herodotea
1144 2634 1228 2666 urbe
1250 2634 1378 2676 Oadyti
1397 2632 1539 2677 agnosci
1557 2643 1661 2676 posse
1673 2632 1745 2664 evi-

258 2681 325 2718 cit3
350 2689 384 2713 et
406 2683 494 2715 conf.
516 2683 552 2715 G.
573 2682 678 2715 Cless.
703 2683 753 2714 De
774 2682 918 2715 coloniis
937 2681 1110 2713 Iudaeorr.
1133 2680 1168 2712 in
1187 2684 1338 2723 Aegypt.
1371 2681 1511 2722 (Stuttg.
1542 2679 1644 2720 1832)
1668 2690 1745 2721 pag.

259 2728 291 2761 8.
316 2727 442 2760 Contra
459 2730 584 2761 Gazam
608 2727 759 2771 intelligi
777 2728 850 2760 vult
879 2734 960 2772 post
984 2727 1170 2767 Hitzigium
1204 2725 1428 2758 Schmeidlcr.
1456 2725 1521 2758 der
1546 2727 1749 2766 Untergang

260 2772 295 2806 d.
312 2772 458 2853 Reiclljes
478 2774 560 2807 luda
579 2773 735 2817 (Brenlau
758 2775 860 2818 1831)
893 2785 928 2819 p.
964 2772 1009 2808 58
1035 2772 1117 2808 coll.
1149 2772 1301 2808 Klausen
1327 2772 1372 2808 ed
1399 2770 1564 2806 Hecataei
1592 2769 1746 2814 fragmm.

263 2830 344 2862 pag.
368 2819 407 2853 11
435 2840 445 2850 .
