1839 3292
619 250 947 286 URANIA
1007 250 1131 287 VIII.
1464 256 1490 293 5

199 359 390 410 3Στάσις
419 359 501 414 γὰρ
526 358 720 413 ἔμφυλος
739 357 933 412 πολέμου
958 355 1312 413 ὁμοφρονέοντος
1331 360 1486 402 τοσού-

225 447 284 488 τῳ
314 425 466 472 κάκιόν
497 426 606 477 ἐστι,
651 425 740 482 ὅσῳ
769 425 956 479 πόλεμος
986 424 1169 482 εἰρήνης.

798 491 880 536 οὐκ
926 491 1193 544 ἀντέτεινον,

224 513 296 540 νοι
339 491 402 538 ὧν
446 492 552 538 αὐτὸ
593 497 748 546 τοῦτο,

1236 424 1487 481 Ἐπιστοὶμε-

1238 492 1328 538 ἄλλ’
1372 491 1490 538 εἶκον
1499 502 1549 537 35

191 565 344 620 4μέχρι
373 563 481 606 ὅσου
509 562 646 615 κάρτα
675 561 847 605 ἐδέοντο
879 558 1048 614 αὐτῶν,
1083 559 1141 612 ὥς
1170 560 1375 613 διέδεξαν.
1427 561 1486 613 ὥς

222 633 307 688 γάρ
339 631 390 686 δὴ
422 628 638 685 ω’σοὲμενοι
666 630 744 672 τὸν
766 629 940 684 Πέρσεα
970 629 1068 682 περὶ
1097 631 1173 684 τῆς
1202 627 1372 672 ἐκείνου
1401 626 1485 685 ἤδη

222 703 300 743 τὸν
342 699 490 754 ἀγῶνα
529 698 782 750 ἐποιεῦντο,
833 696 1063 752 πρόφασιν
1099 695 1180 752 τήν
1221 699 1484 740 Παυσανίεω

222 767 353 822 ὕβριν
381 766 709 821 προϊσχόμενοι,
750 764 978 808 ἀπείλοντο
1009 764 1086 821 τὴν
1115 763 1350 822 ἡγεμονίην
1379 764 1485 816 τούς

222 836 609 890 Λακεδαιμονίους.

219 1037 366 1088 Στάσις
394 1038 469 1094 γάρ
499 1038 673 1090 ἔμφυλος
700 1037 817 1080 πολέ-

163 1113 240 1150 μου
269 1113 305 1136 κ.
336 1113 368 1137 τ.
401 1099 455 1146 λ.]
507 1098 686 1146 „Excitat
727 1096 817 1134 hinc

163 1154 357 1192 Choricius
392 1156 494 1195 Orat.
534 1155 573 1190 in
609 1154 818 1191 Summum

161 1213 309 1248 Ducem
330 1225 386 1262 cp.
411 1215 458 1251 11
478 1211 721 1249 Bibl.Graec.
743 1212 819 1246 Fa-

161 1270 254 1306 bric.
278 1269 323 1315 V,
337 1271 385 1308 31
413 1269 482 1315 [Τ.
492 1267 598 1314 VIII]
625 1279 714 1317 pag.
736 1268 816 1306 869

162 1322 244 1378 όσῳ
265 1322 340 1376 γάρ
364 1320 518 1375 εἶρηνη,
541 1322 666 1372 φησὶν
695 1325 818 1358 Hero-

162 1380 292 1429 dotus,
315 1379 511 1431 πραοτέρα
531 1377 728 1429 πολέμου,
749 1392 817 1416 το-

161 1449 291 1501 σουτῳ
323 1432 491 1486 πόλεμος
530 1433 606 1483 ε’φυ
642 1432 815 1481 στάσεως

161 1488 406 1544 ἷμερτότερος.
439 1491 595 1538 Quanto,
617 1491 814 1542 inquitille,

155 1563 231 1600 pax
250 1549 336 1586 bello
360 1548 533 1596 sedatonr
566 1552 666 1585 tanto
687 1548 814 1585 bellum

157 1607 323 1644 sedatione
339 1605 539 1642 amabilius.
576 1607 713 1642 Nonne
732 1618 813 1641 me-

158 1676 198 1699 ra
239 1663 447 1699 sententiae
486 1660 814 1712 παραδιὸρθωσις

159 1726 216 1757 est
228 1716 273 1756 ?“
309 1718 455 1755 IVesse
467 1718 492 1755 l.
523 1718 720 1755 Sententia
737 1720 810 1754 He-

158 1775 283 1813 rodoti
294 1774 388 1812 haec
399 1782 453 1812 est
467 1787 476 1811 :
505 1775 731 1813 seditionem
742 1774 814 1812 do-

155 1834 355 1870 mesticam
390 1831 439 1881 (s.
462 1833 609 1868 bellum
629 1834 728 1869 inter
757 1831 814 1868 di-

153 1903 279 1927 versas
311 1889 447 1925 Graeci
481 1891 648 1926 nominis
679 1895 813 1939 gentes

155 1946 300 1996 ortum)
320 1953 426 1982 tanto
443 1947 614 1996 peiorem
635 1959 713 1982 esse
732 1946 813 1982 bel-

154 2004 207 2051 lo,
231 2001 335 2055 quod
357 2016 406 2038 ex
426 2003 601 2039 omnium
624 2001 814 2052 (Graeco-

156 2060 258 2110 rum)
280 2072 466 2096 consensu
486 2058 683 2111 (adversus
704 2066 814 2096 exte-

157 2118 232 2165 ros)
263 2123 426 2166 geratur,
457 2123 599 2168 quanto
628 2117 737 2168 peior
766 2117 814 2153 sit

152 2173 233 2223 ipsa
252 2185 329 2223 pax
348 2173 463 2209 bello.

211 2228 323 2280 μέχρι
358 2225 457 2268 όσου
494 2243 621 2279 καρτα
653 2226 809 2268 ἐδέοντο

154 2280 307 2333 αυτων]
339 2286 364 2321 i.
389 2299 423 2322 e.
457 2286 681 2323 Athenienses
700 2299 810 2323 cesse-

152 2345 247 2389 runt,
271 2342 440 2391 quamdiu
452 2343 526 2380 illas
545 2343 718 2394 (reliquis
728 2343 808 2379 scil.

152 2398 335 2434 Graeciae
352 2399 581 2448 civitatibus)
603 2411 811 2448 magnopere

152 2454 369 2503 indigebant.
403 2457 557 2492 Retinui
572 2454 682 2507 μέχρι
699 2451 809 2503 ὅσου,

155 2510 258 2560 quod
287 2513 420 2561 optimi
450 2520 486 2550 et
525 2513 679 2563 plummi
708 2512 810 2548 fere-

156 2566 246 2602 bant
261 2567 359 2604 libri.
395 2568 472 2604 Alii
493 2568 601 2621 μέχρι
625 2582 656 2605 s.
678 2566 810 2619 μέχρις

155 2622 217 2660 οὑ.
248 2622 311 2658 Tu
333 2624 382 2660 cf.
415 2626 445 2671 Ι,
474 2627 566 2665 181.
614 2623 676 2661 Ad
693 2625 808 2662 verba

152 2678 331 2727 proxima
351 2695 403 2725 ως
424 2681 601 2728 διέδεξαν
629 2681 679 2718 cf.
707 2688 805 2718 nott.

153 2733 203 2770 ad
223 2735 304 2782 VII,
330 2737 407 2774 172
427 2744 463 2773 et
483 2736 531 2773 de
548 2738 672 2774 forma
692 2750 806 2774 accu-

152 2791 260 2826 sativi
284 2789 449 2842 Πὲρσεα,
479 2795 584 2831 cuius
611 2795 696 2831 loco
716 2795 806 2831 Flo-

152 2847 321 2885 rentinus
344 2860 434 2884 cum
445 2847 591 2887 duobus
603 2851 682 2888 aliis
706 2848 806 2902 Πέρ-

667 832 774 877 dno}
802 836 941 877 ταῦτα
974 832 1053 890 μὲν
1081 832 1268 889 ’ὕστερον
1296 832 1542 889 ἐγένετο.4ο

875 1051 962 1091 σην,
991 1038 1127 1080 Matth.
1160 1041 1228 1079 Gr.
1256 1041 1322 1078 Gr.
1357 1042 1391 1087 §.
1422 1042 1470 1082 91
1496 1055 1534 1093 p.

878 1097 971 1138 195.

931 1152 1018 1206 περὶ
1050 1155 1110 1204 τῆ
1121 1168 1140 1199 ς
1168 1152 1342 1202 ἐκείνου]
1373 1154 1532 1190 Minime

876 1222 969 1260 opus
991 1223 1080 1247 cum
1096 1210 1213 1247 Galeo
1235 1211 1424 1260 corrigere
1444 1209 1535 1261 περὶ

874 1268 963 1317 γῆς
1004 1266 1180 1314 ἐκείνου,
1220 1266 1534 1318 quandoquidem

873 1323 1010 1359 vocula
1030 1325 1081 1374 γῆ
1101 1324 1140 1359 in
1156 1323 1291 1360 talibus
1304 1324 1534 1376 plerumque

872 1380 1062 1426 reticetur,
1084 1386 1126 1415 ut
1147 1380 1245 1427 VIII,
1268 1379 1335 1420 41.
1361 1382 1460 1429 1063
1483 1394 1534 1417 ne

871 1435 981 1485 plura
1002 1435 1161 1472 afferam
1190 1435 1231 1471 in
1259 1449 1300 1471 re
1320 1449 1532 1487 sanequam

870 1493 1079 1529 notissima.
1112 1492 1339 1542 Intelligitur
1355 1499 1483 1528 autem
1504 1492 1533 1543 ἦ

870 1547 1024 1588 ἐκείνου
1041 1556 1139 1585 terra
1154 1549 1276 1586 Xerxi
1289 1548 1451 1598 subdita,
1467 1550 1530 1586 in-

868 1606 1000 1657 primis
1019 1606 1109 1643 Asia
1130 1607 1269 1643 minor.

926 1658 1063 1714 πρόφ
1079 1673 1196 1702 ασιν
1246 1659 1320 1713 τήν
1362 1664 1530 1702 Hamm-

870 1718 964 1758 νίεω
1019 1715 1141 1771 ’ὕβριν
1201 1714 1529 1771 προϊσχόμε-

870 1775 978 1824 νοι]
1029 1776 1157 1824 „Satis
1184 1783 1263 1813 erat
1292 1775 1429 1813 dixisse
1457 1772 1533 1826 τήν

872 1833 1112 1872 Παυσανίεω
1140 1828 1260 1884 ὕβριν
1289 1827 1528 1885 προϊσχόμεα

869 1904 955 1937 νοι,
997 1896 1040 1926 ut
1067 1890 1129 1926 hoc
1149 1889 1286 1927 illudve
1324 1893 1528 1940 praetexere

870 1945 1008 1982 dicitur
1019 1945 1260 1998 προέχεσθαί
1280 1958 1333 1984 τις
1357 1945 1423 1983 sed
1436 1946 1520 1982 scri-

868 2003 958 2039 bere
987 2005 1122 2040 Noster
1154 2004 1290 2040 maluit
1322 1998 1527 2052 πρόφασιν

868 2059 1136 2110 προσχέσθαι,
1165 2067 1207 2097 ut
1235 2059 1299 2108 IV,
1333 2060 1410 2100 165
1442 2059 1525 2106 [ubi

869 2116 946 2154 vid.
959 2118 1076 2165 nott.]
1088 2118 1151 2165 VI,
1164 2117 1285 2157 137.“
1312 2115 1393 2153 Val
1404 2115 1450 2152 ck
1463 2128 1525 2153 en.

925 2169 1136 2213 οἷπείλοντο
1185 2170 1259 2223 τὴν
1305 2170 1524 2224 ’ἡγεμονίην

865 2227 960 2276 τούς
969 2229 1332 2280 Λακεδαιμονίους]
1355 2230 1413 2265 De
1424 2234 1523 2264 stru-

866 2294 973 2323 ctura
993 2289 1095 2324 vocis
1118 2282 1382 2337 ἆφαιρεῖσθαι
1411 2284 1524 2322 Val-

867 2343 1082 2380 ckenaer.
1110 2344 1229 2380 citans
1259 2342 1324 2388 VI,
1356 2343 1409 2382 70
1439 2340 1523 2389 (ubi

865 2400 968 2438 conf.
989 2401 1103 2448 nott.)
1134 2406 1172 2436 et
1201 2397 1347 2436 Thom.
1375 2397 1523 2446 Magist.

865 2456 895 2493 ε’.
912 2470 948 2495 v,
970 2470 1008 2507 p.
1027 2458 1118 2505 130,
1139 2455 1235 2493 haec
1257 2454 1304 2491 ad
1322 2455 1446 2504 ipsum
1460 2466 1523 2489 ar-

865 2519 1096 2563 gumentum
1161 2513 1236 2549 loci
1301 2509 1520 2560 adscripsit:

866 2570 1033 2617 „Evenit
1060 2569 1124 2605 illa
1147 2581 1205 2605 ros
1238 2567 1402 2604 triennio
1424 2573 1521 2617 post,

866 2627 923 2664 Ol.
933 2626 1091 2673 LXXV,
1104 2624 1144 2665 4.
1177 2622 1426 2660 Athenienses
1437 2630 1521 2659 tum

864 2683 1046 2733 temporis
1083 2680 1261 2717 dicuntur
1299 2678 1521 2732 Thucydidi

862 2740 893 2786 Ι,
915 2740 967 2778 96
996 2733 1294 2789 παραλαβόντες
1322 2751 1396 2788 την
1426 2734 1522 2787 ’ἡγε-

864 2794 1010 2845 μονίαν
1046 2791 1218 2834 ἑκόντων
1253 2808 1334 2832 των
1371 2788 1520 2843 ξυμμα-

864 2865 945 2901 χων
966 2847 1031 2890 διοῖ
1061 2847 1104 2891 τό
1129 2850 1365 2890 Παυσανίου
1395 2852 1522 2900 μῖσος.
