<?xml version="1.0" encoding="UTF-8"?>
<!DOCTYPE html PUBLIC "-//W3C//DTD XHTML 1.0 Transitional//EN"
    "http://www.w3.org/TR/xhtml1/DTD/xhtml1-transitional.dtd">
<html xmlns="http://www.w3.org/1999/xhtml" xml:lang="en" lang="en">
 <head>
  <title>
</title>
<meta http-equiv="Content-Type" content="text/html;charset=utf-8" />
  <meta name='ocr-system' content='tesseract 3.04.00' />
  <meta name='ocr-capabilities' content='ocr_page ocr_carea ocr_par ocr_line ocrx_word'/>
</head>
<body>
  <div class='ocr_page' id='page_1' title='image "./musaeher04hero/musaeher04hero_0461.png"; bbox 0 0 1839 3292; ppageno 0'>
   <div class='ocr_carea' id='block_1_1' title="bbox 629 235 1066 275">
    <p class='ocr_par' dir='ltr' id='par_1_1' title="bbox 629 235 1066 275">
     <span class='ocr_line' id='line_1_1' title="bbox 629 235 1066 275; baseline -0.005 -1"><span class='ocrx_word' id='word_1_1' title='bbox 629 239 658 275; x_wconf 91' lang='grc' dir='ltr'>Ι.</span> <span class='ocrx_word' id='word_1_2' title='bbox 687 237 848 273; x_wconf 90' lang='lat' dir='ltr'><strong>INDEX</strong></span> <span class='ocrx_word' id='word_1_3' title='bbox 874 235 1066 273; x_wconf 86' lang='lat' dir='ltr'>RERUM.</span> 
     </span>
    </p>
   </div>
   <div class='ocr_carea' id='block_1_2' title="bbox 103 347 827 2306">
    <p class='ocr_par' dir='ltr' id='par_1_2' title="bbox 160 347 825 437">
     <span class='ocr_line' id='line_1_2' title="bbox 161 347 825 393; baseline -0.011 -8"><span class='ocrx_word' id='word_1_4' title='bbox 161 349 295 393; x_wconf 77' lang='lat' dir='ltr'>recipit,</span> <span class='ocrx_word' id='word_1_5' title='bbox 316 359 357 382; x_wconf 87' lang='lat' dir='ltr'>ex</span> <span class='ocrx_word' id='word_1_6' title='bbox 375 349 438 383; x_wconf 82' lang='lat' dir='ltr'>ins.</span> <span class='ocrx_word' id='word_1_7' title='bbox 461 349 565 389; x_wconf 88' lang='lat' dir='ltr'><strong>Elbo,</strong></span> <span class='ocrx_word' id='word_1_8' title='bbox 587 347 648 380; x_wconf 91' lang='lat' dir='ltr'>ubi</span> <span class='ocrx_word' id='word_1_9' title='bbox 665 347 825 388; x_wconf 87' lang='lat' dir='ltr'>latuerat,</span> 
     </span>
     <span class='ocr_line' id='line_1_3' title="bbox 160 394 532 437; baseline -0.005 -8"><span class='ocrx_word' id='word_1_10' title='bbox 160 397 277 437; x_wconf 83' lang='lat' dir='ltr'><strong>redux,</strong></span> <span class='ocrx_word' id='word_1_11' title='bbox 304 394 348 435; x_wconf 96' lang='lat' dir='ltr'>II,</span> <span class='ocrx_word' id='word_1_12' title='bbox 373 395 439 428; x_wconf 79' lang='lat'>140</span> <span class='ocrx_word' id='word_1_13' title='bbox 462 399 532 427; x_wconf 89' lang='lat' dir='ltr'>not.</span> 
     </span>
    </p>

    <p class='ocr_par' dir='ltr' id='par_1_3' title="bbox 115 437 827 566">
     <span class='ocr_line' id='line_1_4' title="bbox 115 437 827 486; baseline -0.008 -10"><span class='ocrx_word' id='word_1_14' title='bbox 115 442 248 486; x_wconf 80' lang='lat' dir='ltr'><strong><em>Anysis,</em></strong></span> <span class='ocrx_word' id='word_1_15' title='bbox 271 441 363 481; x_wconf 86' lang='lat' dir='ltr'>urbs,</span> <span class='ocrx_word' id='word_1_16' title='bbox 386 442 430 481; x_wconf 90' lang='lat' dir='ltr'>ll,</span> <span class='ocrx_word' id='word_1_17' title='bbox 455 441 522 474; x_wconf 85' lang='grc'><strong>137</strong></span> <span class='ocrx_word' id='word_1_18' title='bbox 545 443 614 472; x_wconf 87' lang='lat' dir='ltr'>not.</span> <span class='ocrx_word' id='word_1_19' title='bbox 643 442 676 472; x_wconf 87' lang='lat' dir='ltr'>et</span> <span class='ocrx_word' id='word_1_20' title='bbox 699 437 827 481; x_wconf 75' lang='lat' dir='ltr'>Anysia</span> 
     </span>
     <span class='ocr_line' id='line_1_5' title="bbox 160 482 826 530; baseline -0.008 -10"><span class='ocrx_word' id='word_1_21' title='bbox 160 487 374 530; x_wconf 84' lang='lat' dir='ltr'>praefectura</span> <span class='ocrx_word' id='word_1_22' title='bbox 404 487 440 520; x_wconf 90' lang='lat' dir='ltr'>in</span> <span class='ocrx_word' id='word_1_23' title='bbox 469 488 641 530; x_wconf 61' lang='lat' dir='ltr'>AegyptO,</span> <span class='ocrx_word' id='word_1_24' title='bbox 680 484 724 524; x_wconf 93' lang='lat' dir='ltr'>II,</span> <span class='ocrx_word' id='word_1_25' title='bbox 758 482 826 516; x_wconf 90' lang='lat'>166</span> 
     </span>
     <span class='ocr_line' id='line_1_6' title="bbox 158 536 229 566; baseline -0.014 -1"><span class='ocrx_word' id='word_1_26' title='bbox 158 536 229 566; x_wconf 90' lang='lat' dir='ltr'>not.</span> 
     </span>
    </p>

    <p class='ocr_par' dir='ltr' id='par_1_4' title="bbox 112 572 825 621">
     <span class='ocr_line' id='line_1_7' title="bbox 112 572 825 621; baseline -0.007 -10"><span class='ocrx_word' id='word_1_27' title='bbox 112 579 256 621; x_wconf 77' lang='lat' dir='ltr'>Anysus,</span> <span class='ocrx_word' id='word_1_28' title='bbox 277 580 375 620; x_wconf 83' lang='lat' dir='ltr'>pater</span> <span class='ocrx_word' id='word_1_29' title='bbox 399 575 642 616; x_wconf 83' lang='lat' dir='ltr'>Tetramnesti,</span> <span class='ocrx_word' id='word_1_30' title='bbox 673 574 745 617; x_wconf 72' lang='lat' dir='ltr'>VII,</span> <span class='ocrx_word' id='word_1_31' title='bbox 769 572 825 606; x_wconf 85' lang='grc'>98,</span> 
     </span>
    </p>

    <p class='ocr_par' dir='ltr' id='par_1_5' title="bbox 113 622 609 663">
     <span class='ocr_line' id='line_1_8' title="bbox 113 622 609 663; baseline -0.006 -7"><span class='ocrx_word' id='word_1_32' title='bbox 113 625 215 662; x_wconf 86' lang='lat' dir='ltr'>Aous,</span> <span class='ocrx_word' id='word_1_33' title='bbox 238 623 375 663; x_wconf 74' lang='lat' dir='ltr'>fluvius,</span> <span class='ocrx_word' id='word_1_34' title='bbox 398 623 458 662; x_wconf 81' lang='lat' dir='ltr'>IX,</span> <span class='ocrx_word' id='word_1_35' title='bbox 476 622 520 654; x_wconf 84' lang='grc'>92</span> <span class='ocrx_word' id='word_1_36' title='bbox 542 627 609 654; x_wconf 89' lang='lat' dir='ltr'>not.</span> 
     </span>
    </p>

    <p class='ocr_par' dir='ltr' id='par_1_6' title="bbox 113 668 643 712">
     <span class='ocr_line' id='line_1_9' title="bbox 113 668 643 712; baseline -0.006 -11"><span class='ocrx_word' id='word_1_37' title='bbox 113 671 285 712; x_wconf 80' lang='lat' dir='ltr'>Aparytae</span> <span class='ocrx_word' id='word_1_38' title='bbox 308 680 399 711; x_wconf 64' lang='lat' dir='ltr'>pop„</span> <span class='ocrx_word' id='word_1_39' title='bbox 421 669 482 708; x_wconf 86' lang='lat' dir='ltr'>III,</span> <span class='ocrx_word' id='word_1_40' title='bbox 506 668 550 699; x_wconf 83' lang='lat'>91</span> <span class='ocrx_word' id='word_1_41' title='bbox 573 669 643 699; x_wconf 83' lang='lat' dir='ltr'>not.</span> 
     </span>
    </p>

    <p class='ocr_par' dir='ltr' id='par_1_7' title="bbox 111 710 700 758">
     <span class='ocr_line' id='line_1_10' title="bbox 111 710 700 758; baseline -0.005 -12"><span class='ocrx_word' id='word_1_42' title='bbox 111 715 283 758; x_wconf 77' lang='lat' dir='ltr'>Apaturia</span> <span class='ocrx_word' id='word_1_43' title='bbox 305 715 404 754; x_wconf 79' lang='lat' dir='ltr'>festa,</span> <span class='ocrx_word' id='word_1_44' title='bbox 427 714 454 754; x_wconf 85' lang='lat' dir='ltr'>I⁷</span> <span class='ocrx_word' id='word_1_45' title='bbox 479 712 547 745; x_wconf 75' lang='grc'><strong>147</strong></span> <span class='ocrx_word' id='word_1_46' title='bbox 568 716 638 744; x_wconf 87' lang='lat' dir='ltr'>not.</span> <span class='ocrx_word' id='word_1_47' title='bbox 662 710 700 753; x_wconf 75' lang='lat' dir='ltr'>*J</span> 
     </span>
    </p>

    <p class='ocr_par' dir='ltr' id='par_1_8' title="bbox 113 755 738 803">
     <span class='ocr_line' id='line_1_11' title="bbox 113 755 738 803; baseline -0.008 -10"><span class='ocrx_word' id='word_1_48' title='bbox 113 761 280 803; x_wconf 82' lang='lat' dir='ltr'>Apeliotes</span> <span class='ocrx_word' id='word_1_49' title='bbox 303 764 422 792; x_wconf 83' lang='lat' dir='ltr'>ventus</span> <span class='ocrx_word' id='word_1_50' title='bbox 445 760 500 799; x_wconf 82' lang='lat' dir='ltr'>lV,</span> <span class='ocrx_word' id='word_1_51' title='bbox 522 757 568 789; x_wconf 84' lang='grc'>22</span> <span class='ocrx_word' id='word_1_52' title='bbox 591 760 659 790; x_wconf 89' lang='lat' dir='ltr'>not.</span> <span class='ocrx_word' id='word_1_53' title='bbox 679 755 738 799; x_wconf 54' lang='grc' dir='ltr'>*ἢ</span> 
     </span>
    </p>

    <p class='ocr_par' dir='ltr' id='par_1_9' title="bbox 113 802 825 938">
     <span class='ocr_line' id='line_1_12' title="bbox 113 802 825 849; baseline -0.006 -11"><span class='ocrx_word' id='word_1_54' title='bbox 113 808 203 849; x_wconf 81' lang='lat' dir='ltr'>Aper</span> <span class='ocrx_word' id='word_1_55' title='bbox 251 805 411 838; x_wconf 86' lang='lat' dir='ltr'>immanis</span> <span class='ocrx_word' id='word_1_56' title='bbox 456 805 635 847; x_wconf 78' lang='lat' dir='ltr'><strong>Mysorum</strong></span> <span class='ocrx_word' id='word_1_57' title='bbox 670 802 825 835; x_wconf 85' lang='lat' dir='ltr'>devastat</span> 
     </span>
     <span class='ocr_line' id='line_1_13' title="bbox 157 848 823 891; baseline -0.003 -9"><span class='ocrx_word' id='word_1_58' title='bbox 157 861 254 891; x_wconf 75' lang='lat' dir='ltr'>arva,</span> <span class='ocrx_word' id='word_1_59' title='bbox 279 851 306 891; x_wconf 84' lang='lat' dir='ltr'>I,</span> <span class='ocrx_word' id='word_1_60' title='bbox 329 849 384 882; x_wconf 84' lang='lat'>36.</span> <span class='ocrx_word' id='word_1_61' title='bbox 409 849 445 881; x_wconf 90' lang='lat' dir='ltr'>in</span> <span class='ocrx_word' id='word_1_62' title='bbox 467 849 587 883; x_wconf 79' lang='lat' dir='ltr'>Africa</span> <span class='ocrx_word' id='word_1_63' title='bbox 614 848 740 889; x_wconf 88' lang='lat' dir='ltr'>nullus,</span> <span class='ocrx_word' id='word_1_64' title='bbox 766 848 823 889; x_wconf 85' lang='lat' dir='ltr'>lv,</span> 
     </span>
     <span class='ocr_line' id='line_1_14' title="bbox 157 895 423 938; baseline 0.004 -11"><span class='ocrx_word' id='word_1_65' title='bbox 157 895 224 928; x_wconf 94' lang='grc'>192</span> <span class='ocrx_word' id='word_1_66' title='bbox 248 900 316 929; x_wconf 89' lang='lat' dir='ltr'>not.</span> <span class='ocrx_word' id='word_1_67' title='bbox 343 895 423 938; x_wconf 78' lang='lat'>***)</span> 
     </span>
    </p>

    <p class='ocr_par' dir='ltr' id='par_1_10' title="bbox 110 939 823 1110">
     <span class='ocr_line' id='line_1_15' title="bbox 110 939 821 986; baseline -0.006 -12"><span class='ocrx_word' id='word_1_68' title='bbox 110 942 197 986; x_wconf 81' lang='lat' dir='ltr'>Apes</span> <span class='ocrx_word' id='word_1_69' title='bbox 230 941 307 974; x_wconf 90' lang='lat' dir='ltr'>loca</span> <span class='ocrx_word' id='word_1_70' title='bbox 349 945 442 974; x_wconf 84' lang='lat' dir='ltr'>trans</span> <span class='ocrx_word' id='word_1_71' title='bbox 481 939 606 973; x_wconf 79' lang='lat' dir='ltr'>Istrum</span> <span class='ocrx_word' id='word_1_72' title='bbox 638 949 821 980; x_wconf 86' lang='lat' dir='ltr'>occupare,</span> 
     </span>
     <span class='ocr_line' id='line_1_16' title="bbox 155 984 823 1028; baseline -0.004 -9"><span class='ocrx_word' id='word_1_73' title='bbox 155 986 310 1020; x_wconf 79' lang='lat' dir='ltr'>Thraces</span> <span class='ocrx_word' id='word_1_74' title='bbox 332 988 483 1028; x_wconf 85' lang='lat' dir='ltr'>narrant,</span> <span class='ocrx_word' id='word_1_75' title='bbox 515 997 635 1028; x_wconf 80' lang='lat' dir='ltr'>parum</span> <span class='ocrx_word' id='word_1_76' title='bbox 661 984 823 1026; x_wconf 79' lang='lat' dir='ltr'>probabi-</span> 
     </span>
     <span class='ocr_line' id='line_1_17' title="bbox 153 1030 822 1072; baseline -0.003 -8"><span class='ocrx_word' id='word_1_77' title='bbox 153 1032 232 1064; x_wconf 80' lang='lat' dir='ltr'>liter</span> <span class='ocrx_word' id='word_1_78' title='bbox 252 1032 421 1065; x_wconf 82' lang='lat' dir='ltr'><strong>Herodoti</strong></span> <span class='ocrx_word' id='word_1_79' title='bbox 445 1031 622 1072; x_wconf 82' lang='lat' dir='ltr'>sententia,</span> <span class='ocrx_word' id='word_1_80' title='bbox 639 1031 680 1071; x_wconf 67' lang='lat' dir='ltr'>Y,</span> <span class='ocrx_word' id='word_1_81' title='bbox 697 1030 751 1063; x_wconf 85' lang='grc'>10.</span> <span class='ocrx_word' id='word_1_82' title='bbox 777 1030 822 1063; x_wconf 82' lang='lat' dir='ltr'>cf.</span> 
     </span>
     <span class='ocr_line' id='line_1_18' title="bbox 151 1082 223 1110; baseline 0.014 -1"><span class='ocrx_word' id='word_1_83' title='bbox 151 1082 223 1110; x_wconf 86' lang='lat' dir='ltr'>not.</span> 
     </span>
    </p>

    <p class='ocr_par' dir='ltr' id='par_1_11' title="bbox 108 1119 822 1300">
     <span class='ocr_line' id='line_1_19' title="bbox 108 1119 822 1167; baseline -0.004 -12"><span class='ocrx_word' id='word_1_84' title='bbox 108 1123 261 1167; x_wconf 79' lang='lat' dir='ltr'>Aphelae</span> <span class='ocrx_word' id='word_1_85' title='bbox 295 1119 486 1166; x_wconf 76' lang='grc' dir='ltr'><strong>(Ἀφέται,</strong></span> <span class='ocrx_word' id='word_1_86' title='bbox 513 1122 536 1155; x_wconf 92' lang='lat' dir='ltr'>i.</span> <span class='ocrx_word' id='word_1_87' title='bbox 559 1133 589 1156; x_wconf 91' lang='lat' dir='ltr'>e.</span> <span class='ocrx_word' id='word_1_88' title='bbox 616 1122 707 1154; x_wconf 83' lang='lat' dir='ltr'>locus</span> <span class='ocrx_word' id='word_1_89' title='bbox 733 1121 822 1153; x_wconf 81' lang='lat' dir='ltr'>unde</span> 
     </span>
     <span class='ocr_line' id='line_1_20' title="bbox 152 1167 821 1210; baseline -0.003 -10"><span class='ocrx_word' id='word_1_90' title='bbox 152 1169 251 1200; x_wconf 77' lang='lat' dir='ltr'>navis</span> <span class='ocrx_word' id='word_1_91' title='bbox 283 1169 457 1210; x_wconf 77' lang='lat' dir='ltr'>solvitur),</span> <span class='ocrx_word' id='word_1_92' title='bbox 491 1168 535 1201; x_wconf 90' lang='lat' dir='ltr'>ad</span> <span class='ocrx_word' id='word_1_93' title='bbox 566 1168 756 1200; x_wconf 78' lang='lat' dir='ltr'><strong>Maliacum</strong></span> <span class='ocrx_word' id='word_1_94' title='bbox 774 1167 821 1199; x_wconf 86' lang='lat' dir='ltr'>si-</span> 
     </span>
     <span class='ocr_line' id='line_1_21' title="bbox 152 1212 821 1254; baseline -0.003 -8"><span class='ocrx_word' id='word_1_95' title='bbox 152 1225 248 1254; x_wconf 89' lang='lat' dir='ltr'>num,</span> <span class='ocrx_word' id='word_1_96' title='bbox 282 1214 373 1254; x_wconf 80' lang='lat' dir='ltr'>vm,</span> <span class='ocrx_word' id='word_1_97' title='bbox 404 1212 438 1253; x_wconf 76' lang='lat'>4,</span> <span class='ocrx_word' id='word_1_98' title='bbox 463 1213 495 1246; x_wconf 89' lang='grc'>6.</span> <span class='ocrx_word' id='word_1_99' title='bbox 528 1214 616 1246; x_wconf 87' lang='lat' dir='ltr'>unde</span> <span class='ocrx_word' id='word_1_100' title='bbox 639 1224 762 1246; x_wconf 85' lang='lat' dir='ltr'>nomen</span> <span class='ocrx_word' id='word_1_101' title='bbox 789 1212 821 1244; x_wconf 91' lang='lat' dir='ltr'>ei</span> 
     </span>
     <span class='ocr_line' id='line_1_22' title="bbox 154 1258 646 1300; baseline -0.002 -9"><span class='ocrx_word' id='word_1_102' title='bbox 154 1258 365 1300; x_wconf 87' lang='lat' dir='ltr'>impositum,</span> <span class='ocrx_word' id='word_1_103' title='bbox 390 1260 463 1299; x_wconf 63' lang='lat' dir='ltr'>VH,</span> <span class='ocrx_word' id='word_1_104' title='bbox 488 1259 554 1291; x_wconf 80' lang='grc'>193</span> <span class='ocrx_word' id='word_1_105' title='bbox 578 1262 646 1291; x_wconf 89' lang='lat' dir='ltr'>not.</span> 
     </span>
    </p>

    <p class='ocr_par' dir='ltr' id='par_1_12' title="bbox 109 1303 820 1393">
     <span class='ocr_line' id='line_1_23' title="bbox 109 1303 820 1349; baseline 0 -12"><span class='ocrx_word' id='word_1_106' title='bbox 109 1305 287 1349; x_wconf 79' lang='lat' dir='ltr'>Aphidnae</span> <span class='ocrx_word' id='word_1_107' title='bbox 311 1305 344 1337; x_wconf 91' lang='lat' dir='ltr'>in</span> <span class='ocrx_word' id='word_1_108' title='bbox 376 1305 487 1337; x_wconf 85' lang='lat' dir='ltr'>Attica</span> <span class='ocrx_word' id='word_1_109' title='bbox 512 1303 718 1348; x_wconf 71' lang='lat' dir='ltr'>Tyndaridis</span> <span class='ocrx_word' id='word_1_110' title='bbox 739 1314 820 1346; x_wconf 89' lang='lat' dir='ltr'>pro-</span> 
     </span>
     <span class='ocr_line' id='line_1_24' title="bbox 154 1350 728 1393; baseline 0.003 -11"><span class='ocrx_word' id='word_1_111' title='bbox 154 1351 258 1393; x_wconf 78' lang='lat' dir='ltr'>ditae,</span> <span class='ocrx_word' id='word_1_112' title='bbox 284 1351 348 1390; x_wconf 78' lang='lat' dir='ltr'>IX,</span> <span class='ocrx_word' id='word_1_113' title='bbox 370 1350 426 1382; x_wconf 76' lang='lat'>73.</span> <span class='ocrx_word' id='word_1_114' title='bbox 451 1351 540 1390; x_wconf 66' lang='lat' dir='ltr'>YIII,</span> <span class='ocrx_word' id='word_1_115' title='bbox 564 1350 631 1382; x_wconf 92' lang='grc'>125</span> <span class='ocrx_word' id='word_1_116' title='bbox 658 1353 728 1384; x_wconf 89' lang='lat' dir='ltr'>not.</span> 
     </span>
    </p>

    <p class='ocr_par' dir='ltr' id='par_1_13' title="bbox 107 1394 810 1439">
     <span class='ocr_line' id='line_1_25' title="bbox 107 1394 810 1439; baseline -0.001 -11"><span class='ocrx_word' id='word_1_117' title='bbox 107 1397 325 1439; x_wconf 78' lang='lat' dir='ltr'>Aphidnaeus</span> <span class='ocrx_word' id='word_1_118' title='bbox 338 1396 582 1436; x_wconf 80' lang='lat' dir='ltr'>Callimachus,</span> <span class='ocrx_word' id='word_1_119' title='bbox 595 1396 651 1435; x_wconf 75' lang='lat' dir='ltr'>vl,</span> <span class='ocrx_word' id='word_1_120' title='bbox 666 1394 731 1428; x_wconf 87' lang='grc'>109</span> <span class='ocrx_word' id='word_1_121' title='bbox 741 1396 810 1428; x_wconf 86' lang='lat' dir='ltr'>not.</span> 
     </span>
    </p>

    <p class='ocr_par' dir='ltr' id='par_1_14' title="bbox 107 1441 741 1485">
     <span class='ocr_line' id='line_1_26' title="bbox 107 1441 741 1485; baseline 0 -12"><span class='ocrx_word' id='word_1_122' title='bbox 107 1442 332 1485; x_wconf 79' lang='lat' dir='ltr'>Aphrodisias</span> <span class='ocrx_word' id='word_1_123' title='bbox 354 1441 476 1483; x_wconf 83' lang='lat' dir='ltr'>insula,</span> <span class='ocrx_word' id='word_1_124' title='bbox 499 1442 556 1481; x_wconf 73' lang='lat' dir='ltr'>IV,</span> <span class='ocrx_word' id='word_1_125' title='bbox 581 1441 647 1474; x_wconf 91' lang='lat'>169</span> <span class='ocrx_word' id='word_1_126' title='bbox 671 1446 741 1473; x_wconf 89' lang='lat' dir='ltr'>not.</span> 
     </span>
    </p>

    <p class='ocr_par' dir='ltr' id='par_1_15' title="bbox 107 1487 818 1573">
     <span class='ocr_line' id='line_1_27' title="bbox 107 1487 818 1532; baseline 0 -13"><span class='ocrx_word' id='word_1_127' title='bbox 107 1488 323 1532; x_wconf 77' lang='lat' dir='ltr'>Aphthitana</span> <span class='ocrx_word' id='word_1_128' title='bbox 346 1488 565 1530; x_wconf 79' lang='lat' dir='ltr'><strong>praefectura</strong></span> <span class='ocrx_word' id='word_1_129' title='bbox 587 1487 622 1520; x_wconf 90' lang='lat' dir='ltr'>in</span> <span class='ocrx_word' id='word_1_130' title='bbox 646 1488 818 1530; x_wconf 82' lang='lat' dir='ltr'>Aegypto,</span> 
     </span>
     <span class='ocr_line' id='line_1_28' title="bbox 153 1532 386 1573; baseline -0.004 -7"><span class='ocrx_word' id='word_1_131' title='bbox 153 1534 197 1573; x_wconf 95' lang='grc' dir='ltr'>ΙΙ,</span> <span class='ocrx_word' id='word_1_132' title='bbox 222 1532 288 1565; x_wconf 82' lang='grc'><strong>166</strong></span> <span class='ocrx_word' id='word_1_133' title='bbox 314 1537 386 1566; x_wconf 92' lang='lat' dir='ltr'>not.</span> 
     </span>
    </p>

    <p class='ocr_par' dir='ltr' id='par_1_16' title="bbox 105 1578 818 1621">
     <span class='ocr_line' id='line_1_29' title="bbox 105 1578 818 1621; baseline -0.001 -10"><span class='ocrx_word' id='word_1_134' title='bbox 105 1579 250 1621; x_wconf 78' lang='lat' dir='ltr'><em>Aphytis</em></span> <span class='ocrx_word' id='word_1_135' title='bbox 261 1589 339 1621; x_wconf 89' lang='lat' dir='ltr'>opp.</span> <span class='ocrx_word' id='word_1_136' title='bbox 355 1579 388 1610; x_wconf 86' lang='lat' dir='ltr'>in</span> <span class='ocrx_word' id='word_1_137' title='bbox 400 1579 551 1620; x_wconf 77' lang='lat' dir='ltr'>Pallene,</span> <span class='ocrx_word' id='word_1_138' title='bbox 580 1578 653 1618; x_wconf 76' lang='lat' dir='ltr'>vn,</span> <span class='ocrx_word' id='word_1_139' title='bbox 674 1578 818 1610; x_wconf 76' lang='lat' dir='ltr'>123n0t.</span> 
     </span>
    </p>

    <p class='ocr_par' dir='ltr' id='par_1_17' title="bbox 105 1623 817 1713">
     <span class='ocr_line' id='line_1_30' title="bbox 105 1623 817 1669; baseline 0.001 -14"><span class='ocrx_word' id='word_1_140' title='bbox 105 1625 205 1669; x_wconf 81' lang='lat' dir='ltr'>Apia,</span> <span class='ocrx_word' id='word_1_141' title='bbox 235 1623 260 1656; x_wconf 88' lang='lat' dir='ltr'>i.</span> <span class='ocrx_word' id='word_1_142' title='bbox 287 1635 317 1658; x_wconf 91' lang='lat' dir='ltr'>e.</span> <span class='ocrx_word' id='word_1_143' title='bbox 341 1624 472 1666; x_wconf 77' lang='lat' dir='ltr'>Tellus,</span> <span class='ocrx_word' id='word_1_144' title='bbox 496 1625 561 1657; x_wconf 89' lang='lat' dir='ltr'>dea</span> <span class='ocrx_word' id='word_1_145' title='bbox 583 1623 734 1667; x_wconf 83' lang='lat' dir='ltr'>Scythis,</span> <span class='ocrx_word' id='word_1_146' title='bbox 760 1624 817 1664; x_wconf 83' lang='lat' dir='ltr'>lv,</span> 
     </span>
     <span class='ocr_line' id='line_1_31' title="bbox 149 1669 354 1713; baseline 0 -11"><span class='ocrx_word' id='word_1_147' title='bbox 149 1669 193 1702; x_wconf 83' lang='lat'>59</span> <span class='ocrx_word' id='word_1_148' title='bbox 217 1672 285 1703; x_wconf 86' lang='lat' dir='ltr'>not.</span> <span class='ocrx_word' id='word_1_149' title='bbox 310 1670 354 1713; x_wconf 49' lang='grc' dir='ltr'>ἦ)</span> 
     </span>
    </p>

    <p class='ocr_par' dir='ltr' id='par_1_18' title="bbox 103 1715 818 1851">
     <span class='ocr_line' id='line_1_32' title="bbox 103 1715 818 1759; baseline 0 -12"><span class='ocrx_word' id='word_1_150' title='bbox 103 1715 292 1759; x_wconf 81' lang='lat' dir='ltr'><em>Apidanus,</em></span> <span class='ocrx_word' id='word_1_151' title='bbox 336 1726 364 1748; x_wconf 85' lang='lat' dir='ltr'>s.</span> <span class='ocrx_word' id='word_1_152' title='bbox 399 1715 591 1758; x_wconf 75' lang='lat' dir='ltr'>Epidauus,</span> <span class='ocrx_word' id='word_1_153' title='bbox 626 1715 662 1748; x_wconf 87' lang='lat' dir='ltr'>fl.</span> <span class='ocrx_word' id='word_1_154' title='bbox 706 1715 818 1747; x_wconf 87' lang='lat' dir='ltr'>Thes-</span> 
     </span>
     <span class='ocr_line' id='line_1_33' title="bbox 149 1760 747 1801; baseline -0.002 -8"><span class='ocrx_word' id='word_1_155' title='bbox 149 1761 267 1801; x_wconf 83' lang='lat' dir='ltr'>saliae,</span> <span class='ocrx_word' id='word_1_156' title='bbox 293 1760 365 1801; x_wconf 66' lang='lat' dir='ltr'>VII,</span> <span class='ocrx_word' id='word_1_157' title='bbox 392 1761 459 1794; x_wconf 79' lang='grc'>129</span> <span class='ocrx_word' id='word_1_158' title='bbox 482 1766 550 1794; x_wconf 85' lang='lat' dir='ltr'>not.</span> <span class='ocrx_word' id='word_1_159' title='bbox 571 1761 646 1801; x_wconf 76' lang='lat' dir='ltr'>Vll,</span> <span class='ocrx_word' id='word_1_160' title='bbox 670 1760 747 1793; x_wconf 85' lang='lat'>196.</span> 
     </span>
     <span class='ocr_line' id='line_1_34' title="bbox 104 1805 815 1851; baseline 0 -13"><span class='ocrx_word' id='word_1_161' title='bbox 104 1807 197 1850; x_wconf 78' lang='lat' dir='ltr'>Apis,</span> <span class='ocrx_word' id='word_1_162' title='bbox 229 1806 379 1850; x_wconf 80' lang='lat' dir='ltr'>Aegypti</span> <span class='ocrx_word' id='word_1_163' title='bbox 405 1808 485 1840; x_wconf 89' lang='lat' dir='ltr'>urbs</span> <span class='ocrx_word' id='word_1_164' title='bbox 508 1807 639 1851; x_wconf 75' lang='lat' dir='ltr'>Libyae</span> <span class='ocrx_word' id='word_1_165' title='bbox 662 1805 815 1847; x_wconf 82' lang='lat' dir='ltr'>confinis,</span> 
     </span>
    </p>

    <p class='ocr_par' dir='ltr' id='par_1_19' title="bbox 148 1852 352 1892">
     <span class='ocr_line' id='line_1_35' title="bbox 148 1852 352 1892; baseline 0.005 -8"><span class='ocrx_word' id='word_1_166' title='bbox 148 1852 194 1892; x_wconf 93' lang='lat' dir='ltr'>II,</span> <span class='ocrx_word' id='word_1_167' title='bbox 217 1852 261 1885; x_wconf 96' lang='grc'>18</span> <span class='ocrx_word' id='word_1_168' title='bbox 284 1858 352 1885; x_wconf 88' lang='lat' dir='ltr'>not.</span> 
     </span>
    </p>

    <p class='ocr_par' dir='ltr' id='par_1_20' title="bbox 105 1897 813 2306">
     <span class='ocr_line' id='line_1_36' title="bbox 105 1897 812 1941; baseline -0.001 -12"><span class='ocrx_word' id='word_1_169' title='bbox 105 1898 197 1941; x_wconf 83' lang='lat' dir='ltr'><strong><em>Apis,</em></strong></span> <span class='ocrx_word' id='word_1_170' title='bbox 220 1898 367 1941; x_wconf 82' lang='lat' dir='ltr'>Aegypt.</span> <span class='ocrx_word' id='word_1_171' title='bbox 391 1898 495 1939; x_wconf 87' lang='lat' dir='ltr'>Deus,</span> <span class='ocrx_word' id='word_1_172' title='bbox 519 1898 732 1930; x_wconf 82' lang='lat' dir='ltr'>Graecorum</span> <span class='ocrx_word' id='word_1_173' title='bbox 762 1897 812 1928; x_wconf 88' lang='lat' dir='ltr'>E-</span> 
     </span>
     <span class='ocr_line' id='line_1_37' title="bbox 149 1943 810 1986; baseline -0.003 -10"><span class='ocrx_word' id='word_1_174' title='bbox 149 1943 294 1986; x_wconf 77' lang='lat' dir='ltr'>paphus,</span> <span class='ocrx_word' id='word_1_175' title='bbox 316 1943 361 1983; x_wconf 87' lang='lat' dir='ltr'>II,</span> <span class='ocrx_word' id='word_1_176' title='bbox 385 1943 463 1977; x_wconf 78' lang='lat'>153.</span> <span class='ocrx_word' id='word_1_177' title='bbox 498 1945 632 1986; x_wconf 82' lang='lat' dir='ltr'>quando</span> <span class='ocrx_word' id='word_1_178' title='bbox 654 1946 810 1984; x_wconf 79' lang='lat' dir='ltr'>apparet,</span> 
     </span>
     <span class='ocr_line' id='line_1_38' title="bbox 148 1987 808 2032; baseline -0.005 -10"><span class='ocrx_word' id='word_1_179' title='bbox 148 1989 401 2032; x_wconf 67' lang='lat' dir='ltr'>Aegyptiorum</span> <span class='ocrx_word' id='word_1_180' title='bbox 425 1990 560 2029; x_wconf 74' lang='lat' dir='ltr'>festum,</span> <span class='ocrx_word' id='word_1_181' title='bbox 593 1988 654 2028; x_wconf 89' lang='lat' dir='ltr'>III,</span> <span class='ocrx_word' id='word_1_182' title='bbox 679 1987 724 2021; x_wconf 84' lang='grc'>27</span> <span class='ocrx_word' id='word_1_183' title='bbox 741 1992 808 2020; x_wconf 86' lang='lat' dir='ltr'>not.</span> 
     </span>
     <span class='ocr_line' id='line_1_39' title="bbox 148 2034 812 2077; baseline -0.003 -10"><span class='ocrx_word' id='word_1_184' title='bbox 148 2034 222 2067; x_wconf 85' lang='lat' dir='ltr'>cius</span> <span class='ocrx_word' id='word_1_185' title='bbox 243 2034 425 2077; x_wconf 70' lang='lat' dir='ltr'>descriptio</span> <span class='ocrx_word' id='word_1_186' title='bbox 447 2038 481 2067; x_wconf 89' lang='lat' dir='ltr'>et</span> <span class='ocrx_word' id='word_1_187' title='bbox 511 2039 610 2066; x_wconf 79' lang='lat' dir='ltr'>notae</span> <span class='ocrx_word' id='word_1_188' title='bbox 638 2034 812 2077; x_wconf 74' lang='lat' dir='ltr'>significa-</span> 
     </span>
     <span class='ocr_line' id='line_1_40' title="bbox 147 2079 813 2123; baseline 0.002 -11"><span class='ocrx_word' id='word_1_189' title='bbox 147 2080 208 2119; x_wconf 82' lang='lat' dir='ltr'>tio,</span> <span class='ocrx_word' id='word_1_190' title='bbox 233 2092 261 2112; x_wconf 86' lang='lat' dir='ltr'>c.</span> <span class='ocrx_word' id='word_1_191' title='bbox 286 2079 332 2112; x_wconf 80' lang='grc'><strong>28</strong></span> <span class='ocrx_word' id='word_1_192' title='bbox 354 2086 424 2113; x_wconf 89' lang='lat' dir='ltr'>not.</span> <span class='ocrx_word' id='word_1_193' title='bbox 450 2082 588 2112; x_wconf 81' lang='lat' dir='ltr'>Excurs.</span> <span class='ocrx_word' id='word_1_194' title='bbox 615 2080 659 2112; x_wconf 87' lang='lat' dir='ltr'>T.</span> <span class='ocrx_word' id='word_1_195' title='bbox 676 2080 708 2112; x_wconf 91' lang='lat' dir='ltr'>II</span> <span class='ocrx_word' id='word_1_196' title='bbox 729 2090 813 2123; x_wconf 82' lang='lat' dir='ltr'>pag.</span> 
     </span>
     <span class='ocr_line' id='line_1_41' title="bbox 147 2125 808 2168; baseline 0 -11"><span class='ocrx_word' id='word_1_197' title='bbox 147 2125 214 2158; x_wconf 77' lang='lat'>641</span> <span class='ocrx_word' id='word_1_198' title='bbox 239 2126 277 2158; x_wconf 83' lang='lat' dir='ltr'>ff.</span> <span class='ocrx_word' id='word_1_199' title='bbox 305 2125 427 2158; x_wconf 84' lang='lat' dir='ltr'>illusus</span> <span class='ocrx_word' id='word_1_200' title='bbox 449 2136 470 2158; x_wconf 91' lang='lat' dir='ltr'>a</span> <span class='ocrx_word' id='word_1_201' title='bbox 497 2126 667 2168; x_wconf 70' lang='lat' dir='ltr'>Cambyse</span> <span class='ocrx_word' id='word_1_202' title='bbox 686 2129 719 2158; x_wconf 85' lang='lat' dir='ltr'>et</span> <span class='ocrx_word' id='word_1_203' title='bbox 732 2127 808 2157; x_wconf 87' lang='lat' dir='ltr'>vul-</span> 
     </span>
     <span class='ocr_line' id='line_1_42' title="bbox 147 2170 810 2211; baseline 0 -8"><span class='ocrx_word' id='word_1_204' title='bbox 147 2176 284 2204; x_wconf 86' lang='lat' dir='ltr'>neratus</span> <span class='ocrx_word' id='word_1_205' title='bbox 317 2172 505 2211; x_wconf 86' lang='lat' dir='ltr'>contabuit,</span> <span class='ocrx_word' id='word_1_206' title='bbox 539 2184 568 2205; x_wconf 88' lang='lat' dir='ltr'>c.</span> <span class='ocrx_word' id='word_1_207' title='bbox 607 2171 652 2204; x_wconf 90' lang='grc'>29</span> <span class='ocrx_word' id='word_1_208' title='bbox 684 2175 753 2204; x_wconf 85' lang='lat' dir='ltr'>not.</span> <span class='ocrx_word' id='word_1_209' title='bbox 777 2170 810 2203; x_wconf 87' lang='lat' dir='ltr'>ei</span> 
     </span>
     <span class='ocr_line' id='line_1_43' title="bbox 146 2217 808 2259; baseline 0.003 -10"><span class='ocrx_word' id='word_1_210' title='bbox 146 2218 227 2250; x_wconf 83' lang='lat' dir='ltr'>nula</span> <span class='ocrx_word' id='word_1_211' title='bbox 250 2217 407 2259; x_wconf 82' lang='lat' dir='ltr'>Memphi</span> <span class='ocrx_word' id='word_1_212' title='bbox 430 2228 452 2250; x_wconf 87' lang='lat' dir='ltr'>a</span> <span class='ocrx_word' id='word_1_213' title='bbox 474 2217 724 2251; x_wconf 87' lang='lat' dir='ltr'>Psammiticho</span> <span class='ocrx_word' id='word_1_214' title='bbox 748 2227 808 2251; x_wconf 84' lang='lat' dir='ltr'>ae-</span> 
     </span>
     <span class='ocr_line' id='line_1_44' title="bbox 147 2262 473 2306; baseline 0.006 -11"><span class='ocrx_word' id='word_1_215' title='bbox 147 2262 295 2306; x_wconf 88' lang='lat' dir='ltr'>dificata,</span> <span class='ocrx_word' id='word_1_216' title='bbox 319 2263 366 2304; x_wconf 96' lang='grc' dir='ltr'>ΙΙ,</span> <span class='ocrx_word' id='word_1_217' title='bbox 392 2263 473 2297; x_wconf 80' lang='lat'>153.</span> 
     </span>
    </p>
   </div>
   <div class='ocr_carea' id='block_1_3' title="bbox 106 2338 378 2345">
    <p class='ocr_par' dir='ltr' id='par_1_21' title="bbox 106 2338 378 2345">
     <span class='ocr_line' id='line_1_45' title="bbox 106 2338 378 2345; baseline 0 947"><span class='ocrx_word' id='word_1_218' title='bbox 106 2338 378 2345; x_wconf 95' lang='lat' dir='ltr'> </span> 
     </span>
    </p>
   </div>
   <div class='ocr_carea' id='block_1_4' title="bbox 1511 237 1595 278">
    <p class='ocr_par' dir='ltr' id='par_1_22' title="bbox 1511 237 1595 278">
     <span class='ocr_line' id='line_1_46' title="bbox 1511 237 1595 278; baseline -0.012 0"><span class='ocrx_word' id='word_1_219' title='bbox 1511 237 1595 278; x_wconf 76' lang='lat'>453</span> 
     </span>
    </p>
   </div>
   <div class='ocr_carea' id='block_1_5' title="bbox 865 342 1597 2260">
    <p class='ocr_par' dir='ltr' id='par_1_23' title="bbox 882 342 1597 1162">
     <span class='ocr_line' id='line_1_47' title="bbox 882 342 1594 390; baseline 0.001 -12"><span class='ocrx_word' id='word_1_220' title='bbox 882 345 1013 390; x_wconf 87' lang='lat' dir='ltr'>Apollo,</span> <span class='ocrx_word' id='word_1_221' title='bbox 1037 342 1289 387; x_wconf 77' lang='lat' dir='ltr'>Aegyptiorum</span> <span class='ocrx_word' id='word_1_222' title='bbox 1312 342 1442 383; x_wconf 72' lang='lat' dir='ltr'>Hor-ns,</span> <span class='ocrx_word' id='word_1_223' title='bbox 1473 343 1594 388; x_wconf 80' lang='lat' dir='ltr'>Osiris,</span> 
     </span>
     <span class='ocr_line' id='line_1_48' title="bbox 929 388 1596 434; baseline 0.001 -12"><span class='ocrx_word' id='word_1_224' title='bbox 929 392 957 434; x_wconf 87' lang='lat' dir='ltr'>(i</span> <span class='ocrx_word' id='word_1_225' title='bbox 989 403 1019 426; x_wconf 84' lang='lat' dir='ltr'>e.</span> <span class='ocrx_word' id='word_1_226' title='bbox 1053 389 1196 432; x_wconf 78' lang='lat' dir='ltr'>Bacchi)</span> <span class='ocrx_word' id='word_1_227' title='bbox 1220 392 1255 421; x_wconf 86' lang='lat' dir='ltr'>et</span> <span class='ocrx_word' id='word_1_228' title='bbox 1278 388 1377 420; x_wconf 88' lang='lat' dir='ltr'>Isidis</span> <span class='ocrx_word' id='word_1_229' title='bbox 1399 389 1448 420; x_wconf 88' lang='lat' dir='ltr'>fil.</span> <span class='ocrx_word' id='word_1_230' title='bbox 1483 399 1504 422; x_wconf 85' lang='lat' dir='ltr'>a</span> <span class='ocrx_word' id='word_1_231' title='bbox 1526 391 1596 423; x_wconf 79' lang='lat' dir='ltr'>La-</span> 
     </span>
     <span class='ocr_line' id='line_1_49' title="bbox 927 433 1595 475; baseline -0.003 -5"><span class='ocrx_word' id='word_1_232' title='bbox 927 441 1008 470; x_wconf 85' lang='lat' dir='ltr'>tona</span> <span class='ocrx_word' id='word_1_233' title='bbox 1038 435 1170 468; x_wconf 87' lang='lat' dir='ltr'>nutrice</span> <span class='ocrx_word' id='word_1_234' title='bbox 1216 435 1415 475; x_wconf 84' lang='lat' dir='ltr'>occultatus,</span> <span class='ocrx_word' id='word_1_235' title='bbox 1459 433 1504 474; x_wconf 88' lang='lat' dir='ltr'>II,</span> <span class='ocrx_word' id='word_1_236' title='bbox 1528 435 1595 468; x_wconf 69' lang='lat'>144</span> 
     </span>
     <span class='ocr_line' id='line_1_50' title="bbox 926 479 1594 522; baseline -0.004 -7"><span class='ocrx_word' id='word_1_237' title='bbox 926 485 996 515; x_wconf 84' lang='lat' dir='ltr'>not.</span> <span class='ocrx_word' id='word_1_238' title='bbox 1027 480 1095 514; x_wconf 82' lang='lat'>156</span> <span class='ocrx_word' id='word_1_239' title='bbox 1128 485 1198 514; x_wconf 90' lang='lat' dir='ltr'>not.</span> <span class='ocrx_word' id='word_1_240' title='bbox 1227 480 1300 512; x_wconf 87' lang='lat' dir='ltr'>eius</span> <span class='ocrx_word' id='word_1_241' title='bbox 1333 479 1524 519; x_wconf 85' lang='lat' dir='ltr'>oraculum,</span> <span class='ocrx_word' id='word_1_242' title='bbox 1549 481 1594 522; x_wconf 90' lang='grc' dir='ltr'>ΙΙ,</span> 
     </span>
     <span class='ocr_line' id='line_1_51' title="bbox 926 523 1594 568; baseline -0.007 -7"><span class='ocrx_word' id='word_1_243' title='bbox 926 527 983 561; x_wconf 80' lang='lat'>83.</span> <span class='ocrx_word' id='word_1_244' title='bbox 1023 527 1190 568; x_wconf 86' lang='lat' dir='ltr'>templum</span> <span class='ocrx_word' id='word_1_245' title='bbox 1213 526 1317 566; x_wconf 73' lang='lat' dir='ltr'>Bato,</span> <span class='ocrx_word' id='word_1_246' title='bbox 1340 525 1386 568; x_wconf 89' lang='grc' dir='ltr'>ΙΙ,</span> <span class='ocrx_word' id='word_1_247' title='bbox 1410 523 1490 557; x_wconf 88' lang='grc'><strong>155.</strong></span> <span class='ocrx_word' id='word_1_248' title='bbox 1515 524 1594 557; x_wconf 88' lang='grc'><strong>156.</strong></span> 
     </span>
     <span class='ocr_line' id='line_1_52' title="bbox 926 570 1594 614; baseline -0.006 -9"><span class='ocrx_word' id='word_1_249' title='bbox 926 574 1002 605; x_wconf 78' lang='lat' dir='ltr'>fons</span> <span class='ocrx_word' id='word_1_250' title='bbox 1029 573 1180 614; x_wconf 85' lang='lat' dir='ltr'>Apollini</span> <span class='ocrx_word' id='word_1_251' title='bbox 1213 582 1308 604; x_wconf 78' lang='lat' dir='ltr'>sacer</span> <span class='ocrx_word' id='word_1_252' title='bbox 1330 570 1365 603; x_wconf 87' lang='lat' dir='ltr'>in</span> <span class='ocrx_word' id='word_1_253' title='bbox 1388 570 1514 614; x_wconf 82' lang='lat' dir='ltr'>Libya,</span> <span class='ocrx_word' id='word_1_254' title='bbox 1536 570 1594 611; x_wconf 82' lang='lat' dir='ltr'>lv,</span> 
     </span>
     <span class='ocr_line' id='line_1_53' title="bbox 924 616 1597 659; baseline -0.003 -8"><span class='ocrx_word' id='word_1_255' title='bbox 924 618 992 651; x_wconf 83' lang='grc'>158</span> <span class='ocrx_word' id='word_1_256' title='bbox 1027 622 1098 650; x_wconf 87' lang='lat' dir='ltr'>not.</span> <span class='ocrx_word' id='word_1_257' title='bbox 1139 617 1262 659; x_wconf 82' lang='lat' dir='ltr'>Apollo</span> <span class='ocrx_word' id='word_1_258' title='bbox 1293 616 1401 649; x_wconf 87' lang='lat' dir='ltr'>Sileni</span> <span class='ocrx_word' id='word_1_259' title='bbox 1432 617 1597 659; x_wconf 78' lang='lat' dir='ltr'>Marsyae</span> 
     </span>
     <span class='ocr_line' id='line_1_54' title="bbox 928 661 1594 706; baseline 0.002 -12"><span class='ocrx_word' id='word_1_260' title='bbox 928 665 1052 705; x_wconf 78' lang='lat' dir='ltr'>pellem</span> <span class='ocrx_word' id='word_1_261' title='bbox 1091 663 1183 705; x_wconf 84' lang='lat' dir='ltr'>apud</span> <span class='ocrx_word' id='word_1_262' title='bbox 1219 663 1377 706; x_wconf 79' lang='lat' dir='ltr'>Phryges</span> <span class='ocrx_word' id='word_1_263' title='bbox 1407 661 1594 705; x_wconf 78' lang='lat' dir='ltr'>suspendit,</span> 
     </span>
     <span class='ocr_line' id='line_1_55' title="bbox 925 707 1595 749; baseline -0.001 -7"><span class='ocrx_word' id='word_1_264' title='bbox 925 709 1000 749; x_wconf 83' lang='lat' dir='ltr'>VII,</span> <span class='ocrx_word' id='word_1_265' title='bbox 1033 708 1089 741; x_wconf 84' lang='grc'>26.</span> <span class='ocrx_word' id='word_1_266' title='bbox 1114 708 1159 741; x_wconf 77' lang='lat' dir='ltr'>cf.</span> <span class='ocrx_word' id='word_1_267' title='bbox 1193 710 1262 742; x_wconf 87' lang='lat' dir='ltr'>not.</span> <span class='ocrx_word' id='word_1_268' title='bbox 1311 709 1355 740; x_wconf 88' lang='lat' dir='ltr'>ad</span> <span class='ocrx_word' id='word_1_269' title='bbox 1378 708 1466 741; x_wconf 90' lang='lat' dir='ltr'>solos</span> <span class='ocrx_word' id='word_1_270' title='bbox 1483 707 1595 741; x_wconf 88' lang='lat' dir='ltr'>Meta-</span> 
     </span>
     <span class='ocr_line' id='line_1_56' title="bbox 922 752 1595 798; baseline -0.001 -10"><span class='ocrx_word' id='word_1_271' title='bbox 922 754 1082 798; x_wconf 80' lang='lat' dir='ltr'>pontinos</span> <span class='ocrx_word' id='word_1_272' title='bbox 1104 753 1138 786; x_wconf 84' lang='lat' dir='ltr'>in</span> <span class='ocrx_word' id='word_1_273' title='bbox 1160 753 1298 786; x_wconf 87' lang='lat' dir='ltr'>Italiam</span> <span class='ocrx_word' id='word_1_274' title='bbox 1322 752 1427 794; x_wconf 85' lang='lat' dir='ltr'>venit,</span> <span class='ocrx_word' id='word_1_275' title='bbox 1458 752 1595 787; x_wconf 82' lang='lat' dir='ltr'>Aristea</span> 
     </span>
     <span class='ocr_line' id='line_1_57' title="bbox 924 797 1594 842; baseline -0.003 -9"><span class='ocrx_word' id='word_1_276' title='bbox 924 800 1062 840; x_wconf 79' lang='lat' dir='ltr'>comite,</span> <span class='ocrx_word' id='word_1_277' title='bbox 1097 799 1154 840; x_wconf 89' lang='lat' dir='ltr'>IV,</span> <span class='ocrx_word' id='word_1_278' title='bbox 1187 797 1243 832; x_wconf 89' lang='grc'>15.</span> <span class='ocrx_word' id='word_1_279' title='bbox 1286 799 1410 842; x_wconf 87' lang='lat' dir='ltr'>Apollo</span> <span class='ocrx_word' id='word_1_280' title='bbox 1452 798 1594 842; x_wconf 84' lang='lat' dir='ltr'>Scythis</span> 
     </span>
     <span class='ocr_line' id='line_1_58' title="bbox 925 845 1593 889; baseline -0.004 -9"><span class='ocrx_word' id='word_1_281' title='bbox 925 847 1117 889; x_wconf 75' lang='lat' dir='ltr'>Oetosyrns</span> <span class='ocrx_word' id='word_1_282' title='bbox 1140 845 1345 885; x_wconf 87' lang='lat' dir='ltr'>nominatus,</span> <span class='ocrx_word' id='word_1_283' title='bbox 1376 845 1434 885; x_wconf 91' lang='lat' dir='ltr'>IV,</span> <span class='ocrx_word' id='word_1_284' title='bbox 1458 845 1514 877; x_wconf 87' lang='grc'>59.</span> <span class='ocrx_word' id='word_1_285' title='bbox 1546 845 1593 877; x_wconf 85' lang='grc' dir='ltr'>Α-</span> 
     </span>
     <span class='ocr_line' id='line_1_59' title="bbox 924 890 1592 936; baseline -0.004 -11"><span class='ocrx_word' id='word_1_286' title='bbox 924 892 1046 936; x_wconf 88' lang='lat' dir='ltr'>pollini</span> <span class='ocrx_word' id='word_1_287' title='bbox 1056 890 1197 933; x_wconf 84' lang='lat' dir='ltr'>Triopio</span> <span class='ocrx_word' id='word_1_288' title='bbox 1222 891 1319 923; x_wconf 83' lang='lat' dir='ltr'>ludos</span> <span class='ocrx_word' id='word_1_289' title='bbox 1336 891 1509 923; x_wconf 86' lang='lat' dir='ltr'>celebrant</span> <span class='ocrx_word' id='word_1_290' title='bbox 1519 891 1592 923; x_wconf 89' lang='lat' dir='ltr'>Do-</span> 
     </span>
     <span class='ocr_line' id='line_1_60' title="bbox 923 936 1591 978; baseline -0.004 -7"><span class='ocrx_word' id='word_1_291' title='bbox 923 939 1062 978; x_wconf 83' lang='lat' dir='ltr'>rienses,</span> <span class='ocrx_word' id='word_1_292' title='bbox 1076 937 1104 978; x_wconf 91' lang='lat' dir='ltr'>I,</span> <span class='ocrx_word' id='word_1_293' title='bbox 1115 936 1195 969; x_wconf 72' lang='lat'>144.</span> <span class='ocrx_word' id='word_1_294' title='bbox 1218 936 1388 978; x_wconf 86' lang='lat' dir='ltr'>Apollinis</span> <span class='ocrx_word' id='word_1_295' title='bbox 1410 936 1591 969; x_wconf 81' lang='lat' dir='ltr'>delubrum</span> 
     </span>
     <span class='ocr_line' id='line_1_61' title="bbox 924 983 1591 1026; baseline -0.006 -8"><span class='ocrx_word' id='word_1_296' title='bbox 924 984 1015 1026; x_wconf 81' lang='lat' dir='ltr'>apud</span> <span class='ocrx_word' id='word_1_297' title='bbox 1053 983 1146 1016; x_wconf 86' lang='lat' dir='ltr'>Abas</span> <span class='ocrx_word' id='word_1_298' title='bbox 1177 983 1377 1025; x_wconf 85' lang='lat' dir='ltr'>opulentum</span> <span class='ocrx_word' id='word_1_299' title='bbox 1401 986 1436 1015; x_wconf 85' lang='lat' dir='ltr'>et</span> <span class='ocrx_word' id='word_1_300' title='bbox 1468 993 1591 1015; x_wconf 87' lang='lat' dir='ltr'>oracu-</span> 
     </span>
     <span class='ocr_line' id='line_1_62' title="bbox 925 1027 1590 1071; baseline -0.003 -9"><span class='ocrx_word' id='word_1_301' title='bbox 925 1031 1010 1070; x_wconf 86' lang='lat' dir='ltr'>lum,</span> <span class='ocrx_word' id='word_1_302' title='bbox 1035 1028 1127 1069; x_wconf 72' lang='lat' dir='ltr'>VIII,</span> <span class='ocrx_word' id='word_1_303' title='bbox 1151 1027 1207 1063; x_wconf 81' lang='lat'>33.</span> <span class='ocrx_word' id='word_1_304' title='bbox 1229 1028 1273 1062; x_wconf 80' lang='lat' dir='ltr'>cf.</span> <span class='ocrx_word' id='word_1_305' title='bbox 1293 1041 1322 1061; x_wconf 88' lang='lat' dir='ltr'>c.</span> <span class='ocrx_word' id='word_1_306' title='bbox 1355 1027 1434 1061; x_wconf 78' lang='lat'>134.</span> <span class='ocrx_word' id='word_1_307' title='bbox 1468 1028 1590 1071; x_wconf 80' lang='lat' dir='ltr'>Apollo</span> 
     </span>
     <span class='ocr_line' id='line_1_63' title="bbox 923 1073 1592 1117; baseline -0.004 -8"><span class='ocrx_word' id='word_1_308' title='bbox 923 1075 1111 1109; x_wconf 87' lang='lat' dir='ltr'>Panionius</span> <span class='ocrx_word' id='word_1_309' title='bbox 1133 1074 1159 1115; x_wconf 89' lang='grc' dir='ltr'><strong>Ι,</strong></span> <span class='ocrx_word' id='word_1_310' title='bbox 1184 1073 1252 1107; x_wconf 74' lang='lat'>148</span> <span class='ocrx_word' id='word_1_311' title='bbox 1270 1077 1339 1107; x_wconf 91' lang='lat' dir='ltr'>not.</span> <span class='ocrx_word' id='word_1_312' title='bbox 1363 1074 1490 1116; x_wconf 87' lang='lat' dir='ltr'>Apollo</span> <span class='ocrx_word' id='word_1_313' title='bbox 1520 1073 1592 1117; x_wconf 76' lang='lat' dir='ltr'>Ly-</span> 
     </span>
     <span class='ocr_line' id='line_1_64' title="bbox 924 1119 1591 1162; baseline -0.004 -8"><span class='ocrx_word' id='word_1_314' title='bbox 924 1121 1008 1160; x_wconf 84' lang='lat' dir='ltr'>cius,</span> <span class='ocrx_word' id='word_1_315' title='bbox 1031 1120 1058 1161; x_wconf 93' lang='grc' dir='ltr'>Ι,</span> <span class='ocrx_word' id='word_1_316' title='bbox 1082 1119 1150 1152; x_wconf 88' lang='grc'>182</span> <span class='ocrx_word' id='word_1_317' title='bbox 1173 1124 1241 1153; x_wconf 88' lang='lat' dir='ltr'>not.</span> <span class='ocrx_word' id='word_1_318' title='bbox 1261 1120 1385 1162; x_wconf 84' lang='lat' dir='ltr'>Apollo</span> <span class='ocrx_word' id='word_1_319' title='bbox 1403 1120 1591 1162; x_wconf 86' lang='lat' dir='ltr'>Didymae-</span> 
     </span>
    </p>

    <p class='ocr_par' dir='ltr' id='par_1_24' title="bbox 897 1162 1594 1985">
     <span class='ocr_line' id='line_1_65' title="bbox 897 1162 1594 1209; baseline -0.003 -10"><span class='ocrx_word' id='word_1_320' title='bbox 897 1180 899 1182; x_wconf 88' lang='lat'>·</span> <span class='ocrx_word' id='word_1_321' title='bbox 922 1178 962 1200; x_wconf 90' lang='lat' dir='ltr'>ns</span> <span class='ocrx_word' id='word_1_322' title='bbox 986 1167 1028 1199; x_wconf 90' lang='lat' dir='ltr'>T.</span> <span class='ocrx_word' id='word_1_323' title='bbox 1057 1166 1072 1198; x_wconf 97' lang='lat' dir='ltr'>I</span> <span class='ocrx_word' id='word_1_324' title='bbox 1092 1178 1124 1208; x_wconf 93' lang='lat' dir='ltr'>p.</span> <span class='ocrx_word' id='word_1_325' title='bbox 1144 1165 1224 1198; x_wconf 84' lang='grc'><strong>927.</strong></span> <span class='ocrx_word' id='word_1_326' title='bbox 1250 1166 1373 1207; x_wconf 88' lang='lat' dir='ltr'>Apollo</span> <span class='ocrx_word' id='word_1_327' title='bbox 1394 1162 1594 1209; x_wconf 78' lang='grc' dir='ltr'><em>Ἑκηβόλος</em></span> 
     </span>
     <span class='ocr_line' id='line_1_66' title="bbox 921 1209 1591 1254; baseline 0 -10"><span class='ocrx_word' id='word_1_328' title='bbox 921 1217 955 1246; x_wconf 83' lang='lat' dir='ltr'>et</span> <span class='ocrx_word' id='word_1_329' title='bbox 991 1209 1195 1252; x_wconf 78' lang='grc' dir='ltr'><strong>Εὔσκοπος,</strong></span> <span class='ocrx_word' id='word_1_330' title='bbox 1230 1212 1268 1252; x_wconf 85' lang='lat' dir='ltr'>V,</span> <span class='ocrx_word' id='word_1_331' title='bbox 1292 1212 1338 1244; x_wconf 88' lang='grc'>60</span> <span class='ocrx_word' id='word_1_332' title='bbox 1362 1216 1431 1243; x_wconf 90' lang='lat' dir='ltr'>not.</span> <span class='ocrx_word' id='word_1_333' title='bbox 1463 1211 1591 1254; x_wconf 87' lang='lat' dir='ltr'>Apollo</span> 
     </span>
     <span class='ocr_line' id='line_1_67' title="bbox 921 1255 1590 1299; baseline -0.004 -8"><span class='ocrx_word' id='word_1_334' title='bbox 921 1259 1111 1299; x_wconf 85' lang='lat' dir='ltr'>Laconum,</span> <span class='ocrx_word' id='word_1_335' title='bbox 1128 1257 1184 1297; x_wconf 64' lang='lat' dir='ltr'>VI,</span> <span class='ocrx_word' id='word_1_336' title='bbox 1194 1255 1239 1289; x_wconf 88' lang='grc'><strong>57</strong></span> <span class='ocrx_word' id='word_1_337' title='bbox 1250 1261 1317 1291; x_wconf 87' lang='lat' dir='ltr'>not.</span> <span class='ocrx_word' id='word_1_338' title='bbox 1336 1256 1504 1298; x_wconf 84' lang='lat' dir='ltr'>Apollinis</span> <span class='ocrx_word' id='word_1_339' title='bbox 1515 1256 1590 1288; x_wconf 86' lang='lat' dir='ltr'>cnl-</span> 
     </span>
     <span class='ocr_line' id='line_1_68' title="bbox 922 1301 1590 1346; baseline -0.003 -10"><span class='ocrx_word' id='word_1_340' title='bbox 922 1308 975 1337; x_wconf 86' lang='lat' dir='ltr'>tns</span> <span class='ocrx_word' id='word_1_341' title='bbox 990 1303 1148 1346; x_wconf 78' lang='lat' dir='ltr'>Spartae,</span> <span class='ocrx_word' id='word_1_342' title='bbox 1173 1302 1312 1340; x_wconf 72' lang='lat' dir='ltr'>HL57.</span> <span class='ocrx_word' id='word_1_343' title='bbox 1338 1303 1410 1334; x_wconf 85' lang='lat' dir='ltr'>eius</span> <span class='ocrx_word' id='word_1_344' title='bbox 1431 1306 1541 1335; x_wconf 85' lang='lat' dir='ltr'>statua</span> <span class='ocrx_word' id='word_1_345' title='bbox 1554 1301 1590 1334; x_wconf 91' lang='lat' dir='ltr'>in</span> 
     </span>
     <span class='ocr_line' id='line_1_69' title="bbox 920 1347 1588 1390; baseline -0.003 -9"><span class='ocrx_word' id='word_1_346' title='bbox 920 1349 1106 1382; x_wconf 87' lang='lat' dir='ltr'>Thornace</span> <span class='ocrx_word' id='word_1_347' title='bbox 1118 1348 1297 1390; x_wconf 81' lang='lat' dir='ltr'>Laconica,</span> <span class='ocrx_word' id='word_1_348' title='bbox 1311 1348 1337 1389; x_wconf 83' lang='grc' dir='ltr'>Ι,</span> <span class='ocrx_word' id='word_1_349' title='bbox 1348 1347 1393 1380; x_wconf 85' lang='grc'>69</span> <span class='ocrx_word' id='word_1_350' title='bbox 1403 1360 1432 1380; x_wconf 91' lang='lat' dir='ltr'>n.</span> <span class='ocrx_word' id='word_1_351' title='bbox 1448 1347 1588 1380; x_wconf 84' lang='lat' dir='ltr'>Ismenii</span> 
     </span>
     <span class='ocr_line' id='line_1_70' title="bbox 919 1392 1590 1437; baseline -0.003 -9"><span class='ocrx_word' id='word_1_352' title='bbox 919 1395 1088 1437; x_wconf 82' lang='lat' dir='ltr'>Apollinis</span> <span class='ocrx_word' id='word_1_353' title='bbox 1120 1394 1253 1426; x_wconf 87' lang='lat' dir='ltr'>Thebis</span> <span class='ocrx_word' id='word_1_354' title='bbox 1287 1395 1468 1437; x_wconf 83' lang='lat' dir='ltr'>templum,</span> <span class='ocrx_word' id='word_1_355' title='bbox 1491 1393 1519 1433; x_wconf 91' lang='grc' dir='ltr'>Ι,</span> <span class='ocrx_word' id='word_1_356' title='bbox 1544 1392 1590 1426; x_wconf 86' lang='grc'><strong>52</strong></span> 
     </span>
     <span class='ocr_line' id='line_1_71' title="bbox 918 1438 1589 1479; baseline -0.003 -5"><span class='ocrx_word' id='word_1_357' title='bbox 918 1444 988 1475; x_wconf 88' lang='lat' dir='ltr'>not.</span> <span class='ocrx_word' id='word_1_358' title='bbox 1025 1439 1071 1472; x_wconf 88' lang='grc'>92</span> <span class='ocrx_word' id='word_1_359' title='bbox 1102 1443 1170 1472; x_wconf 84' lang='lat' dir='ltr'>not.</span> <span class='ocrx_word' id='word_1_360' title='bbox 1214 1440 1252 1479; x_wconf 88' lang='lat' dir='ltr'>V,</span> <span class='ocrx_word' id='word_1_361' title='bbox 1282 1439 1328 1473; x_wconf 86' lang='grc'>59</span> <span class='ocrx_word' id='word_1_362' title='bbox 1355 1443 1425 1473; x_wconf 88' lang='lat' dir='ltr'>not.</span> <span class='ocrx_word' id='word_1_363' title='bbox 1465 1438 1514 1472; x_wconf 88' lang='lat' dir='ltr'>ibi</span> <span class='ocrx_word' id='word_1_364' title='bbox 1547 1450 1589 1472; x_wconf 85' lang='lat' dir='ltr'>ex</span> 
     </span>
     <span class='ocr_line' id='line_1_72' title="bbox 920 1485 1590 1528; baseline -0.001 -10"><span class='ocrx_word' id='word_1_365' title='bbox 920 1486 1064 1518; x_wconf 82' lang='lat' dir='ltr'>victima</span> <span class='ocrx_word' id='word_1_366' title='bbox 1102 1497 1264 1528; x_wconf 78' lang='lat' dir='ltr'>responsa</span> <span class='ocrx_word' id='word_1_367' title='bbox 1307 1485 1371 1518; x_wconf 86' lang='lat' dir='ltr'>Dei</span> <span class='ocrx_word' id='word_1_368' title='bbox 1416 1488 1590 1527; x_wconf 75' lang='lat' dir='ltr'>petuntur,</span> 
     </span>
     <span class='ocr_line' id='line_1_73' title="bbox 920 1530 1590 1572; baseline -0.003 -8"><span class='ocrx_word' id='word_1_369' title='bbox 920 1532 1012 1572; x_wconf 76' lang='lat' dir='ltr'>VIII,</span> <span class='ocrx_word' id='word_1_370' title='bbox 1037 1531 1106 1564; x_wconf 71' lang='lat'>134</span> <span class='ocrx_word' id='word_1_371' title='bbox 1128 1536 1198 1564; x_wconf 87' lang='lat' dir='ltr'>not.</span> <span class='ocrx_word' id='word_1_372' title='bbox 1236 1530 1314 1564; x_wconf 85' lang='lat' dir='ltr'>Ptoi</span> <span class='ocrx_word' id='word_1_373' title='bbox 1345 1530 1512 1571; x_wconf 81' lang='lat' dir='ltr'>Apollinis</span> <span class='ocrx_word' id='word_1_374' title='bbox 1536 1531 1590 1563; x_wconf 83' lang='lat' dir='ltr'>fa-</span> 
     </span>
     <span class='ocr_line' id='line_1_74' title="bbox 918 1575 1587 1616; baseline -0.003 -6"><span class='ocrx_word' id='word_1_375' title='bbox 918 1589 1001 1611; x_wconf 86' lang='lat' dir='ltr'>num</span> <span class='ocrx_word' id='word_1_376' title='bbox 1033 1577 1292 1616; x_wconf 83' lang='lat' dir='ltr'>Thebanorum,</span> <span class='ocrx_word' id='word_1_377' title='bbox 1313 1576 1406 1616; x_wconf 66' lang='lat' dir='ltr'>VIII,</span> <span class='ocrx_word' id='word_1_378' title='bbox 1428 1575 1496 1608; x_wconf 78' lang='lat'>135</span> <span class='ocrx_word' id='word_1_379' title='bbox 1519 1580 1587 1609; x_wconf 85' lang='lat' dir='ltr'>not.</span> 
     </span>
     <span class='ocr_line' id='line_1_75' title="bbox 917 1622 1588 1665; baseline -0.004 -8"><span class='ocrx_word' id='word_1_380' title='bbox 917 1623 1105 1665; x_wconf 84' lang='lat' dir='ltr'>Delphicus</span> <span class='ocrx_word' id='word_1_381' title='bbox 1129 1623 1266 1665; x_wconf 85' lang='lat' dir='ltr'>Apollo,</span> <span class='ocrx_word' id='word_1_382' title='bbox 1290 1633 1311 1655; x_wconf 86' lang='lat' dir='ltr'>a</span> <span class='ocrx_word' id='word_1_383' title='bbox 1331 1623 1456 1654; x_wconf 81' lang='lat' dir='ltr'>Croeso</span> <span class='ocrx_word' id='word_1_384' title='bbox 1478 1622 1588 1654; x_wconf 84' lang='lat' dir='ltr'>Grae-</span> 
     </span>
     <span class='ocr_line' id='line_1_76' title="bbox 918 1667 1588 1708; baseline -0.004 -6"><span class='ocrx_word' id='word_1_385' title='bbox 918 1680 1037 1702; x_wconf 83' lang='lat' dir='ltr'>corum</span> <span class='ocrx_word' id='word_1_386' title='bbox 1063 1668 1375 1708; x_wconf 80' lang='lat' dir='ltr'>Deusnorninatus,</span> <span class='ocrx_word' id='word_1_387' title='bbox 1397 1671 1431 1701; x_wconf 88' lang='lat' dir='ltr'>et</span> <span class='ocrx_word' id='word_1_388' title='bbox 1456 1667 1588 1707; x_wconf 68' lang='lat' dir='ltr'>praeci-</span> 
     </span>
     <span class='ocr_line' id='line_1_77' title="bbox 918 1712 1587 1758; baseline 0 -11"><span class='ocrx_word' id='word_1_389' title='bbox 918 1726 985 1758; x_wconf 89' lang='lat' dir='ltr'>pue</span> <span class='ocrx_word' id='word_1_390' title='bbox 1015 1715 1138 1755; x_wconf 90' lang='lat' dir='ltr'>cultus,</span> <span class='ocrx_word' id='word_1_391' title='bbox 1171 1714 1198 1755; x_wconf 88' lang='grc' dir='ltr'>Ι,</span> <span class='ocrx_word' id='word_1_392' title='bbox 1222 1713 1278 1746; x_wconf 90' lang='grc'>90.</span> <span class='ocrx_word' id='word_1_393' title='bbox 1315 1714 1361 1748; x_wconf 81' lang='lat' dir='ltr'>cf.</span> <span class='ocrx_word' id='word_1_394' title='bbox 1393 1725 1422 1745; x_wconf 88' lang='lat' dir='ltr'>c.</span> <span class='ocrx_word' id='word_1_395' title='bbox 1447 1712 1492 1746; x_wconf 90' lang='grc'><strong>50</strong></span> <span class='ocrx_word' id='word_1_396' title='bbox 1516 1724 1587 1755; x_wconf 83' lang='lat' dir='ltr'>seq.</span> 
     </span>
     <span class='ocr_line' id='line_1_78' title="bbox 920 1759 1586 1803; baseline -0.003 -9"><span class='ocrx_word' id='word_1_397' title='bbox 920 1773 942 1794; x_wconf 88' lang='lat' dir='ltr'>a</span> <span class='ocrx_word' id='word_1_398' title='bbox 965 1761 1091 1793; x_wconf 77' lang='lat' dir='ltr'>Croeso</span> <span class='ocrx_word' id='word_1_399' title='bbox 1116 1760 1306 1799; x_wconf 84' lang='lat' dir='ltr'>invocatus,</span> <span class='ocrx_word' id='word_1_400' title='bbox 1338 1770 1446 1803; x_wconf 86' lang='lat' dir='ltr'>pyrae</span> <span class='ocrx_word' id='word_1_401' title='bbox 1470 1759 1586 1803; x_wconf 84' lang='lat' dir='ltr'>ignem</span> 
     </span>
     <span class='ocr_line' id='line_1_79' title="bbox 917 1805 1586 1848; baseline -0.003 -9"><span class='ocrx_word' id='word_1_402' title='bbox 917 1806 1117 1848; x_wconf 73' lang='lat' dir='ltr'>exstinguit,</span> <span class='ocrx_word' id='word_1_403' title='bbox 1166 1806 1194 1846; x_wconf 87' lang='grc' dir='ltr'>Ι,</span> <span class='ocrx_word' id='word_1_404' title='bbox 1239 1805 1295 1839; x_wconf 84' lang='grc'>87.</span> <span class='ocrx_word' id='word_1_405' title='bbox 1341 1805 1586 1838; x_wconf 74' lang='lat' dir='ltr'>vaticiniorum</span> 
     </span>
     <span class='ocr_line' id='line_1_80' title="bbox 916 1851 1587 1893; baseline -0.003 -9"><span class='ocrx_word' id='word_1_406' title='bbox 916 1863 1057 1885; x_wconf 82' lang='lat' dir='ltr'>snorum</span> <span class='ocrx_word' id='word_1_407' title='bbox 1076 1852 1296 1893; x_wconf 79' lang='lat' dir='ltr'>exprobranti</span> <span class='ocrx_word' id='word_1_408' title='bbox 1316 1851 1483 1884; x_wconf 79' lang='lat' dir='ltr'>rationem</span> <span class='ocrx_word' id='word_1_409' title='bbox 1509 1851 1587 1883; x_wconf 87' lang='lat' dir='ltr'>red-</span> 
     </span>
     <span class='ocr_line' id='line_1_81' title="bbox 915 1896 1590 1942; baseline 0 -13"><span class='ocrx_word' id='word_1_410' title='bbox 915 1898 977 1937; x_wconf 88' lang='lat' dir='ltr'>dit,</span> <span class='ocrx_word' id='word_1_411' title='bbox 1016 1897 1044 1938; x_wconf 89' lang='lat' dir='ltr'>I,</span> <span class='ocrx_word' id='word_1_412' title='bbox 1080 1896 1135 1929; x_wconf 90' lang='grc'>90.</span> <span class='ocrx_word' id='word_1_413' title='bbox 1169 1896 1226 1930; x_wconf 84' lang='grc'>91.</span> <span class='ocrx_word' id='word_1_414' title='bbox 1272 1896 1442 1942; x_wconf 88' lang='lat' dir='ltr'>Apollinis</span> <span class='ocrx_word' id='word_1_415' title='bbox 1486 1907 1590 1929; x_wconf 69' lang='lat' dir='ltr'>arma</span> 
     </span>
     <span class='ocr_line' id='line_1_82' title="bbox 914 1942 1585 1985; baseline -0.001 -10"><span class='ocrx_word' id='word_1_416' title='bbox 914 1946 1034 1984; x_wconf 84' lang='lat' dir='ltr'>sponte</span> <span class='ocrx_word' id='word_1_417' title='bbox 1066 1942 1266 1985; x_wconf 86' lang='lat' dir='ltr'>apparentia</span> <span class='ocrx_word' id='word_1_418' title='bbox 1295 1942 1465 1985; x_wconf 86' lang='lat' dir='ltr'>Delphis,</span> <span class='ocrx_word' id='word_1_419' title='bbox 1493 1942 1585 1983; x_wconf 77' lang='lat' dir='ltr'>vlu,</span> 
     </span>
    </p>

    <p class='ocr_par' dir='ltr' id='par_1_25' title="bbox 867 2031 1588 2114">
     <span class='ocr_line' id='line_1_83' title="bbox 867 2031 1588 2111; baseline -0.003 -45"><span class='ocrx_word' id='word_1_420' title='bbox 867 2033 1116 2111; x_wconf 59' lang='lat' dir='ltr'>Apollonian</span> <span class='ocrx_word' id='word_1_421' title='bbox 1147 2034 1258 2067; x_wconf 87' lang='lat' dir='ltr'>Ponto</span> <span class='ocrx_word' id='word_1_422' title='bbox 1282 2033 1433 2074; x_wconf 86' lang='lat' dir='ltr'>Euxino,</span> <span class='ocrx_word' id='word_1_423' title='bbox 1457 2032 1516 2073; x_wconf 87' lang='lat' dir='ltr'>IV,</span> <span class='ocrx_word' id='word_1_424' title='bbox 1540 2031 1588 2065; x_wconf 88' lang='grc'>90</span> 
     </span>
     <span class='ocr_line' id='line_1_84' title="bbox 913 2079 1115 2114; baseline 0 -3"><span class='ocrx_word' id='word_1_425' title='bbox 913 2084 981 2114; x_wconf 85' lang='lat' dir='ltr'>not.</span> <span class='ocrx_word' id='word_1_426' title='bbox 1005 2084 1037 2112; x_wconf 82' lang='lat' dir='ltr'>et</span> <span class='ocrx_word' id='word_1_427' title='bbox 1061 2079 1091 2111; x_wconf 67' lang='grc' dir='ltr'><strong>,Γ</strong></span> <span class='ocrx_word' id='word_1_428' title='bbox 1108 2105 1115 2112; x_wconf 92' lang='grc'>.</span> 
     </span>
    </p>

    <p class='ocr_par' dir='ltr' id='par_1_26' title="bbox 865 2122 1586 2260">
     <span class='ocr_line' id='line_1_85' title="bbox 865 2122 1585 2171; baseline -0.004 -13"><span class='ocrx_word' id='word_1_429' title='bbox 865 2126 1048 2171; x_wconf 75' lang='lat' dir='ltr'>Apollonia</span> <span class='ocrx_word' id='word_1_430' title='bbox 1072 2125 1108 2157; x_wconf 88' lang='lat' dir='ltr'>in</span> <span class='ocrx_word' id='word_1_431' title='bbox 1132 2124 1209 2157; x_wconf 89' lang='lat' dir='ltr'>sinu</span> <span class='ocrx_word' id='word_1_432' title='bbox 1226 2123 1333 2164; x_wconf 89' lang='lat' dir='ltr'>Ionio,</span> <span class='ocrx_word' id='word_1_433' title='bbox 1358 2123 1422 2164; x_wconf 73' lang='lat' dir='ltr'>lx,</span> <span class='ocrx_word' id='word_1_434' title='bbox 1446 2122 1491 2155; x_wconf 87' lang='grc'>92</span> <span class='ocrx_word' id='word_1_435' title='bbox 1515 2126 1585 2156; x_wconf 89' lang='lat' dir='ltr'>not.</span> 
     </span>
     <span class='ocr_line' id='line_1_86' title="bbox 912 2168 1586 2211; baseline -0.004 -8"><span class='ocrx_word' id='word_1_436' title='bbox 912 2171 970 2204; x_wconf 87' lang='lat' dir='ltr'>ubi</span> <span class='ocrx_word' id='word_1_437' title='bbox 994 2182 1113 2203; x_wconf 75' lang='lat' dir='ltr'>sacrae</span> <span class='ocrx_word' id='word_1_438' title='bbox 1136 2170 1218 2203; x_wconf 86' lang='lat' dir='ltr'>solis</span> <span class='ocrx_word' id='word_1_439' title='bbox 1243 2181 1336 2211; x_wconf 79' lang='lat' dir='ltr'>oves,</span> <span class='ocrx_word' id='word_1_440' title='bbox 1358 2169 1419 2206; x_wconf 78' lang='lat' dir='ltr'>IX,</span> <span class='ocrx_word' id='word_1_441' title='bbox 1444 2168 1500 2201; x_wconf 80' lang='grc'>93.</span> <span class='ocrx_word' id='word_1_442' title='bbox 1538 2169 1586 2200; x_wconf 87' lang='lat' dir='ltr'>A-</span> 
     </span>
     <span class='ocr_line' id='line_1_87' title="bbox 910 2211 1582 2260; baseline -0.003 -12"><span class='ocrx_word' id='word_1_443' title='bbox 910 2217 1114 2260; x_wconf 78' lang='lat' dir='ltr'>polloniates</span> <span class='ocrx_word' id='word_1_444' title='bbox 1151 2227 1236 2260; x_wconf 79' lang='lat' dir='ltr'>eger</span> <span class='ocrx_word' id='word_1_445' title='bbox 1277 2211 1326 2259; x_wconf 61' lang='lat' dir='ltr'>(Ji</span> <span class='ocrx_word' id='word_1_446' title='bbox 1357 2211 1582 2257; x_wconf 70' lang='grc' dir='ltr'><em>Ἀπολλωνίῃ</em></span> 
     </span>
    </p>
   </div>
   <div class='ocr_carea' id='block_1_6' title="bbox 910 2260 1150 2306">
    <p class='ocr_par' dir='ltr' id='par_1_27' title="bbox 910 2260 1150 2306">
     <span class='ocr_line' id='line_1_88' title="bbox 910 2260 1150 2306; baseline 0.004 -11"><span class='ocrx_word' id='word_1_447' title='bbox 910 2260 1040 2306; x_wconf 74' lang='grc' dir='ltr'><strong>χώρη),</strong></span> <span class='ocrx_word' id='word_1_448' title='bbox 1066 2262 1150 2296; x_wconf 80' lang='lat' dir='ltr'>ibid.</span> 
     </span>
    </p>
   </div>
   <div class='ocr_carea' id='block_1_7' title="bbox 192 2375 1436 2420">
    <p class='ocr_par' dir='ltr' id='par_1_28' title="bbox 192 2375 1436 2420">
     <span class='ocr_line' id='line_1_89' title="bbox 192 2375 1436 2420; baseline -0.001 -11"><span class='ocrx_word' id='word_1_449' title='bbox 192 2377 224 2420; x_wconf 75' lang='lat'>*)</span> <span class='ocrx_word' id='word_1_450' title='bbox 257 2378 308 2411; x_wconf 79' lang='lat' dir='ltr'>Cf.</span> <span class='ocrx_word' id='word_1_451' title='bbox 335 2377 500 2411; x_wconf 80' lang='lat' dir='ltr'>Heinicke</span> <span class='ocrx_word' id='word_1_452' title='bbox 516 2378 655 2412; x_wconf 86' lang='lat' dir='ltr'>Homer.</span> <span class='ocrx_word' id='word_1_453' title='bbox 669 2377 805 2411; x_wconf 73' lang='lat' dir='ltr'>Go‘tter.</span> <span class='ocrx_word' id='word_1_454' title='bbox 821 2388 856 2410; x_wconf 90' lang='lat' dir='ltr'>u.</span> <span class='ocrx_word' id='word_1_455' title='bbox 872 2377 1194 2410; x_wconf 81' lang='lat' dir='ltr'>Heldendualismus</span> <span class='ocrx_word' id='word_1_456' title='bbox 1213 2387 1248 2420; x_wconf 87' lang='lat' dir='ltr'>p.</span> <span class='ocrx_word' id='word_1_457' title='bbox 1274 2375 1318 2410; x_wconf 83' lang='lat'>83</span> <span class='ocrx_word' id='word_1_458' title='bbox 1340 2385 1436 2418; x_wconf 85' lang='lat' dir='ltr'>seqq.</span> 
     </span>
    </p>
   </div>
   <div class='ocr_carea' id='block_1_8' title="bbox 192 2422 812 2466">
    <p class='ocr_par' dir='ltr' id='par_1_29' title="bbox 192 2422 812 2466">
     <span class='ocr_line' id='line_1_90' title="bbox 192 2422 812 2466; baseline 0.002 -11"><span class='ocrx_word' id='word_1_459' title='bbox 192 2422 249 2465; x_wconf 74' lang='grc'>**)</span> <span class='ocrx_word' id='word_1_460' title='bbox 273 2424 360 2456; x_wconf 86' lang='lat' dir='ltr'>Add.</span> <span class='ocrx_word' id='word_1_461' title='bbox 377 2425 487 2456; x_wconf 80' lang='lat' dir='ltr'>Kruse</span> <span class='ocrx_word' id='word_1_462' title='bbox 509 2424 626 2456; x_wconf 83' lang='lat' dir='ltr'>Hellas</span> <span class='ocrx_word' id='word_1_463' title='bbox 643 2425 657 2455; x_wconf 90' lang='grc' dir='ltr'><strong>Ι</strong></span> <span class='ocrx_word' id='word_1_464' title='bbox 677 2436 712 2466; x_wconf 89' lang='lat' dir='ltr'>p.</span> <span class='ocrx_word' id='word_1_465' title='bbox 731 2424 812 2458; x_wconf 87' lang='lat'>275.</span> 
     </span>
    </p>
   </div>
   <div class='ocr_carea' id='block_1_9' title="bbox 95 2462 1587 2835">
    <p class='ocr_par' dir='ltr' id='par_1_30' title="bbox 103 2462 1587 2559">
     <span class='ocr_line' id='line_1_91' title="bbox 193 2462 1587 2513; baseline -0.004 -11"><span class='ocrx_word' id='word_1_466' title='bbox 193 2468 254 2507; x_wconf 71' lang='lat'>&#39;‘*‘)</span> <span class='ocrx_word' id='word_1_467' title='bbox 280 2469 484 2502; x_wconf 85' lang='lat' dir='ltr'>Add.Rozet</span> <span class='ocrx_word' id='word_1_468' title='bbox 496 2472 641 2513; x_wconf 85' lang='lat' dir='ltr'>Voyage</span> <span class='ocrx_word' id='word_1_469' title='bbox 661 2470 743 2502; x_wconf 85' lang='lat' dir='ltr'>dans</span> <span class='ocrx_word' id='word_1_470' title='bbox 762 2469 796 2502; x_wconf 88' lang='lat' dir='ltr'>la</span> <span class='ocrx_word' id='word_1_471' title='bbox 812 2481 957 2513; x_wconf 86' lang='lat' dir='ltr'>regence</span> <span class='ocrx_word' id='word_1_472' title='bbox 975 2469 1123 2512; x_wconf 84' lang='lat' dir='ltr'>d⁷Alger.</span> <span class='ocrx_word' id='word_1_473' title='bbox 1141 2468 1235 2501; x_wconf 82' lang='lat' dir='ltr'>Paris</span> <span class='ocrx_word' id='word_1_474' title='bbox 1249 2467 1337 2501; x_wconf 82' lang='lat'>1833</span> <span class='ocrx_word' id='word_1_475' title='bbox 1358 2467 1400 2499; x_wconf 89' lang='grc' dir='ltr'>Τ.</span> <span class='ocrx_word' id='word_1_476' title='bbox 1417 2465 1431 2497; x_wconf 90' lang='lat'>1</span> <span class='ocrx_word' id='word_1_477' title='bbox 1455 2476 1488 2508; x_wconf 90' lang='lat' dir='ltr'>p.</span> <span class='ocrx_word' id='word_1_478' title='bbox 1507 2462 1587 2508; x_wconf 75' lang='lat'>251,</span> 
     </span>
     <span class='ocr_line' id='line_1_92' title="bbox 103 2513 1202 2559; baseline 0.002 -14"><span class='ocrx_word' id='word_1_479' title='bbox 103 2513 162 2556; x_wconf 89' lang='lat' dir='ltr'>qui</span> <span class='ocrx_word' id='word_1_480' title='bbox 178 2525 280 2557; x_wconf 83' lang='lat' dir='ltr'>apros</span> <span class='ocrx_word' id='word_1_481' title='bbox 298 2526 385 2547; x_wconf 87' lang='lat' dir='ltr'>nunc</span> <span class='ocrx_word' id='word_1_482' title='bbox 414 2516 610 2558; x_wconf 84' lang='lat' dir='ltr'>frequentes</span> <span class='ocrx_word' id='word_1_483' title='bbox 630 2527 693 2558; x_wconf 91' lang='lat' dir='ltr'>per</span> <span class='ocrx_word' id='word_1_484' title='bbox 712 2516 883 2557; x_wconf 73' lang='lat' dir='ltr'>Algeriam</span> <span class='ocrx_word' id='word_1_485' title='bbox 905 2516 1050 2559; x_wconf 86' lang='lat' dir='ltr'>reperiri</span> <span class='ocrx_word' id='word_1_486' title='bbox 1069 2515 1202 2548; x_wconf 82' lang='lat' dir='ltr'>asserit.</span> 
     </span>
    </p>

    <p class='ocr_par' dir='ltr' id='par_1_31' title="bbox 95 2555 1586 2835">
     <span class='ocr_line' id='line_1_93' title="bbox 193 2555 1586 2604; baseline -0.002 -11"><span class='ocrx_word' id='word_1_487' title='bbox 193 2560 233 2601; x_wconf 85' lang='lat'>†)</span> <span class='ocrx_word' id='word_1_488' title='bbox 259 2560 309 2591; x_wconf 86' lang='lat' dir='ltr'>De</span> <span class='ocrx_word' id='word_1_489' title='bbox 330 2562 422 2604; x_wconf 84' lang='lat' dir='ltr'>Apia</span> <span class='ocrx_word' id='word_1_490' title='bbox 445 2562 535 2594; x_wconf 84' lang='lat' dir='ltr'>conf.</span> <span class='ocrx_word' id='word_1_491' title='bbox 553 2572 688 2604; x_wconf 86' lang='lat' dir='ltr'>quoque</span> <span class='ocrx_word' id='word_1_492' title='bbox 709 2562 858 2604; x_wconf 78' lang='lat' dir='ltr'>Halling.</span> <span class='ocrx_word' id='word_1_493' title='bbox 874 2562 909 2593; x_wconf 89' lang='lat' dir='ltr'>in</span> <span class='ocrx_word' id='word_1_494' title='bbox 927 2562 1058 2594; x_wconf 83' lang='lat' dir='ltr'>Annall.</span> <span class='ocrx_word' id='word_1_495' title='bbox 1082 2561 1266 2593; x_wconf 82' lang='lat' dir='ltr'>Viennens.</span> <span class='ocrx_word' id='word_1_496' title='bbox 1287 2558 1370 2591; x_wconf 81' lang='lat' dir='ltr'>LIX</span> <span class='ocrx_word' id='word_1_497' title='bbox 1400 2568 1435 2600; x_wconf 88' lang='lat' dir='ltr'>p.</span> <span class='ocrx_word' id='word_1_498' title='bbox 1457 2555 1524 2590; x_wconf 82' lang='lat'>273</span> <span class='ocrx_word' id='word_1_499' title='bbox 1550 2560 1586 2587; x_wconf 75' lang='lat' dir='ltr'>et</span> 
     </span>
     <span class='ocr_line' id='line_1_94' title="bbox 102 2601 1586 2649; baseline -0.003 -13"><span class='ocrx_word' id='word_1_500' title='bbox 102 2604 145 2637; x_wconf 86' lang='lat' dir='ltr'>G.</span> <span class='ocrx_word' id='word_1_501' title='bbox 168 2605 403 2648; x_wconf 81' lang='lat' dir='ltr'>Dankowszky</span> <span class='ocrx_word' id='word_1_502' title='bbox 421 2606 457 2638; x_wconf 88' lang='lat' dir='ltr'>in</span> <span class='ocrx_word' id='word_1_503' title='bbox 474 2606 576 2647; x_wconf 85' lang='lat' dir='ltr'>libro,</span> <span class='ocrx_word' id='word_1_504' title='bbox 600 2607 658 2649; x_wconf 90' lang='lat' dir='ltr'>qui</span> <span class='ocrx_word' id='word_1_505' title='bbox 676 2607 870 2640; x_wconf 82' lang='lat' dir='ltr'>inscribitur</span> <span class='ocrx_word' id='word_1_506' title='bbox 886 2608 1088 2649; x_wconf 81' lang='lat' dir='ltr'>Fragmente</span> <span class='ocrx_word' id='word_1_507' title='bbox 1109 2618 1168 2637; x_wconf 86' lang='lat' dir='ltr'>zur</span> <span class='ocrx_word' id='word_1_508' title='bbox 1190 2603 1395 2638; x_wconf 75' lang='lat' dir='ltr'>Geschichte</span> <span class='ocrx_word' id='word_1_509' title='bbox 1419 2602 1481 2634; x_wconf 86' lang='lat' dir='ltr'>der</span> <span class='ocrx_word' id='word_1_510' title='bbox 1499 2601 1586 2634; x_wconf 65' lang='lat' dir='ltr'>visl-</span> 
     </span>
     <span class='ocr_line' id='line_1_95' title="bbox 101 2647 1586 2697; baseline -0.002 -16"><span class='ocrx_word' id='word_1_511' title='bbox 101 2649 164 2681; x_wconf 82' lang='lat' dir='ltr'>ker</span> <span class='ocrx_word' id='word_1_512' title='bbox 182 2662 302 2695; x_wconf 82' lang='lat' dir='ltr'>ungar.</span> <span class='ocrx_word' id='word_1_513' title='bbox 321 2652 389 2683; x_wconf 86' lang='lat' dir='ltr'>und</span> <span class='ocrx_word' id='word_1_514' title='bbox 407 2652 589 2684; x_wconf 80' lang='lat' dir='ltr'>slavischer</span> <span class='ocrx_word' id='word_1_515' title='bbox 605 2655 736 2697; x_wconf 78' lang='lat' dir='ltr'>Zunge,</span> <span class='ocrx_word' id='word_1_516' title='bbox 757 2653 926 2696; x_wconf 85' lang='lat' dir='ltr'>Presburg</span> <span class='ocrx_word' id='word_1_517' title='bbox 954 2652 1050 2693; x_wconf 70' lang='lat'>1825,</span> <span class='ocrx_word' id='word_1_518' title='bbox 1075 2652 1132 2683; x_wconf 88' lang='lat' dir='ltr'>ubi</span> <span class='ocrx_word' id='word_1_519' title='bbox 1160 2648 1262 2683; x_wconf 57' lang='lat' dir='ltr'><em>&#39;Aahx</em></span> <span class='ocrx_word' id='word_1_520' title='bbox 1281 2660 1355 2681; x_wconf 85' lang='lat' dir='ltr'>esse</span> <span class='ocrx_word' id='word_1_521' title='bbox 1381 2647 1471 2681; x_wconf 80' lang='lat' dir='ltr'>vult:</span> <span class='ocrx_word' id='word_1_522' title='bbox 1504 2650 1586 2679; x_wconf 80' lang='lat' dir='ltr'>Au-</span> 
     </span>
     <span class='ocr_line' id='line_1_96' title="bbox 95 2693 1585 2740; baseline -0.002 -13"><span class='ocrx_word' id='word_1_523' title='bbox 95 2697 197 2740; x_wconf 78' lang='lat' dir='ltr'>piga‚</span> <span class='ocrx_word' id='word_1_524' title='bbox 222 2697 314 2740; x_wconf 83' lang='lat' dir='ltr'>quod</span> <span class='ocrx_word' id='word_1_525' title='bbox 334 2698 512 2730; x_wconf 84' lang='lat' dir='ltr'>vernacule</span> <span class='ocrx_word' id='word_1_526' title='bbox 530 2698 689 2731; x_wconf 81' lang='lat' dir='ltr'>reddunt:</span> <span class='ocrx_word' id='word_1_527' title='bbox 740 2700 796 2731; x_wconf 73' lang='lat' dir='ltr'>(lie</span> <span class='ocrx_word' id='word_1_528' title='bbox 814 2699 905 2731; x_wconf 76' lang='lat' dir='ltr'>nach</span> <span class='ocrx_word' id='word_1_529' title='bbox 925 2699 999 2730; x_wconf 80' lang='lat' dir='ltr'>and</span> <span class='ocrx_word' id='word_1_530' title='bbox 1019 2698 1113 2729; x_wconf 65' lang='lat' dir='ltr'>nach</span> <span class='ocrx_word' id='word_1_531' title='bbox 1136 2696 1350 2729; x_wconf 79' lang='lat' dir='ltr'>trinkende!</span> <span class='ocrx_word' id='word_1_532' title='bbox 1395 2694 1475 2727; x_wconf 89' lang='lat' dir='ltr'>Vid.</span> <span class='ocrx_word' id='word_1_533' title='bbox 1496 2693 1585 2725; x_wconf 77' lang='lat' dir='ltr'>Hei-</span> 
     </span>
     <span class='ocr_line' id='line_1_97' title="bbox 101 2739 1584 2788; baseline -0.001 -16"><span class='ocrx_word' id='word_1_534' title='bbox 101 2741 260 2785; x_wconf 84' lang='lat' dir='ltr'>delberg.</span> <span class='ocrx_word' id='word_1_535' title='bbox 281 2742 416 2775; x_wconf 84' lang='lat' dir='ltr'>Iahrbb.</span> <span class='ocrx_word' id='word_1_536' title='bbox 437 2744 523 2777; x_wconf 74' lang='lat'>1826</span> <span class='ocrx_word' id='word_1_537' title='bbox 549 2755 599 2776; x_wconf 85' lang='lat' dir='ltr'>nr.</span> <span class='ocrx_word' id='word_1_538' title='bbox 624 2745 666 2778; x_wconf 82' lang='lat'>31</span> <span class='ocrx_word' id='word_1_539' title='bbox 684 2758 719 2788; x_wconf 88' lang='lat' dir='ltr'>p.</span> <span class='ocrx_word' id='word_1_540' title='bbox 740 2744 818 2778; x_wconf 79' lang='lat'>485.</span> <span class='ocrx_word' id='word_1_541' title='bbox 842 2745 953 2775; x_wconf 84' lang='lat' dir='ltr'>Kruse</span> <span class='ocrx_word' id='word_1_542' title='bbox 972 2743 1007 2774; x_wconf 85' lang='lat' dir='ltr'>in</span> <span class='ocrx_word' id='word_1_543' title='bbox 1034 2743 1215 2783; x_wconf 72' lang='lat' dir='ltr'>Biisching.</span> <span class='ocrx_word' id='word_1_544' title='bbox 1232 2740 1434 2775; x_wconf 67' lang='lat' dir='ltr'>Wiichentl.</span> <span class='ocrx_word' id='word_1_545' title='bbox 1463 2739 1584 2772; x_wconf 84' lang='lat' dir='ltr'>Nach-</span> 
     </span>
     <span class='ocr_line' id='line_1_98' title="bbox 100 2785 1586 2835; baseline -0.001 -17"><span class='ocrx_word' id='word_1_546' title='bbox 100 2786 198 2823; x_wconf 83' lang='lat' dir='ltr'>richt.</span> <span class='ocrx_word' id='word_1_547' title='bbox 221 2789 279 2829; x_wconf 88' lang='lat' dir='ltr'>IV,</span> <span class='ocrx_word' id='word_1_548' title='bbox 299 2788 321 2821; x_wconf 82' lang='lat'>4</span> <span class='ocrx_word' id='word_1_549' title='bbox 347 2800 426 2831; x_wconf 85' lang='lat' dir='ltr'>pag.</span> <span class='ocrx_word' id='word_1_550' title='bbox 443 2788 508 2821; x_wconf 75' lang='lat'>358</span> <span class='ocrx_word' id='word_1_551' title='bbox 526 2788 570 2821; x_wconf 84' lang='lat' dir='ltr'>ita</span> <span class='ocrx_word' id='word_1_552' title='bbox 582 2790 757 2833; x_wconf 80' lang='lat' dir='ltr'>disputat,</span> <span class='ocrx_word' id='word_1_553' title='bbox 780 2797 817 2822; x_wconf 86' lang='lat' dir='ltr'>ut</span> <span class='ocrx_word' id='word_1_554' title='bbox 835 2791 930 2835; x_wconf 75' lang='lat' dir='ltr'>Apia</span> <span class='ocrx_word' id='word_1_555' title='bbox 947 2789 1038 2821; x_wconf 83' lang='lat' dir='ltr'>idem</span> <span class='ocrx_word' id='word_1_556' title='bbox 1063 2789 1135 2821; x_wconf 71' lang='lat' dir='ltr'>fere</span> <span class='ocrx_word' id='word_1_557' title='bbox 1158 2788 1205 2820; x_wconf 83' lang='lat' dir='ltr'>sit</span> <span class='ocrx_word' id='word_1_558' title='bbox 1225 2797 1350 2820; x_wconf 83' lang='lat' dir='ltr'>nomen</span> <span class='ocrx_word' id='word_1_559' title='bbox 1376 2792 1480 2830; x_wconf 80' lang='lat' dir='ltr'>atque</span> <span class='ocrx_word' id='word_1_560' title='bbox 1499 2785 1586 2829; x_wconf 73' lang='lat' dir='ltr'>Opis</span> 
     </span>
    </p>
   </div>
   <div class='ocr_carea' id='block_1_10' title="bbox 104 2835 766 2879">
    <p class='ocr_par' dir='ltr' id='par_1_32' title="bbox 104 2835 766 2879">
     <span class='ocr_line' id='line_1_99' title="bbox 104 2835 766 2879; baseline 0.005 -14"><span class='ocrx_word' id='word_1_561' title='bbox 104 2844 131 2865; x_wconf 82' lang='grc' dir='ltr'>ε.</span> <span class='ocrx_word' id='word_1_562' title='bbox 157 2835 259 2879; x_wconf 72' lang='lat' dir='ltr'>Upis,</span> <span class='ocrx_word' id='word_1_563' title='bbox 283 2841 458 2878; x_wconf 83' lang='lat' dir='ltr'>utrumque</span> <span class='ocrx_word' id='word_1_564' title='bbox 481 2836 613 2868; x_wconf 83' lang='lat' dir='ltr'>Terrae</span> <span class='ocrx_word' id='word_1_565' title='bbox 631 2847 766 2869; x_wconf 88' lang='lat' dir='ltr'>nomeu.</span> 
     </span>
    </p>
   </div>
  </div>
 </body>
</html>
