1839 3292
244 615 310 658 12

35 674 70 704 Id
78 676 314 713 Mardoniusper

36 711 163 745 Argivos
187 712 293 738 Persa—

35 752 100 771 rum
117 745 204 771 rebus
215 745 317 774 saven-

34 780 81 806 tes
97 778 231 814 edoctus,

370 184 454 224 220

368 291 474 344 τούς
491 293 756 350 βαρβάρους.

767 186 1232 225 HERODOTI

817 295 863 336 οἱ
890 294 950 345 δὲ,
981 293 1040 344 ὦς
1064 293 1148 338 οὐκ
1169 294 1340 346 εἰδότες,
1371 295 1632 350 ἐπειρώτεον

367 359 417 404 τὸ
449 361 702 416 λεγόμενον·
733 360 1004 416 ἐπειρόμενοι
1027 361 1095 412 δὲ,
1128 362 1341 416 ἐξέμαθον
1363 368 1452 406 πᾶν
1472 363 1520 407 τό
1543 363 1629 407 ἐόν·

368 427 476 472 ὥστε
514 429 562 471 ἐν
599 426 801 482 θωύματι
831 427 1078 484 γενόμενοι,
1109 428 1375 483 ἐπορεύοντο
1406 430 1486 486 τὴν
1515 432 1687 486 ταχί-7ο

368 508 473 551 στην
506 494 761 546 διώκοντες·
791 494 875 538 σύν
902 495 948 539 δέ
979 507 1080 551 σφι,
1108 501 1197 540 τῶν
1229 498 1465 550 περιοίκων
1495 503 1629 542 Λακε-

369 564 613 618 δαιμονίων
657 562 840 619 λογάδες
889 567 1229 621 πεντακισχίλιοι
1273 564 1447 609 ὁπλῖται
1485 563 1626 610 τώυτὸ

311 977 387 1015 que
408 965 596 1014 pertinent
626 965 770 1016 glossae
790 963 971 1018 Hesychii

311 1021 366 1069 (ΙΙ
387 1034 473 1071 pag.
494 1023 607 1072 702.)
630 1029 665 1059 et
677 1023 799 1060 Servii
820 1022 867 1060 ad
883 1024 970 1061 Vir-

311 1078 391 1127 gilii
420 1077 582 1115 Aeneid.
622 1079 693 1127 IV,
733 1078 835 1126 424,
877 1093 970 1131 quas

310 1147 400 1170 cum
439 1136 516 1171 aliis
557 1137 696 1172 excitat
729 1134 873 1172 Ullrich
913 1138 969 1172 De

307 1204 470 1240 proxen.
511 1204 598 1243 pag.
639 1195 692 1232 27
731 1193 818 1229 coll.
861 1193 965 1230 Plut.

308 1247 465 1286 Aristid.
490 1251 541 1288 10
570 1262 658 1299 pag.
681 1248 762 1289 325
783 1249 832 1286 A.
889 1251 969 1286 Nec

306 1316 399 1341 sane
438 1317 674 1357 quemquam
709 1306 828 1355 fugit,
868 1305 970 1356 apud

306 1362 501 1399 Romanos
521 1375 675 1414 quoque
706 1361 831 1399 hostem
857 1364 971 1400 tuisse

304 1420 532 1468 peregrinum
552 1426 646 1456 teste
667 1420 778 1456 Festo
809 1432 838 1456 s.
859 1433 898 1457 v.
931 1426 969 1457 et

308 1475 430 1512 Cicer.
455 1476 513 1510 De
535 1475 671 1512 Officc.
710 1477 749 1523 I,
785 1478 835 1516 12
857 1477 893 1521 §.
915 1478 968 1517 37

305 1531 436 1582 ibique
463 1533 588 1569 Beieri
614 1534 775 1569 Excurs.
803 1533 895 1568 XIII
927 1546 967 1583 p.

306 1586 401 1627 346.
425 1610 477 1615 —
508 1590 552 1625 In
569 1603 677 1641 seqq.
707 1591 790 1628 πᾶν
817 1586 860 1629 τό
899 1586 967 1628 ε’όν

307 1651 362 1681 est
377 1657 470 1682 omne
488 1647 579 1695 quod
603 1649 677 1682 erat
694 1675 703 1693 ‚
734 1647 759 1682 i.
781 1659 815 1682 e.
835 1659 965 1683 verum.

307 1701 420 1737 cous.
451 1703 488 1750 1,
521 1705 573 1743 30
604 1704 693 1754 ibiq.
724 1709 819 1739 nott.
857 1710 893 1740 et
920 1704 965 1750 V,

308 1758 376 1797 50.
406 1759 499 1795 Mox
530 1772 596 1810 pro
624 1756 786 1811 θώματι
815 1760 967 1811 reposui

307 1810 509 1865 θωύματι.

365 1873 445 1910 τῶν
466 1868 699 1925 περιοίκων]
733 1874 790 1908 De
811 1870 868 1909 his
889 1872 966 1908 iam

308 1929 525 1966 notavimus
546 1928 734 1981 quaedam
756 1927 803 1965 ad
816 1930 878 1976 Vl,
901 1930 967 1969 58.

307 1985 443 2022 Exstat
463 1993 591 2023 autem
612 1985 651 2024 h.
667 1987 692 2023 l.
714 1987 867 2022 uberior
876 1986 968 2022 Val-

308 2039 502 2078 ckenaerii
543 2042 744 2094 disputatio
779 2056 842 2080 eos
863 2042 969 2079 refu-

307 2100 442 2147 tantis,
473 2100 538 2151 qui
558 2098 702 2136 helotas
730 2107 842 2151 atque
863 2100 966 2150 peri-

308 2167 420 2191 oecos
442 2155 577 2193 diversi
596 2170 687 2193 sane
712 2170 791 2193 esse
818 2157 967 2207 generis

303 2211 479 2249 nondum
499 2220 792 2264 perspexerunt3
824 2213 871 2250 de
893 2224 969 2264 quo

307 2281 427 2320 quum
446 2268 560 2306 hodie
580 2272 632 2307 sic
651 2272 738 2307 satis
762 2271 860 2307 inter
882 2282 968 2306 om-

304 2337 372 2361 nes
386 2333 543 2373 constet,
566 2328 712 2378 potiora
733 2333 883 2364 tantum
904 2324 966 2362 hic

307 2380 565 2420 adscribamus
595 2397 644 2420 ex
676 2384 779 2421 Illius
800 2384 870 2420 viri
895 2395 967 2418 an-

307 2441 530 2476 notatione:
582 2442 727 2488 „Erant
771 2439 965 2477 Lacedae-

307 2497 427 2531 monii
449 2497 490 2536 οἵ
508 2498 727 2547 περίοικοι,
756 2511 834 2534 non
858 2496 966 2535 εἵλω-

306 2566 390 2599 τες,
422 2552 461 2589 hi
485 2556 705 2591 servitutem
732 2555 966 2600 serviebant3

307 2608 414 2644 liberi
434 2619 541 2648 erant
565 2612 605 2650 οἱ
637 2613 846 2663 περίοικοι.
900 2609 969 2649 Εἵ-

305 2667 424 2712 λωτες
471 2670 501 2705 si
540 2670 640 2705 bello
680 2668 778 2706 heris
813 2680 970 2719 operam

304 2734 415 2758 suam
454 2724 746 2775 adprobassent,
791 2726 963 2761 libertate

305 2782 435 2821 donati
464 2779 746 2834 Νεοδαμιόδεις
777 2781 960 2820 diceban-

370 634 500 673 τοῦτο
520 629 702 674 ἐποίεον.
760 633 812 674 Οἱ
841 631 920 687 μὲν
950 631 1003 687 δή
1025 632 1068 683 ἐς
1096 634 1175 676 τὸν
1196 632 1368 688 Ἰσθμόν
1385 632 1631 689 ἠπείγοντο.

373 697 556 754 Ἀργεῖοι
594 698 666 753 δὲ,
703 698 795 743 ἐπεί
831 715 875 744 τε
912 698 1088 756 τάχιστα
1125 700 1346 746 ἐπύθοντο
1383 701 1488 752 τούς
1523 698 1627 758 μετὰ

1023 972 1105 1004 tur:
1128 967 1174 1004 ab
1190 965 1248 1003 his
1267 965 1382 1003 etiam
1403 963 1685 1015 distinguuntur

1027 1023 1069 1062 οἱ
1098 1024 1306 1075 περίοικοι.
1363 1021 1544 1072 Xenoph.
1583 1022 1685 1058 Heli.

1026 1079 1075 1127 [Ι.
1098 1083 1146 1127 3,
1172 1080 1268 1127 10.].
1309 1079 1537 1129 Ubicunque
1554 1078 1594 1113 in
1621 1076 1685 1113 hi-

1024 1137 1138 1172 storia
1184 1137 1329 1172 Graeca
1377 1135 1575 1186 περίοικοι
1624 1134 1686 1171 vel

1025 1193 1237 1243 iunguntur
1302 1192 1365 1230 vel
1439 1197 1685 1242 opponuntur

1027 1250 1245 1299 Spartiatis,
1275 1246 1571 1286 Lacedaemonii
1597 1253 1686 1284 sunt

1025 1305 1282 1356 intelligendi,
1324 1306 1584 1356 cuiuscunque
1603 1304 1684 1340 fue-

1025 1364 1101 1399 rint
1120 1363 1223 1399 urbis
1243 1363 1454 1399 Laconicae
1474 1362 1593 1408 cives,
1614 1373 1686 1396 ex-

1026 1427 1135 1470 cepta
1184 1420 1319 1470 Sparta
1339 1449 1348 1467 ‚
1408 1419 1685 1469 Spartiatarum

1025 1477 1185 1526 imperio
1214 1483 1401 1527 parentes.
1451 1473 1685 1512 Scholiastae

1024 1533 1196 1570 Aristidis
1217 1533 1302 1570 MS.
1325 1532 1366 1571 οῖ
1388 1531 1584 1583 περίοικοι
1605 1544 1684 1567 esse

1025 1589 1203 1626 dicuntur
1280 1587 1321 1628 οἱ
1389 1590 1685 1640 περιοικοῦντες

1025 1644 1217 1698 Σπάρτην
1281 1642 1357 1695 τήν
1428 1640 1683 1696 μητρόπολιν.

1030 1701 1131 1750 Totis·
1148 1703 1191 1742 ἐκ
1215 1704 1297 1741 τῶν
1317 1702 1575 1751 περιοικίδων
1603 1695 1684 1739 πό-

1022 1762 1122 1799 λεων
1150 1759 1245 1797 dixit
1273 1757 1453 1808 Xenoph.
1484 1758 1583 1795 Hell.
1616 1758 1684 1805 111,

1026 1819 1045 1856 1
1063 1846 1072 1864 ,
1103 1819 1141 1857 3.
1172 1813 1219 1855 τοὶ
1238 1814 1279 1854 ἐν
1298 1812 1429 1865 κύκλῳ
1455 1816 1526 1864 τῆς
1547 1809 1684 1862 Σπάρ-

1021 1888 1090 1923 της
1128 1873 1350 1921 πολίσματα
1403 1873 1566 1908 Pausan.
1614 1871 1684 1907 VII

1022 1943 1110 1981 pag.
1133 1929 1227 1970 555.
1250 1930 1349 1977 [VII‚
1375 1931 1423 1968 13
1446 1929 1483 1974 ξ.
1507 1926 1567 1977 4.]
1602 1928 1683 1964 Hae

1024 1988 1214 2033 civitates,
1243 1993 1285 2022 ut
1306 1986 1398 2022 olim
1428 1990 1535 2021 erant
1563 1984 1683 2034 Spar-

1024 2045 1203 2081 tiatarum
1247 2038 1445 2092 ὖπήκοοι,
1485 2041 1537 2078 sic
1588 2053 1682 2078 aevo

1026 2113 1180 2151 quoque
1217 2100 1371 2136 fuerunt
1400 2098 1601 2134 recentiori
1627 2096 1683 2142 εἰς

1021 2154 1214 2207 Σπάρτην
1225 2154 1567 2201 συντελοῦσαι,ι]ἰεί
1580 2152 1683 2204 quod

1022 2226 1071 2249 ex
1097 2213 1173 2250 istis
1203 2211 1337 2249 decem
1369 2217 1405 2248 et
1434 2217 1518 2247 octo
1547 2211 1686 2260 Augu-

1023 2276 1099 2307 stus
1145 2270 1290 2306 iusserit
1320 2281 1398 2304 esse
1431 2262 1685 2316 αὐτονόμους

1023 2327 1188 2363 Pausan.
1211 2327 1264 2362 111
1298 2325 1367 2372 [21
1402 2324 1437 2369 ξ.
1458 2324 1496 2373 6]
1531 2337 1568 2374 p.
1587 2322 1684 2363 265.

1023 2405 1079 2410 --
1109 2382 1183 2427 Qui
1198 2382 1418 2432 περίοικοι,
1442 2380 1558 2416 iidem
1578 2378 1684 2416 dice-

1021 2441 1160 2477 bantur
1174 2446 1211 2476 et
1223 2432 1539 2485 Λακεδαιμόνιοι
1555 2439 1684 2474 etAoc-

1021 2495 1200 2543 κωνικοὶ,
1212 2502 1254 2532 ut
1270 2494 1372 2546 apud
1386 2491 1608 2545 Thucydid.
1618 2493 1683 2540 IV,

1025 2555 1049 2593 8
1077 2553 1164 2589 coll.
1192 2550 1372 2602 Xenoph.
1394 2551 1544 2587 Hellen.
1567 2550 1618 2586 VI
1644 2563 1684 2599 p.

1023 2609 1119 2656 449,
1131 2613 1167 2650 7.
1182 2609 1258 2658 [VI‚
1273 2608 1310 2656 4,
1326 2607 1403 2657 15].
1416 2608 1575 2645 Maxim.
1586 2606 1684 2656 Tyr.

1026 2679 1114 2717 pag·
1155 2666 1235 2707 347
1270 2673 1307 2702 et
1339 2666 1420 2716 ipso
1461 2660 1684 2714 Thucydid.

1020 2724 1130 2770 VIII,
1170 2724 1263 2764 22.“
1292 2744 1349 2750 —
1378 2723 1444 2760 Tu
1473 2718 1562 2758 add.
1586 2724 1682 2757 nott.

1018 2779 1067 2818 ad
1087 2781 1177 2830 VII,
1210 2778 1305 2821 234.
