1839 3292
31 275 220 316 conflugisse,
230 275 311 311 prio-

30 319 95 338 rem
114 318 193 337 viam
223 318 310 346 repe-

31 344 88 379 tit,
114 343 312 379 inquoBoeo-

29 378 103 406 tiam
141 385 292 412 reversus,

31 411 309 473 ss3z22„32a2÷z?

31 488 100 516 pum
120 479 209 514 locat,

359 164 444 205 224

369 342 443 386 διὰ
491 341 712 396 Δεκελέης.

307 616 344 646 et
365 605 500 644 Matth.
530 606 767 644 retinuerunt
786 599 883 657 ἧκε,
923 612 966 642 ut

306 666 413 712 5111,
451 663 540 704 140.

365 717 431 760 διὰ
458 717 664 769 Δεκελέης]
697 718 888 754 Nimirum
919 728 968 752 ex

307 779 435 815 Attica
491 778 529 812 in
568 776 766 812 Boeotiam
815 773 969 824 prosici-

309 841 455 872 scentes
475 847 541 884 per
554 834 710 869 Oenoen
729 838 764 868 et
784 828 970 866 Eleuthe-

310 904 370 928 ras
384 889 587 928 tendebant
599 890 806 935 Plataeam,
823 886 882 924 vizi
896 887 970 923 mi-

310 961 383 985 nus
399 949 530 998 utique
552 954 639 996 apta
660 945 846 996 equitibus
859 956 972 993 mag-

311 1017 462 1056 naeque
473 1003 675 1040 hominum
687 1002 833 1048 turbae,
851 1012 972 1051 quum

311 1061 440 1098 fauces
473 1061 743 1109 montiumque
775 1057 973 1093 cacumina

313 1124 435 1154 essent
445 1114 689 1167 permeanda,
709 1116 760 1150 ita
780 1120 820 1149 ut
840 1114 973 1149 Persas

311 1173 429 1210 alter&
447 1172 508 1210 via
523 1183 709 1222 regressos
729 1183 806 1207 esse
821 1172 866 1206 sit
882 1181 974 1220 pro-

311 1230 437 1268 babile
450 1259 460 1277 ,
492 1241 590 1281 quae
609 1228 688 1266 scil.
720 1228 766 1264 ab
787 1226 973 1264 Acharnis

313 1286 478 1324 ducebat
516 1299 583 1337 per
615 1285 820 1321 Deceleam
858 1290 973 1334 atque

311 1341 547 1381 Parnethem
584 1340 633 1379 ad
662 1342 882 1391 Tanagram
912 1341 975 1375 in-

314 1399 439 1452 deque
479 1399 527 1436 ad
556 1399 754 1435 Boeotiam
788 1399 973 1443 vicinam,

316 1469 491 1509 quaeque
511 1456 638 1492 miuus
658 1455 802 1504 negotii
823 1467 865 1490 ac
886 1465 974 1489 mo-

312 1515 442 1551 lestiae
465 1511 681 1548 exhibebat.
718 1513 802 1562 Ipsa
828 1510 975 1548 Dececea

315 1577 470 1608 centum
480 1570 614 1619 viginti
628 1569 706 1604 fere
721 1567 839 1604 stadia
853 1566 976 1603 Athe-

315 1628 374 1664 nis
396 1633 542 1663 remota
563 1626 675 1662 fuisse
694 1631 888 1672 narratur,
908 1625 977 1660 sita

314 1684 400 1720 loco
422 1695 608 1734 perquam
629 1688 841 1732 opportuno
866 1693 978 1716 mon-

313 1741 360 1777 tis
385 1738 609 1787 Parnethis,
649 1740 713 1790 qui
741 1739 826 1775 satis
855 1736 976 1773 editus

315 1798 478 1847 longum
501 1795 612 1832 dabat
628 1802 892 1846 prospectum3
911 1794 977 1830 ubi

317 1867 437 1905 quum
452 1851 706 1890 consedissent
714 1853 882 1888 Lacones
899 1851 979 1887 bel-

316 1911 355 1948 lo
415 1910 759 1960 Peloponnesiaco,
813 1908 979 1945 multum

315 1965 406 2004 inde
453 1965 639 2003 damnum
684 1959 978 2002 Atheniensibus

315 2024 465 2060 illatum
485 2023 598 2060 fuisse
615 2029 771 2070 constat,
791 2023 851 2059 via
867 2034 977 2072 prae-

316 2080 421 2117 clusa
449 2081 631 2131 omnique
667 2086 885 2116 commeatu
913 2079 977 2114 in-

317 2144 499 2187 tercepto.
562 2135 650 2173 vid.
689 2136 806 2174 modo
846 2133 975 2173 schol.

317 2192 367 2230 ad
385 2191 578 2245 Aristoph.
608 2195 704 2232 Rau.
733 2192 853 2233 1469.
883 2192 979 2228 Cor-

317 2251 394 2288 nel.
425 2252 521 2300 Nep.
556 2248 743 2286 Alcibiad.
774 2248 800 2288 4
828 2249 908 2295 fin„
930 2247 978 2284 ad

319 2320 436 2359 quem
464 2307 592 2343 locum
631 2307 776 2357 reliqua
806 2313 979 2342 veterum

319 2364 536 2401 testimonia
577 2362 819 2413 suppeditant
860 2364 979 2398 inter-

320 2428 457 2471 pretes.
534 2418 726 2470 Oppidum
763 2419 815 2454 ibi
852 2419 977 2465 fuisse,

320 2478 385 2513 ubi
407 2490 508 2513 nunc
529 2477 631 2513 vicus
657 2475 783 2523 Tatoz',
806 2482 893 2512 sunt
914 2476 980 2527 qui

323 2532 473 2580 dicant3
511 2533 586 2570 vid.
621 2534 755 2584 Poppo
788 2531 835 2568 ad
866 2531 981 2569 Thu-

323 2589 448 2640 cydid.
469 2592 505 2636 1,
536 2592 561 2629 2
580 2602 669 2640 pag.
690 2592 771 2630 262
788 2589 874 2626 coll.
896 2590 983 2627 Sie-

322 2646 398 2682 bel.
430 2645 477 2682 ad
496 2647 660 2683 Pausan.
681 2647 755 2693 111,
791 2648 816 2686 8
837 2647 874 2691 ξ.
898 2649 921 2686 3
943 2660 981 2696 p.

320 2705 389 2743 21.
425 2702 666 2740 K01·1‘0l;le2'des
697 2709 855 2740 vocatur
878 2703 982 2740 locus

320 2757 423 2810 apud
441 2760 550 2797 Krus.
564 2760 608 2797 C.
630 2761 673 2798 O.
685 2760 865 2797 Mt'dlerus
885 2761 983 2797 inter

762 161 1228 200 HERODOTI

355 273 560 331 ’Ἕλληνες
589 272 638 316 ἐν
675 274 737 329 τῷ
763 269 941 328 Ἰσθμῷ·
985 268 1099 313 οὕτω
1141 269 1193 325 δή
1230 268 1366 314 ὀπίσω
1398 267 1626 323 ἐπορεύετο

782 339 825 381 οἱ
866 336 950 392 γὰρ
997 336 1258 392 βοιωτάρχαι
1303 337 1627 392 μετεπέμψαντο

367 410 473 462 τούς
512 407 798 464 προσχώρους
838 408 928 448 τῶν
963 402 1214 447 Ἀσωπίων·
1265 399 1388 448 οὗτοι
1425 406 1471 448 δὲ
1509 402 1627 461 αὐτῷ’

1022 601 1216 641 Acharnes
1233 608 1346 654 atque
1358 597 1591 638 Parnethem
1603 599 1684 636 col-

1023 662 1134 699 locat.
1166 658 1281 709 Apud
1298 659 1388 695 alios
1408 657 1537 694 inveni
1557 656 1687 694 vicum

1024 717 1141 766 Vigla.
1154 715 1345 767 Equidem
1357 712 1459 751 haud
1470 712 1686 750 decernam.

1081 771 1179 820 τούς
1200 768 1457 824 προσχώρους
1474 772 1553 809 τῶν
1573 765 1687 808 Ἀσω-

1025 830 1148 878 πίων]
1183 831 1207 868 ἰ.
1240 843 1272 869 e.
1312 830 1519 878 Asopiorum
1548 826 1687 863 accolas

1027 901 1070 924 ac
1104 889 1267 924 zuz'tz'mos.
1322 886 1481 935 Asopios
1503 885 1606 919 enim
1628 882 1688 920 di-

1028 957 1072 981 co
1091 973 1100 991 ,
1145 949 1211 995 qui
1230 943 1347 993 Asopi
1378 941 1483 977 fluvii
1513 938 1561 977 ad
1589 941 1687 990 ripas

1027 999 1213 1037 habitant.
1282 1000 1355 1044 Qui
1391 998 1529 1034 fluvius
1569 1009 1687 1047 prope

1028 1058 1201 1093 Plataeas
1233 1068 1337 1092 orsus
1366 1053 1535 1105 indeque
1556 1060 1687 1090 auctus

1030 1114 1175 1164 aliquot
1203 1112 1332 1148 rivulis
1370 1117 1408 1147 et
1436 1111 1688 1160 Tanagraea-

1029 1183 1115 1206 rum
1137 1168 1185 1205 ad
1212 1181 1366 1219 campos
1393 1166 1538 1204 delatus
1567 1179 1687 1218 prope

1031 1228 1202 1277 Oropum
1239 1238 1282 1262 ac
1311 1222 1560 1276 Delphinium
1590 1224 1689 1260 mari

1029 1284 1229 1330 miscetur3
1268 1295 1372 1318 nunc
1411 1282 1550 1331 exiguo
1581 1280 1689 1317 alveo

1031 1341 1147 1376 ssuere
1166 1340 1285 1376 fertur
1308 1346 1344 1375 et
1365 1339 1572 1375 exsiccatus
1587 1337 1687 1374 fere:

1033 1409 1269 1449 quamquam
1323 1397 1436 1432 istam
1492 1394 1690 1444 regionem

1032 1467 1209 1500 omnem,
1252 1465 1350 1504 quae
1385 1453 1484 1489 inter
1517 1452 1690 1488 Plataeas

1033 1523 1076 1547 ac
1099 1511 1322 1560 Tanagram
1348 1509 1415 1545 sita
1445 1509 1574 1559 Asopo
1605 1507 1690 1544 irri-

1032 1574 1159 1617 gatur,
1188 1568 1315 1603 minus
1347 1564 1472 1602 adhuc
1496 1566 1691 1615 cognitam

1035 1637 1077 1660 ac
1126 1624 1391 1674 perlustratam
1435 1634 1514 1658 esse
1553 1623 1690 1658 merito

1035 1680 1219 1717 dolemus.
1279 1679 1390 1717 Conf.
1420 1680 1540 1714 Kruse
1561 1678 1690 1715 Hellas

1031 1739 1092 1786 Π,
1133 1740 1151 1777 1
1194 1749 1282 1788 pag.
1316 1735 1396 1776 489
1431 1748 1510 1786 seq.
1574 1735 1690 1772 Vetus

1032 1807 1175 1831 nomen
1197 1794 1312 1830 fluvio
1340 1792 1561 1828 remansisse
1581 1790 1691 1829 vide-

1033 1858 1116 1899 tur,
1158 1851 1189 1887 si
1225 1849 1382 1901 quidem
1416 1861 1546 1886 revera
1587 1861 1690 1885 nunc

1036 1921 1125 1944 eum
1148 1908 1339 1958 appellant
1365 1906 1492 1956 Asopo.
1524 1904 1692 1956 Spenda-

1035 1965 1140 2002 lensis
1159 1977 1277 2015 pagus
1289 1993 1299 2008 ‚
1330 1963 1395 2014 qui
1413 1961 1462 1998 ad
1478 1960 1692 2012 Hippotho-

1034 2020 1205 2059 ontidem
1251 2021 1393 2057 tribum
1431 2020 1630 2070 pertinuit,
1670 2031 1692 2054 a

1033 2079 1139 2115 nullo
1161 2079 1234 2114 alio
1256 2082 1578 2114 commemoratur
1599 2075 1694 2112 scri-

1034 2143 1164 2185 ptore:
1204 2133 1244 2170 id
1279 2146 1401 2170 unum
1427 2139 1550 2183 patet,
1594 2131 1692 2167 intra

1033 2192 1237 2228 Deceleam
1259 2203 1302 2227 ac
1322 2191 1543 2239 Tanagram
1562 2188 1601 2224 in
1621 2188 1694 2224 At-

1034 2249 1099 2285 tici
1135 2255 1247 2299 atque
1268 2246 1483 2296 Tanagraei
1504 2245 1584 2295 agri
1604 2257 1694 2281 con-

1034 2304 1133 2341 finiis
1194 2317 1337 2355 pagum
1392 2302 1504 2338 fuisse
1552 2302 1690 2346 situm:

1036 2374 1112 2413 quo
1128 2374 1216 2397 sane
1234 2361 1317 2397 loco
1338 2360 1494 2395 Krusius
1516 2358 1624 2394 illum
1652 2358 1691 2394 in

1034 2431 1173 2469 mappa
1213 2414 1467 2468 geographica
1498 2413 1691 2452 indicavit.

1041 2475 1216 2523 Tanagra
1265 2474 1375 2517 urbs,
1423 2473 1546 2523 prisco
1596 2483 1689 2507 aevo

1037 2530 1189 2568 condita
1211 2530 1277 2579 (cf.
1296 2528 1436 2566 Herod.
1455 2530 1510 2577 V,
1541 2528 1612 2579 57)
1630 2527 1691 2564 vel

1037 2589 1165 2625 seriori
1187 2595 1306 2624 aetate
1323 2588 1420 2623 inter
1435 2586 1615 2622 Boeotiae
1627 2597 1692 2620 ur-

1038 2646 1102 2682 bes
1133 2646 1304 2680 eminuit.
1327 2644 1445 2680 Iacuit
1476 2643 1515 2678 in
1534 2642 1691 2691 regione

1037 2702 1238 2739 laetissima
1261 2702 1417 2753 vinique
1451 2698 1690 2745 feracissima,

1039 2772 1137 2813 quae
1166 2759 1338 2795 Euboico
1369 2757 1468 2794 mari
1519 2754 1689 2807 opposita
