1839 3292
505 225 537 261 n
565 225 599 261 R
626 224 661 259 A
694 224 729 259 N
755 225 772 260 1
802 224 851 261 A.
908 225 1039 262 v111.
1328 231 1409 270 165

1455 338 1521 365 Alia
1547 339 1583 367 de
1609 342 1714 369 Xerxis

0 342 85 387 [IS
149 336 236 392 ἅμα
263 332 396 387 Ξέρξῃ
426 328 702 374 ἀπικνέονται
723 331 765 382 ἐς
782 330 957 385 Σάρδις·
1005 330 1126 376 '‘Effe'‘
1149 333 1195 377 δὲ
1223 335 1297 376 καὶ
1327 334 1398 378 ἅλ’-
1455 371 1552 399 reditu
1571 376 1702 402 narratio

1705 395 1714 409 φ

149 407 224 451 λος
254 399 326 443 ὅδε
346 397 474 453 λόγος
493 398 737 453 λεγόμενος,
768 397 826 450 ὥς
854 399 1001 454 ἐπειδὴ
1026 399 1184 456 Ξέρξης
1215 400 1432 444 &netad-1

146 484 235 512 νων
265 467 306 518 ἐξ
336 464 554 520 Ἀθηνέων
583 465 756 508 ἀπίκετο
786 464 847 508 ἐπ’
878 465 1029 509 Ἠϊόνα
1058 467 1137 522 τὴν
1166 467 1233 510 ἐπὶ
1261 472 1408 522 Στρυ-

143 535 265 591 μόνι,
308 533 510 576 ἐνθεῦτεν
540 531 686 576 ον’κὲτι
724 531 1005 588 ὁδοιπορίῃσι
1035 533 1257 588 διεχρέετο,
1295 534 1405 579 ἀλλὰ

141 601 220 656 τήν
247 600 324 654 μὲν
354 599 558 656 στρατιὴν
583 598 793 654 ’Τδάρνεϊ
815 599 1025 653 ἐπιτρέπει
1046 598 1230 655 ἀπάγειν
1254 603 1296 653 ἐς
1325 602 1404 646 τόν

137 667 464 724 Ἑλλήσποντον,
496 665 629 717 αὐτὸς
663 665 699 709 δ’
731 665 797 709 ἐπὶ
830 666 934 721 νηός
967 669 1202 724 Φοινίσσης
1232 669 1430 725 ἐπιβας,5

113 736 357 790 Ξέκομίζετο
400 735 442 786 ἐς
488 734 566 790 τὴν
591 732 744 790 Ἀσίην.
802 735 1004 777 πλώοντα
1045 735 1090 778 δέ
1134 752 1210 791 μιν
1241 738 1402 791 ἄνεμον

141 803 421 858 Στρυμονίην
451 798 686 857 ὑπολαβεῖν
716 800 852 856 μέγαν
872 801 944 844 καὶ
965 804 1199 859 κυματίην·
1230 804 1300 846 καὶ
1332 805 1398 860 δὴ,

140 874 304 927 μᾶλλον
345 868 428 925 γάρ
469 885 509 911 τι
547 870 863 924 χειμαίνεσθαι,
908 869 1124 925 γεμούσης
1161 873 1238 927 τῆς
1278 870 1396 927 νηός,

259 1042 350 1092 Cap.
381 1040 550 1078 CXVIII.

138 1117 253 1172 λόγος
287 1116 515 1173 λεγόμενος]
560 1120 616 1155 Ita
648 1121 738 1155 Flo-

83 1179 252 1214 rentinus
275 1190 363 1213 cnm
383 1177 475 1212 aliis.
531 1176 738 1224 Vulgatum

81 1231 286 1286 λεγόμενος
304 1228 419 1281 λόγος
449 1243 537 1268 cum
559 1231 735 1268 Schaefe-

81 1304 124 1327 ro
155 1290 308 1326 retinuit
335 1286 530 1324 Matthiae.
575 1289 632 1323 De
657 1289 737 1337 ipsa

81 1347 293 1393 locutione,
359 1357 456 1396 quae
506 1342 603 1380 redit
638 1345 734 1391 Vm,

85 1404 164 1442 119
190 1403 285 1447 init„
329 1401 430 1437 conf.
459 1407 554 1436 nott.
590 1398 639 1436 ad
669 1401 733 1447 IV,

85 1460 148 1497 12·
165 1479 212 1487 -
235 1459 329 1494 Mox
351 1469 480 1493 omues
507 1456 585 1491 fere
607 1455 706 1492 codd
722 1485 732 1504 ‚

82 1520 241 1564 excepto
263 1513 404 1560 Vanae,
429 1511 468 1558 ἐξ
490 1507 733 1560 Ἀθηναίων.

80 1590 136 1597 --
173 1572 230 1606 De
268 1568 384 1606 Ez'one
430 1568 645 1605 notavimus
685 1568 733 1605 ad

79 1625 161 1673 VII,
183 1622 262 1666 25(

135 1680 200 1721 ἐπὶ
216 1677 314 1730 νηός
335 1679 550 1731 Φοινίσσης
570 1676 732 1732 ἐπιβάς]

78 1738 179 1775 Infra
211 1739 316 1785 VIII,
351 1739 427 1777 120
446 1736 512 1775 fin.
544 1744 618 1774 est:
651 1736 734 1776 ἐπι-

79 1795 203 1845 βῆναι
240 1792 305 1833 ἐπὶ
349 1792 422 1843 τη“ν
461 1795 555 1843 νῆα.
630 1794 733 1829 Alibi

78 1851 266 1900 genitivus
283 1879 294 1898 ,
328 1851 463 1886 omissa
490 1851 732 1900 praepositio-

78 1919 150 1953 ne,
193 1905 416 1942 adstruitur:
452 1905 498 1942 de
537 1919 613 1957 quo
653 1905 732 1944 vid.

79 1961 130 1999 ad
148 1961 290 2002 Herod.
317 1963 356 2006 I,
393 1960 445 2002 84
465 1968 560 2000 nott.
581 1984 637 1989 ——
674 1964 732 1997 De

78 2019 196 2057 verbo
234 2018 465 2067 κομίζεσθαι
499 2019 598 2057 conf.
630 2019 729 2066 VIII,

81 2078 174 2114 107.
234 2073 297 2111 Ad
329 2074 448 2124 ipsam
476 2075 732 2111 narrationem

79 2131 221 2168 confer.
241 2131 372 2167 lustin.
393 2131 449 2177 11,
489 2132 538 2169 13
570 2132 606 2175 ξ.
628 2133 653 2170 9
673 2144 730 2181 sq.

76 2188 188 2236 „Ipse
228 2188 438 2231 (Xerxes)
477 2199 565 2222 cum
604 2188 731 2237 paucis

77 2242 243 2294 Abydon
273 2241 479 2279 contendit.
537 2242 611 2278 Ubi
642 2256 731 2279 oum

77 2300 243 2336 solutum
261 2306 417 2349 pontem
437 2297 601 2335 hibernis
630 2306 732 2335 tem-

79 2356 280 2404 pestatibus
301 2354 515 2391 offendisset
530 2385 540 2403 ‚
569 2357 732 2405 piscato-

80 2411 134 2447 ria
189 2410 327 2462 scaphii
363 2410 530 2461 trepidus
573 2412 731 2449 traiecit.

79 2467 171 2503 Erat
204 2481 260 2504 res
290 2468 503 2517 spectaculo
543 2466 656 2517 digna
696 2475 732 2505 et

80 2524 337 2559 aestimatione
387 2525 492 2560 sortis
521 2521 730 2569 humanae,

79 2591 208 2615 rerum
242 2580 417 2615 varietate
457 2579 652 2627 miranda,
690 2581 730 2616 in

80 2637 219 2684 exiguo
239 2635 420 2671 latentem
455 2635 582 2672 videre
621 2637 732 2673 navi-

79 2692 164 2740 gio,
193 2703 310 2742 quem
336 2691 447 2740 paulo
481 2699 566 2728 ante
585 2693 651 2728 vix
671 2705 731 2728 ae-

80 2759 176 2796 quor
197 2760 311 2783 omne
332 2747 518 2797 capiebat3
539 2755 731 2784 carentem

80 2805 194 2840 etiam
215 2803 320 2840 omni
345 2815 538 2840 servorum
563 2805 732 2841 ministe-

793 1007 870 1055 rio,
931 1008 1037 1044 cuius
1077 1007 1261 1044 exercitus
1299 1014 1453 1058 propter

793 1063 1078 1100 multitudinem
1147 1065 1254 1101 *terris
1320 1077 1453 1114 graves

795 1121 940 1156 erant.“
1036 1121 1222 1156 Iustinum
1285 1122 1453 1171 sequitur

795 1176 944 1212 Orosius
964 1176 1019 1223 ΙΙ,
1061 1179 1126 1216 10.
1184 1177 1339 1213 Veriora
1358 1178 1451 1213 Val-

794 1230 994 1268 ckenaerio
1016 1231 1203 1279 videntur,
1225 1245 1324 1283 quae
1345 1234 1452 1269 Tze-

794 1294 869 1324 tzes
892 1287 988 1324 Chil.
1009 1289 1027 1323 I
1049 1290 1127 1328 996
1150 1288 1196 1326 de
1217 1290 1355 1326 Xerxis
1375 1296 1451 1326 tra·-

791 1345 891 1380 iectu
913 1350 1073 1380 enarrat.

848 1397 1031 1438 πλώοντα
1079 1396 1122 1437 δέ
1172 1414 1239 1448 μιν
1298 1397 1448 1449 ἄνεμον

790 1456 1043 1506 Στρυμονίην
1072 1453 1290 1504 ’ὑπολαβεῖν
1327 1455 1448 1506 μέγαν

789 1511 856 1550 καὶ
889 1511 1103 1561 κυματίην]
1134 1510 1286 1547 Excidit
1313 1513 1448 1547 Noster

791 1581 812 1604 e
833 1567 1016 1604 struo-tur&
1044 1568 1106 1604 vel
1129 1568 1253 1617 potius
1273 1568 1311 1602 iu
1333 1568 1446 1603 aliam

790 1626 935 1661 transiit
968 1624 1168 1660 accusativi
1190 1631 1226 1660 et
1258 1623 1445 1672 infinitivi,

791 1682 904 1732 plane
945 1688 985 1717 ut
1025 1681 1132 1727 VIII,
1168 1682 1258 1720 111.
1295 1702 1350 1708 —-
1388 1682 1447 1716 De

791 1738 908 1775 verbo
951 1735 1169 1787 ὑπολαβεῖν
1209 1735 1307 1773 conf.
1346 1737 1445 1785 VIII,

789 1793 841 1834 84
876 1794 940 1830 fin.
982 1794 1070 1840 VH,
1113 1795 1191 1832 170
1222 1799 1257 1828 et
1279 1791 1325 1829 de
1347 1806 1443 1830 voce

787 1850 981 1899 κυματίης
1017 1855 1114 1885 nott.
1155 1847 1203 1884 ad
1241 1850 1303 1895 ΙΙ,
1344 1851 1438 1889 111.

789 1905 1029 1956 Strymonium
1048 1911 1206 1941 ventum
1226 1918 1305 1941 11011
1326 1905 1443 1941 alium

788 1975 866 1998 esse
887 1969 999 2012 atque
1018 1961 1166 1998 Boream
1183 1990 1192 2008 ,
1233 1974 1255 1997 a
1287 1973 1353 1997 sua
1372 1974 1441 1997 ve·-

785 2018 843 2054 lut
883 2018 972 2054 sede
1001 2018 1140 2053 eximie
1177 2018 1229 2053 ita
1248 2024 1439 2065 vocatum,

788 2088 904 2126 quem
952 2073 1117 2109 eundem
1149 2071 1440 2109 Atheniensium

787 2130 945 2167 affinem
966 2137 1003 2166 et
1031 2130 1218 2165 fautorem
1249 2128 1333 2180 (qui
1351 2128 1441 2165 inde

788 2188 901 2223 etiam
921 2199 1051 2236 regem
1070 2186 1242 2221 illaesum
1253 2184 1441 2221 dimittere

786 2242 890 2280 haud
912 2242 1058 2290 debuit)
1087 2254 1198 2291 supra
1227 2242 1442 2278 invenimus

786 2300 872 2347 VH,
908 2301 985 2339 189
1003 2328 1012 2346 ‚
1041 2305 1141 2334 recte
1166 2298 1336 2334 observat
1355 2298 1443 2334 Va]-

787 2354 1007 2392 ckenaerius
1039 2354 1086 2391 de
1125 2352 1198 2390 hoc
1225 2353 1460 2404 Strymonis*

785 2413 906 2449 Borea
928 2412 1043 2448 citans
1065 2408 1283 2446 callimach.
1303 2411 1342 2445 in
1358 2410 1442 2446 Del.

786 2471 840 2509 26
861 2469 952 2519 ibiq.
973 2465 1183 2517 Spanhem.
1214 2473 1250 2502 et
1269 2467 1307 2501 in
1330 2467 1441 2503 Dian.

789 2523 882 2563 114.
904 2518 959 2552 ὲ-
992 2526 1038 2559 Iu
1071 2535 1178 2573 seqq.
1213 2522 1260 2557 ob
1295 2522 1441 2557 articuli

785 2581 865 2616 vim
902 2578 1037 2616 Matth.
1066 2579 1132 2615 Gr.
1171 2577 1238 2613 Gr.
1283 2577 1318 2621 ξ.
1355 2579 1439 2617 267

786 2648 873 2685 pag.
907 2634 985 2675 551
1022 2635 1160 2671 excitat
1188 2632 1304 2670 verba
1339 2635 1438 2671 τῶν

788 2689 863 2729 σύν
901 2689 1021 2743 Ξέρξῃ
1067 2687 1345 2740 κομιζομένων.
1382 2710 1438 2716 -—

786 2748 845 2783 De
871 2746 994 2782 forma
1028 2741 1211 2796 βώσαντα
1239 2743 1315 2783 vid.
1342 2751 1438 2782 nott.

788 2802 837 2839 ad
857 2804 873 2838 I
886 2830 901 2847 ,
924 2805 988 2842 11.
