1839 3292
383 188 470 230 326

789 189 1249 227 HERODOTI

389 295 473 344 οὐκ
511 297 668 352 ἔχουσα
708 297 859 352 ῥαφήν
902 297 1132 351 οὐδεμίαν,
1173 296 1279 340 ἀλλὰ
1317 298 1360 350 ἐξ
1391 297 1487 349 ἓνὸς
1517 298 1652 343 ἐοῦσα

393 362 570 408 ὀστέου·
603 364 744 420 ἐφάνη
775 364 820 407 δὲ
849 364 921 407 καὶ
946 364 1125 419 γνάθος,
1155 365 1226 406 καὶ
1246 364 1295 408 τὸ
1325 365 1414 409 ἄνω
1444 370 1519 422 τῆς
1553 366 1709 423 γνά-Ιὸ

386 437 500 482 nov,
547 432 706 486 ἔχουσα
750 431 932 483 ὀδόντας
973 432 1255 487 μουνοφυέας
1287 431 1328 483 ἐξ
1370 433 1467 485 ένὸς
1497 433 1652 478 ὀστέου

387 500 569 552 πάντας,
620 498 725 551 τούς
769 516 813 543 τε
841 499 1025 550 ὀδόντας
1054 501 1127 543 καὶ
1156 498 1260 551 τούς
1288 502 1519 557 γομφίους.

1578 503 1653 546 καὶ

387 565 675 623 πενταπήχεος
704 564 866 623 ἀνδρὸς
896 567 1025 612 ὀστέα
1054 566 1207 624 ἐφάνη.

333 740 437 776 enim
449 739 662 777 Herodotus
681 747 808 779 narrat
820 742 994 778 cranium

332 797 481 834 nullam
511 811 661 848 prorsus
708 805 880 834 suturam
921 797 993 834 ha-

334 854 441 901 bens,
471 853 536 891 sed
557 867 635 890 uno
660 866 740 890 osse
761 853 882 891 solido
903 868 994 891 cou-

332 916 446 956 stans,
475 923 554 947 non
577 918 656 946 tam
676 910 892 948 inauditum
914 925 993 948 esse

333 967 385 1003 ait
416 966 544 1003 Stark.
563 997 572 1015 ‚
612 966 679 1004 sed
717 969 907 1017 pertinere
945 967 994 1004 ad

332 1023 489 1060 rariores
519 1025 648 1074 capitis
677 1023 994 1069 deformationem

333 1082 507 1131 quamvis
552 1082 656 1116 enim
686 1082 877 1118 concretio
915 1082 995 1118 siu-

331 1137 508 1186 gularum
539 1138 894 1185 commissurarum,
933 1151 996 1174 sa-

331 1194 469 1243 gittulis
491 1207 580 1244 prae
602 1196 755 1242 ceteris,
781 1208 859 1231 non
881 1195 994 1231 nimis

330 1262 415 1286 raro
459 1252 696 1298 inveniatur,
724 1253 776 1289 ita
798 1253 992 1296 omnium,

332 1307 468 1358 quibus
496 1309 625 1358 capitis
656 1321 738 1345 ossa
766 1310 990 1359 iunguntur,

330 1371 546 1401 suturarum
559 1365 806 1402 abolitionem
817 1379 899 1402 rem
912 1379 990 1402 esse

331 1420 437 1458 addit
461 1421 572 1459 valde
595 1423 826 1463 inusitatam.
885 1423 990 1467 Quae

331 1490 415 1514 rara
442 1477 544 1528 apud
571 1486 716 1516 veteres
744 1480 991 1517 inveniuntur

331 1536 509 1585 exempla
529 1548 649 1587 aeque
671 1543 784 1587 atque
805 1535 908 1586 apud
928 1550 991 1572 re-

329 1593 528 1639 centiores,
560 1595 747 1642 congessit
766 1594 824 1630 vir
845 1592 989 1641 doctus,

329 1647 425 1684 illud
452 1649 700 1699 probaturus,
731 1649 915 1686 Herodoti
943 1651 990 1685 fi-

332 1703 422 1741 dem
452 1706 492 1741 in
520 1704 578 1742 his
600 1719 753 1758 quoque
772 1705 876 1743 haud
906 1720 991 1743 sus-

330 1769 483 1812 pectam
512 1775 611 1810 esse,
664 1762 989 1815 quandoquidem,

331 1832 430 1870 quae
451 1821 623 1871 quamvis
644 1822 796 1866 rariora,
817 1819 918 1856 haud
930 1827 990 1856 ta-

329 1887 421 1912 men
452 1875 623 1913 inaudita
651 1890 801 1927 prorsus
820 1878 905 1924 sint,
926 1878 990 1913 ille

330 1934 559 1980 narraverit3
613 1934 649 1977 ξ.
674 1936 739 1974 18.
782 1934 880 1978 Quin
897 1946 990 1969 cau-

328 2000 387 2025 sas
409 2002 562 2041 quoque
581 1987 694 2026 huius
716 1990 988 2038 abnormstafis,

330 2052 368 2082 et
388 2047 576 2096 originem
595 2047 652 2084 vir
673 2045 908 2084 doctissimus
928 2047 990 2083 in-

331 2100 470 2152 dagare
500 2110 614 2155 atque
652 2104 879 2154 investigare
909 2110 991 2141 stu-

329 2157 396 2196 det
416 2160 632 2196 Continuat.
653 2161 705 2197 VI
723 2167 760 2197 et
773 2161 854 2200 VII.
886 2161 991 2207 Quae

330 2229 421 2252 cum
444 2214 554 2254 huius
581 2229 660 2253 non
688 2218 763 2254 sint
790 2218 889 2265 loci,
926 2216 990 2255 hic

325 2273 536 2310 mittamus.

387 2325 554 2375 ὀδόντας
578 2327 856 2379 μουνοφυέας]
896 2329 921 2365 i.
954 2342 989 2366 e.

331 2386 447 2423 (lentes
466 2388 505 2423 in
529 2398 635 2422 unum
654 2390 844 2433 concretos,
876 2386 990 2422 coali-

330 2443 486 2490 t0s‚sive‚
517 2449 560 2479 ut
593 2454 687 2478 mox
712 2443 792 2492 ipse
823 2441 989 2479 declarat

328 2498 557 2542 Herodotus,
572 2497 610 2555 ἐξ
628 2495 712 2544 ἓνὸς
732 2494 870 2538 ὀστέου
885 2496 989 2537 πάν-

332 2570 398 2601 τας
418 2557 469 2592 ita
497 2556 576 2592 scil.
597 2559 638 2592 ut
665 2568 708 2592 ex
730 2569 798 2592 uno
820 2569 891 2592 osse
908 2569 990 2592 con-

329 2614 467 2649 tinuato
487 2625 599 2649 omnes
623 2617 828 2660 constarent,
851 2625 989 2664 quem-

330 2667 542 2705 admodum
568 2669 683 2705 etiam
711 2671 867 2706 Prusiae
889 2670 988 2719 regis

330 2724 427 2761 filius
448 2738 516 2775 pro
536 2727 721 2776 superiori
736 2725 869 2763 ordine
893 2725 990 2762 den-

329 2782 426 2818 tium
444 2795 567 2819 unum
576 2795 617 2820 os
640 2784 847 2836 aequaliter
856 2789 991 2820 exten-

1048 748 1132 778 tum
1185 739 1360 777 habuisse
1410 738 1548 777 dicitur
1583 740 1711 780 Valer-

1048 799 1151 833 Max.
1184 799 1212 846 Ι,
1248 798 1272 836 8
1304 803 1380 833 ext.
1411 799 1461 838 12
1485 797 1572 834 coll.
1607 798 1710 836 Plin.

1048 855 1130 901 Vll,
1155 856 1204 893 16
1225 855 1381 904 ipseque
1400 852 1582 918 Pyrrhus,
1614 855 1712 905 Epi-

1049 917 1219 947 rotarum
1250 923 1331 956 rex,
1355 912 1421 961 qui
1440 917 1533 947 teste
1553 911 1709 948 Plutar-

1051 966 1123 1004 cho
1164 967 1203 1002 in
1239 968 1330 1003 Eius
1360 968 1433 1003 vit.
1471 980 1554 1017 cap.
1586 971 1610 1009 3
1642 968 1708 1005 fin.

1051 1019 1224 1069 πολλοὺς
1268 1018 1430 1069 ὀδόντας
1477 1021 1550 1062 οὐκ
1591 1020 1709 1082 εἶχεν,

1051 1075 1134 1118 αλλ’
1161 1079 1208 1117 ὲν
1241 1074 1376 1118 ὀστέον
1399 1078 1556 1130 συνεχὲς
1577 1083 1631 1131 ῆν
1660 1078 1710 1120 ἅ-

1051 1140 1198 1183 νωθεν,
1230 1131 1319 1174 Οἷον
1358 1138 1518 1182 λεπταῖς
1539 1132 1710 1187 αμυχαῖς

1049 1190 1120 1240 τοὶς
1155 1189 1331 1241 διαφυσὶς
1355 1190 1709 1244 ὑπογεγραμμένον

1050 1251 1129 1288 τῶν
1158 1244 1343 1288 ὀδόντων.
1363 1247 1466 1285 Add.
1477 1251 1606 1287 Festus
1625 1263 1656 1287 s.
1671 1264 1709 1288 v.

1049 1305 1225 1344 Monoclos
1244 1319 1280 1356 p.
1296 1307 1372 1345 102
1386 1304 1565 1344 Lindem.
1603 1309 1709 1345 Haec

1049 1362 1184 1400 eadem
1214 1363 1366 1399 uberius
1393 1364 1567 1400 tractavit
1603 1362 1710 1400 idem

1049 1418 1177 1457 Stark.
1209 1420 1236 1456 l.
1267 1420 1293 1455 l.
1324 1420 1367 1455 P.
1400 1421 1419 1455 I
1451 1421 1668 1459 Continuat.
1689 1422 1709 1457 Ι

1048 1476 1096 1513 ad
1118 1477 1258 1513 rariora
1276 1476 1454 1525 referens,
1486 1477 1622 1529 quibus
1642 1478 1709 1515 vix

1048 1533 1259 1585 quidquam
1275 1535 1483 1583 reperiatur
1502 1535 1638 1571 simile.
1658 1535 1709 1572 Ut

1047 1592 1151 1626 enirn
1172 1589 1340 1626 dubitari
1361 1591 1493 1642 nequit
1524 1592 1611 1637 (nisi
1622 1604 1709 1628 om-

1046 1660 1135 1683 nem
1146 1645 1323 1683 historiae
1336 1646 1453 1683 fidem
1469 1648 1629 1685 evellere
1639 1661 1708 1685 ve-

1044 1705 1103 1752 lis)
1145 1703 1247 1754 apud
1285 1710 1430 1741 veteres
1467 1717 1558 1741 sane
1591 1705 1709 1741 talem

1048 1760 1222 1798 dentium
1251 1762 1537 1797 concretionem
1558 1761 1709 1813 aliquo-

1046 1819 1114 1854 ties
1130 1823 1320 1868 repertam
1341 1817 1468 1866 fuisse,
1500 1818 1552 1854 ita
1572 1831 1710 1855 recen-

1044 1875 1133 1911 tiori
1153 1880 1274 1910 aetate
1293 1875 1358 1911 vix
1372 1875 1488 1911 talem
1509 1875 1709 1926 quaesieris

1046 1932 1164 1982 inque
1180 1931 1468 1968 collectionibus
1501 1944 1544 1968 ac
1564 1933 1707 1969 Museis

1045 1989 1112 2026 vix
1140 1988 1230 2024 talia
1250 1988 1459 2038 repereris,
1499 2001 1598 2039 quae
1628 2001 1709 2025 non

1045 2057 1196 2095 prorsus
1230 2045 1366 2081 similia
1388 2057 1509 2096 quum
1529 2047 1615 2090 sint,
1642 2058 1709 2082 ac-

1047 2100 1184 2138 cedant
1212 2108 1312 2138 certe
1343 2100 1628 2153 quodammodo
1658 2100 1707 2138 ad

1045 2159 1163 2194 talem
1200 2156 1372 2194 dentium
1412 2159 1707 2206 concretionem,

1047 2213 1094 2251 de
1126 2227 1200 2265 qua
1231 2213 1444 2251 Herodotus
1468 2215 1607 2266 aliique
1636 2228 1706 2252 ve-

1044 2278 1170 2308 terum
1190 2271 1387 2320 scriptores
1408 2277 1606 2308 testantur.
1629 2273 1706 2308 Ne-

1046 2341 1120 2378 que
1151 2328 1266 2364 etiam
1287 2326 1388 2378 apud
1418 2329 1592 2380 antiquos
1617 2341 1706 2365 me·-

1046 2384 1148 2421 dicos
1193 2384 1269 2419 ulla
1312 2383 1424 2421 huius
1450 2386 1505 2420 rei
1539 2386 1704 2433 mentio;

1045 2448 1350 2478 commemorant
1379 2439 1452 2478 hoc
1472 2443 1550 2478 sive
1569 2443 1704 2479 vitium

1043 2512 1073 2535 s.
1104 2511 1271 2534 errorem
1294 2504 1450 2534 naturae
1481 2500 1521 2535 in
1549 2499 1704 2536 confor-

1043 2554 1193 2591 mandis
1211 2554 1384 2591 dentibus
1404 2568 1482 2591 non
1505 2556 1577 2592 nisi
1598 2555 1704 2592 deci-

1044 2612 1099 2648 mi
1128 2612 1225 2648 sexti
1241 2618 1277 2647 et
1295 2613 1446 2662 septimi
1478 2612 1595 2649 seculi
1616 2614 1702 2649 artis

1045 2666 1217 2705 medicae
1247 2670 1376 2718 periti‚·
1415 2682 1485 2705 nec
1513 2670 1701 2706 recentio-

1044 2738 1103 2762 res
1123 2724 1263 2761 medici
1283 2726 1346 2773 ita,
1367 2732 1409 2761 ut
1428 2739 1496 2776 par
1516 2732 1590 2773 est,
1619 2738 1701 2761 rem

1045 2788 1221 2820 tractasse
1240 2781 1438 2832 videntur,
1461 2795 1576 2834 quam
1595 2794 1699 2818 nunc
