1839 3292
419 215 501 257 1³4

816 217 1273 256 HERODOTI

426 324 554 367 ’ἵπποι
582 339 631 366 τε
650 325 724 368 καὶ
753 324 908 378 ἄνδρες
938 326 1142 375 διεστᾶσι,
1170 325 1280 368 κατὰ
1309 325 1547 383 ἡμερησίην
1567 324 1674 369 ὁδόν
1687 329 1731 368 45

421 391 605 446 ἑκάστην
645 393 774 441 ἵππος
813 408 855 434 τε
888 391 962 434 καὶ
992 390 1105 446 οἷνὴρ
1134 393 1405 447 τεταγμένος·
1443 394 1546 444 τοὺς
1576 393 1678 438 οὔτε

421 459 610 515 νιφετὸς,
639 456 721 500 οὐκ
751 457 933 513 ὄμβρος,
965 458 1020 502 ου’
1049 462 1216 514 καῦμα,
1259 458 1313 503 οὐ
1343 460 1422 512 νύξ
1451 460 1585 515 ἐέργει
1614 461 1675 517 μή

422 525 476 570 οὐ
516 523 758 569 κατανύσαι
794 528 870 571 τὸν
907 528 1194 582 προκείμενον
1237 527 1385 584 ἑωυτῷ
1416 526 1581 582 δρόμον
1599 528 1683 585 τὴν

393 602 414 636 8
423 594 636 648 ταχίστην.

697 592 721 636 ὁ
751 593 829 648 μὲν
859 593 911 648 δή
941 596 1114 647 πρῶτος
1143 593 1323 649 δραμών
1360 597 1601 648 παραδιδοῖ
1626 596 1680 640 τὰ

422 660 702 713 ἐντεταλμένα
730 665 791 717 τῷ
821 661 1029 717 δευτέρῳ,
1063 659 1086 704 ὁ
1119 663 1164 705 δὲ
1195 662 1395 716 δεύτερος
1437 666 1498 720 τῷ
1526 664 1678 719 τρίτῳ·-

420 728 471 772 τό
505 731 550 772 δὲ
581 728 785 771 ἐνθεῦτεν
823 727 905 784 ἤδη
936 746 1044 771 κατα
1088 729 1221 773 ἄλλον
1251 731 1504 785 διεξέρχεται
1545 746 1683 785 παρα·
1667 737 1738 772 -50

424 797 653 851 διδόμενα,
699 795 888 851 κατάπερ
915 796 1092 852 ‘'EM-⁷261,
1130 797 1158 853 ἡ
1195 800 1560 854 λαμπαδηφορίη,
1601 798 1685 854 τὴν

423 869 484 921 τῷ
508 862 729 923 Ηφαίστῳ
762 864 1036 908 ἐπιτελέουσι.

370 1005 457 1053 νος]
488 1006 545 1041 De
573 1003 645 1041 hac
672 1005 956 1055 participiorum
985 1005 1024 1041 in

369 1062 604 1098 nominativo
625 1062 835 1111 positorum
865 1069 1025 1098 structu-

370 1131 410 1154 ra
431 1118 530 1155 conf.
546 1124 639 1155 nott.
660 1116 707 1153 ad
728 1118 834 1165 VIII,
867 1120 933 1158 83.
959 1119 1025 1158 86.

369 1175 463 1210 Mox
511 1174 654 1209 restitui
696 1169 814 1212 οὔτε
853 1169 1026 1222 νιφετός,

372 1231 438 1266 ubi
473 1229 698 1266 Schaeferus
732 1228 887 1267 dederat
927 1225 1028 1268 οὕτι.

372 1287 579 1323 Particulas
599 1287 791 1336 negativas
810 1288 862 1324 sic
884 1287 1029 1323 iunctas

373 1339 466 1382 οὔτε
481 1365 537 1370 -
559 1339 633 1382 οὐκ
655 1344 776 1393 attigit
805 1341 940 1380 Matth.
962 1343 1029 1379 Gr.

371 1400 437 1437 Gr.
466 1400 503 1444 ξ.
525 1401 604 1439 609
637 1412 724 1450 pag.
753 1400 872 1441 1225.
926 1398 1030 1439 Add.

371 1458 561 1505 Hartung.
600 1455 725 1493 Lehre
756 1471 794 1494 v,
817 1456 855 1494 d.
877 1454 1029 1493 Griech.

371 1514 491 1549 Partt.
521 1514 538 1548 I
571 1525 659 1563 pag.
691 1514 787 1561 199,
819 1514 884 1565 qui
918 1513 1032 1549 etiam

372 1567 503 1606 laudat
523 1569 664 1606 Herod.
693 1570 737 1617 Ι,
780 1571 871 1610 138.
923 1567 1033 1614 Quod

375 1624 564 1662 antecedit
593 1622 687 1672 τούς
716 1626 756 1661 iu
788 1623 858 1665 τὸν
892 1626 940 1663 ob
973 1639 1035 1662 se-

376 1695 495 1734 quens
526 1680 663 1736 ἕωυτςὸ
681 1689 872 1719 mutatum
900 1683 1035 1719 volue-

377 1746 435 1775 rat
446 1737 632 1778 Reiskius.
656 1738 735 1776 Sed
747 1740 880 1776 merito
892 1739 1034 1789 respuit

375 1795 608 1845 Wesseling.
652 1797 746 1832 Mox
766 1809 855 1833 culn
875 1802 1032 1832 recentt.

376 1852 481 1887 tenui
511 1850 650 1903 ἐέργει,
681 1851 785 1904 quod
813 1854 933 1902 magis
964 1865 1035 1888 an-

375 1909 527 1959 tiqoun
559 1916 612 1945 est
642 1916 756 1960 atque
776 1910 1033 1955 Homericum,

379 1978 416 2002 v.
433 1977 464 2000 c.
485 1964 593 2001 Iliad.
614 1967 671 2013 ΙΙ,
703 1968 796 2006 617.
831 1966 907 2002 Alii
922 1964 1034 2002 codd.

380 2019 545 2115 εργσειιατα
593 2073 713 2115 ἄλλον
770 2076 1031 2129 διεξέρχεται]

378 2134 403 2172 i.
426 2146 459 2170 e.
481 2135 609 2170 transit
638 2134 687 2170 ad
707 2134 830 2171 alium.
884 2135 1034 2185 Reliqui

378 2190 586 2237 intactum,
626 2189 729 2241 quod
759 2192 805 2227 ab
828 2189 1032 2228 Schaefero

378 2253 512 2297 sponte
527 2253 715 2282 mutatum
735 2255 812 2284 erat
827 2249 865 2283 iu
876 2243 1034 2286 κατ’ἅλ-

379 2305 472 2342 λων,
545 2301 607 2338 Ad
656 2302 825 2339 dativum
872 2301 1036 2353 ’Έλλησι

379 2359 481 2396 conf.
502 2357 636 2395 Matth.
659 2360 721 2397 Gr.
748 2361 813 2396 Gr.
835 2362 869 2405 ξ.
892 2362 971 2400 387
991 2373 1030 2410 p-

381 2418 476 2456 709.
508 2417 623 2451 Faces
644 2423 773 2451 autem
797 2418 835 2452 in
853 2417 1036 2453 solemni-

380 2472 451 2509 bus
490 2471 650 2508 deorum
688 2471 929 2523 quorundam
948 2486 1037 2509 cur-

382 2540 424 2564 su
475 2530 612 2578 gestari
659 2530 783 2566 solitas
829 2542 850 2565 a
889 2531 1037 2565 iuveni-

381 2583 453 2620 bus
481 2598 611 2622 secum
645 2586 872 2623 certantibus
911 2587 1039 2623 notavi

384 2638 433 2675 ad
451 2641 522 2687 VI,
556 2641 647 2682 105.
704 2644 861 2688 Qualem
887 2656 1040 2680 cursum

384 2695 424 2730 in
469 2697 625 2733 Vulcani
664 2699 789 2746 sestis,
841 2701 905 2751 qui
947 2700 1038 2737 deus

385 2751 482 2801 ignis
502 2754 578 2789 sive
609 2755 701 2792 lucis
721 2764 852 2792 auctor
872 2755 1040 2793 habeba-

385 2814 467 2857 tur,
519 2807 677 2847 Athenis
715 2813 857 2850 institui
887 2813 1040 2851 solitum

1102 869 1241 910 Τοῦτο
1272 866 1320 910 τὸ
1352 865 1559 924 δράμημα
1591 869 1682 910 τῶν

1080 1005 1192 1043 fuisse
1213 1013 1397 1044 testantur
1418 1004 1550 1045 Schol.
1581 1003 1629 1042 ad
1649 1004 1740 1042 Ari-

1080 1061 1203 1113 stoph.
1224 1065 1321 1104 Rau.
1358 1066 1449 1103 131.
1484 1064 1590 1102 1026
1623 1060 1739 1098 Both.

1081 1119 1228 1169 (1119)
1266 1119 1352 1157 coll.
1388 1121 1610 1169 Harpocrat.
1647 1131 1676 1155 s.
1701 1131 1738 1155 v.

1082 1172 1240 1223 λαμποές
1274 1182 1310 1211 et
1341 1176 1424 1211 Istri
1453 1176 1631 1224 fragium.
1652 1186 1741 1225 pag.

1085 1232 1138 1270 60
1163 1230 1222 1268 ed.
1245 1231 1385 1269 Siebel.
1418 1231 1593 1268 creuzer.
1623 1230 1743 1282 Sym-

1084 1287 1160 1326 bol.
1199 1289 1252 1323 III
1289 1300 1377 1339 pag.
1408 1286 1488 1327 403
1529 1287 1615 1324 coll.
1647 1286 1744 1327 509.

1085 1343 1284 1382 Welcker.
1315 1345 1352 1380 T
1356 1344 1464 1393 rilog.
1496 1342 1533 1379 d.
1563 1341 1744 1394 Aeschyl-

1086 1413 1124 1450 p.
1161 1403 1235 1441 121
1278 1407 1358 1437 not.
1392 1400 1484 1440 150.
1512 1400 1744 1449 Wesseling.

1088 1457 1316 1493 excitaverat
1345 1454 1534 1494 Themist.
1560 1457 1625 1493 Or.
1649 1456 1746 1492 XIX

1088 1525 1175 1563 pag.
1205 1515 1287 1553 230
1309 1513 1350 1550 C.
1373 1519 1409 1549 et
1430 1511 1609 1564 Aeschyl.
1638 1513 1746 1562 Aga-

1088 1582 1235 1606 memn.
1274 1572 1369 1610 320.
1408 1570 1557 1606 Erasm.
1594 1567 1747 1619 Adagg.

1089 1639 1129 1676 p.
1150 1623 1230 1667 574
1251 1624 1311 1663 ed.
1331 1625 1507 1663 Francos.

1154 1684 1279 1721 Τοῦτο
1304 1679 1347 1721 vd
1373 1678 1561 1733 δράμημα
1578 1682 1659 1720 τῶν
1678 1680 1748 1720 ιπ-

1091 1753 1180 1777 πων
1212 1737 1397 1778 καλέουσι
1443 1738 1594 1790 Πέρσαι
1623 1732 1748 1789 ἄγγα-

1091 1791 1227 1846 ρήὶον]
1249 1797 1324 1832 Pro
1346 1790 1532 1861 δραιιημα
1545 1793 1749 1831 Blomfield

1089 1853 1128 1887 in
1168 1850 1206 1887 h.
1230 1853 1253 1888 l.
1296 1858 1332 1888 et
1369 1853 1409 1887 in
1444 1850 1623 1903 Aeschyl.
1643 1852 1750 1888 Pers.

1090 1907 1172 1948 252
1183 1909 1334 1945 rescribi
1348 1909 1427 1945 vult
1449 1904 1640 1958 δράμημα,
1655 1919 1750 1944 ana-

1090 1964 1213 2014 logiae
1242 1978 1363 2003 causa.
1423 1964 1502 2002 Sed
1539 1964 1641 2001 conf.
1670 1965 1750 2000 Lo-

1091 2020 1205 2058 beck.
1228 2021 1276 2058 ad
1296 2020 1503 2073 Phrynich.
1539 2034 1626 2072 pag.
1654 2023 1750 2061 618.

1090 2078 1195 2113 Libri
1219 2079 1344 2128 scripti
1374 2091 1452 2114 non
1480 2077 1750 2128 suffragantur.

1091 2133 1201 2179 Quod
1217 2133 1264 2170 ad
1285 2141 1554 2184 argumentum
1574 2134 1647 2170 loci
1660 2133 1750 2169 atti-

1090 2197 1168 2237 net,
1192 2190 1269 2227 vid.
1289 2192 1454 2229 Brissou.
1480 2192 1536 2226 De
1554 2203 1632 2239 reg.
1645 2190 1750 2227 Pers.

1089 2248 1250 2297 princip.
1283 2248 1318 2294 Ι,
1362 2249 1442 2287 238
1473 2247 1559 2283 coll.
1591 2246 1750 2283 Stanlei.

1091 2302 1140 2339 ad
1172 2302 1350 2354 Aeschyl.
1392 2304 1495 2340 Pers.
1537 2302 1639 2347 2473
1678 2315 1751 2339 nec

1092 2361 1194 2395 enim
1233 2373 1466 2411 quemquam
1511 2359 1635 2409 fugit,
1676 2357 1750 2396 hoc

1091 2418 1225 2453 Peiscu
1228 2430 1292 2452 um
1313 2418 1546 2463 institutum,
1569 2417 1751 2468 antiquis-

1091 2475 1233 2510 simum
1253 2472 1346 2509 illud
1363 2473 1440 2509 fere
1461 2474 1634 2509 omnium
1650 2501 1660 2520 ,
1696 2473 1748 2509 sic

1093 2531 1178 2567 satis
1227 2531 1428 2566 convenire
1478 2543 1565 2566 cum
1614 2529 1749 2566 nostris

1094 2587 1262 2623 cursibus
1283 2587 1451 2637 publicis,
1473 2587 1537 2638 qui
1555 2599 1624 2637 per
1639 2586 1750 2636 equi-

1094 2650 1150 2680 tes
1192 2644 1403 2693 plaustrave
1430 2643 1525 2679 fiunt
1570 2641 1749 2690 (Posten),

1097 2701 1238 2752 quique
1260 2699 1360 2750 apud
1374 2713 1441 2736 nos
1462 2700 1615 2750 privatis
1629 2711 1750 2749 aeque

1096 2770 1139 2793 ac
1160 2757 1318 2806 publicis
1339 2758 1547 2793 inserviunt
1577 2767 1751 2792 commo-

1097 2812 1166 2862 dis,
1189 2826 1277 2851 cum
1289 2813 1390 2865 apud
1401 2815 1532 2850 Persas
1541 2810 1634 2849 illud
1643 2811 1752 2848 insti-
