1839 3292
393 207 450 248 46

808 198 1262 238 HERODoTl

395 316 538 365 κίδος,
570 310 712 356 πάντα
742 307 1056 365 ἐσιναμώρεον·
1086 306 1159 350 καὶ
1187 306 1272 362 γὰρ
1301 310 1386 349 τῶν
1418 304 1662 348 Πανοπέων

368 383 478 438 Ξτὴν
507 381 633 425 πόλιν
664 379 918 433 ἐνέπρησαν,
949 377 1022 420 καὶ
1051 376 1272 426 Δαυλίων,
1303 374 1376 416 καὶ
1406 372 1717 416 Αἰολιδέων.55

392 449 680 503 Ἐπορεύοντο
701 447 745 490 δὲ
765 446 900 502 ταύτῃ
923 442 1260 500 ἀποσχισθέντες
1280 445 1354 497 τῆς
1374 439 1503 496 ἄλλης
1532 453 1659 495 στρα-

396 523 490 573 τιῆς
519 518 654 558 τῶνδε
685 516 838 565 εἵνεκα,
871 513 984 564 ὅκως
1013 511 1278 568 συλήσαντες
1313 508 1364 552 τὸ
1409 509 1505 562 ἱρὸν
1534 507 1582 551 τό
1614 507 1662 551 ἐν

376 589 646 640 3Δελφοῖσι,
686 584 854 636 βασιλέϊ
890 583 1027 638 ,Ξέρξῃ
1060 579 1318 630 ἀποδέξαιεν
1357 575 1410 619 τὰ
1451 575 1662 631 χρήματα.

397 653 539 697 πάντα
562 652 603 695 δ’
635 651 843 708 ἠπίστατο
867 652 918 693 τὰ
949 650 995 693 ἐν
1025 653 1085 705 τῷ
1117 650 1196 702 ἱρῷ
1217 646 1299 689 ὅσα
1314 643 1449 699 λόγου
1478 639 1535 700 ἧν
1564 642 1662 696 ἄξια

401 722 575 775 Ξέρξης,
608 719 665 771 ὥς
696 719 776 775 ἐγώ
808 717 1112 771 πυνθάνομαι,
1143 715 1323 770 ἄμεινον
1352 712 1379 768 ἢ
1399 712 1451 754 τοὶ
1474 712 1520 756 ἐν
1549 717 1718 755 τοῖσιδο

400 792 576 833 οἰκίοισι
606 788 742 842 ἔλιπε,
779 791 954 830 πολλῶν
992 786 1074 828 αἰεὶ
1112 782 1343 840 λεγόντων,
1379 781 1452 824 καὶ
1481 779 1663 836 μάλιστα

345 980 500 1018 μωρεον
539 963 641 1003 conf,
667 968 759 1000 nott.
783 960 831 999 ad
851 963 881 1005 Ι,
912 961 1003 1001 152.

344 1020 555 1074 Hesychius
590 1022 606 1056 1
637 1034 675 1070 p.
709 1019 833 1060 1458:
875 1017 1004 1057 ἐσινα-

349 1078 534 1132 μώρευον
559 1078 671 1126 (510)·
698 1074 892 1115 ἐσίνοντο.

401 1167 470 1208 καὶ
483 1166 681 1213 Δαυλίων,
693 1158 1003 1211 καὶΑἰολιδέων]

347 1228 485 1263 Persae
528 1220 696 1272 Delphos
733 1220 891 1271 profecti
919 1225 1007 1255 sunt

348 1282 394 1319 esi
431 1282 512 1327 via,
551 1291 650 1331 quae
687 1284 817 1328 postea
853 1288 1006 1327 quoque

351 1338 574 1376 Chaeronea
615 1333 783 1385 Delphos
832 1332 1005 1379 ducebat,

349 1397 390 1433 in
419 1395 543 1431 Krusii
578 1392 718 1442 mappa
750 1388 1006 1441 geographica

350 1458 524 1489 accurate
546 1448 746 1486 delineata.
802 1448 835 1483 E
876 1448 1006 1482 Pano-

350 1509 528 1560 pensimn
557 1507 672 1555 igitur
700 1516 790 1553 agro
821 1502 1007 1554 progressi

349 1566 519 1617 primum
546 1575 687 1600 venere
725 1562 765 1597 in
798 1560 1008 1597 Dauliorum

349 1622 499 1669 urbem,
532 1632 629 1672 quae
657 1619 702 1655 ab
736 1618 815 1654 aliis
851 1624 1009 1654 vocatur

351 1678 522 1724 Δαυλίς,
555 1676 682 1721 (conf.
721 1674 1010 1721 Homer,ll.11‚

352 1734 453 1785 520)
475 1739 665 1770 exstructa
684 1733 722 1767 in
751 1744 842 1768 saxo
863 1731 1011 1781 praeei-

352 1793 422 1842 piti
441 1789 507 1828 sed
530 1790 627 1826 bello
649 1801 753 1825 sacro
768 1800 908 1826 eversa.
926 1786 1010 1823 Ad-

353 1847 429 1884 huc
440 1860 558 1898 prope
573 1847 706 1882 veteris
723 1845 823 1881 urbis
835 1845 926 1895 reliq
934 1845 1012 1880 uias

352 1906 544 1941 invenitur
555 1904 671 1945 vicus,
689 1903 845 1938 nomine
862 1900 1013 1938 Daulia.

353 1960 440 1999 Vid.
464 1962 506 1999 C.
531 1962 572 1998 O.
595 1959 746 1995 Miiller.
780 1956 1011 1995 Orchomen-

356 2030 446 2069 pag.
467 2014 561 2056 484.
591 2018 711 2052 Kruse
732 2016 778 2063 ΙΙ,
802 2018 826 2054 2
847 2027 933 2065 pag.
959 2016 1012 2054 60

357 2087 438 2125 seq.
503 2073 683 2109 Observat
728 2071 913 2108 Dodwell.
972 2071 1013 2106 in

359 2132 483 2181 Opere
502 2128 655 2165 laudato
669 2141 753 2179 pag.
775 2130 840 2175 22,
861 2127 1014 2164 ubitab.

357 2187 482 2223 XLIV
503 2193 539 2222 et
558 2186 662 2222 XLV
690 2198 890 2222 murorum
921 2185 1015 2220 arcis

361 2243 536 2295 reliquias
565 2241 759 2289 exhibuit,
791 2240 882 2278 duas
902 2239 1016 2276 huius

360 2301 433 2337 vici
455 2300 628 2336 ecclesias
639 2300 850 2334 maximam
870 2304 1018 2348 partem

360 2371 382 2393 e
403 2357 538 2394 veteris
558 2356 714 2392 Dauliae
734 2354 919 2405 lapidibus
940 2367 1019 2390 esse

362 2419 608 2449 constructas.
648 2413 731 2448 Iam
750 2410 911 2448 Daulide
929 2423 1021 2460 pro·

362 2469 453 2505 fecti
464 2476 670 2521 monteque
680 2475 853 2519 superato
868 2466 1023 2504 adPlei-

363 2526 410 2561 sti
444 2526 590 2562 fontem
632 2538 859 2576 pervenere,
915 2523 1018 2560 unde

365 2580 540 2617 nonnihil
560 2589 751 2618 remotum
776 2582 1020 2632 probabiliter

366 2638 480 2673 situm
500 2638 569 2674 fuit
588 2639 814 2676 Aeolidawm
836 2637 1020 2689 oppidum

366 2706 412 2729 eo
442 2694 520 2728 fere
541 2694 636 2741 loco,
655 2708 731 2746 quo
757 2709 861 2732 nuno
889 2696 1021 2731 ruinae

366 2748 556 2801 quaedam
577 2759 745 2800 repertae
765 2758 864 2799 sunt,
887 2752 1023 2804 quibus

366 2818 388 2842 a
410 2806 508 2847 Gen.
542 2818 684 2844 nomen
702 2809 878 2846 tribuitur
901 2808 1024 2847 Castro

1060 958 1202 1005 Parnes,
1235 969 1255 993 a
1286 954 1486 992 Dodwello
1517 953 1664 991 Zimeno
1687 966 1718 990 s.

1061 1015 1190 1053 Pulm'o
1207 1014 1379 1050 Aracoba.
1438 1010 1631 1064 Equidem
1664 1011 1719 1046 nil

1062 1071 1256 1119 discerno,
1276 1071 1498 1120 praesertim
1519 1081 1608 1105 cum
1630 1067 1720 1103 nnl-

1062 1129 1098 1164 la
1138 1128 1184 1164 sit
1213 1128 1314 1163 urbis
1342 1127 1486 1162 mentio
1516 1138 1588 1162 nec
1617 1122 1720 1175 apud

1063 1184 1262 1221 Strab.nec
1273 1182 1373 1233 apud
1385 1184 1547 1219 Pausan.
1561 1182 1721 1219 Cf.Kru-

1061 1254 1101 1278 se
1112 1241 1166 1280 l.l.
1178 1238 1458 1291 p.64.65.1nde
1467 1239 1606 1276 vallem
1616 1238 1720 1274 Plei-

1062 1299 1109 1334 sti
1129 1297 1394 1334 secutiPersae
1414 1297 1453 1331 in
1482 1294 1720 1346 Delphorum

1062 1355 1260 1405 planitiem
1284 1351 1562 1389 descenderunt
1592 1349 1641 1388 ad
1659 1351 1722 1401 ip-

1062 1424 1144 1448 sam
1178 1424 1298 1462 usque
1326 1410 1482 1456 urbem,
1515 1407 1590 1460 quai
1616 1421 1721 1444 nuuc

1063 1469 1230 1505 cernitur
1267 1467 1539 1503 monasterium
1591 1465 1723 1502 Castri.

1062 1524 1175 1561 Unde
1195 1524 1282 1561 satis
1303 1531 1417 1574 patet,
1439 1521 1532 1574 quid
1561 1521 1609 1559 de
1628 1522 1722 1559 Val-

1064 1581 1257 1619 ckenaerii
1285 1579 1534 1617 iudicandum
1561 1580 1607 1616 sit
1627 1591 1723 1615 con-

1064 1641 1208 1676 iectura
1228 1650 1296 1688 pro
1318 1635 1539 1676 Αἰολιδέων
1568 1634 1609 1685 (a
1627 1648 1722 1673 voce

1065 1695 1265 1741 Αἰολίδαι,
1277 1694 1377 1733 conf.
1395 1694 1532 1731 struve
1549 1693 1722 1744 Spec.II.

1068 1754 1220 1798 Quaest.
1249 1751 1296 1788 de
1332 1750 1480 1787 dialect.
1511 1748 1654 1787 Herod.
1682 1762 1723 1800 p.

1069 1811 1113 1859 ὅ)
1157 1809 1373 1860 reponentis
1414 1805 1638 1854 Λιλαιέων,
1681 1812 1724 1842 ut

1067 1866 1245 1905 Λιλαίαν
1282 1865 1559 1914 intelligamus,
1609 1875 1727 1915 quam

1068 1924 1167 1959 inter
1196 1921 1455 1959 Phocensium
1482 1921 1594 1957 urbes
1614 1920 1729 1956 refert

1069 1981 1275 2016 Pausanias
1299 1980 1350 2026 X,
1380 1980 1404 2018 3
1427 1979 1463 2024 §-
1485 1981 1526 2018 2.
1547 1979 1598 2018 33
1622 1978 1657 2022 §.
1689 1979 1728 2024 2,

1072 2049 1188 2088 quam
1216 2043 1346 2073 tamen
1371 2048 1449 2071 non
1477 2035 1592 2083 longe
1613 2045 1634 2069 a
1654 2033 1729 2068 Ti-

1070 2092 1205 2130 thorea
1224 2093 1322 2128 inter
1343 2091 1481 2128 Gravia
1503 2096 1539 2126 et
1558 2088 1669 2135 Dadi,
1686 2096 1728 2125 ut

1070 2163 1174 2187 nunc
1185 2154 1334 2192 vocant,
1343 2149 1454 2184 sitam
1463 2147 1575 2183 fuisse
1587 2145 1728 2197 proba-

1071 2207 1159 2255 bile,
1184 2204 1231 2242 ad
1246 2204 1536 2255 septentrionale
1554 2202 1728 2240 Parnassi

1070 2264 1181 2309 latus,
1201 2262 1266 2299 ubi
1282 2259 1406 2298 adhuc
1422 2261 1597 2312 reliquias
1613 2272 1728 2312 quas-

1073 2319 1163 2356 dam
1201 2332 1241 2356 se
1270 2317 1407 2356 vidisse
1439 2324 1598 2354 testatur
1630 2316 1728 2354 Gell.

1072 2376 1159 2416 Vid.
1181 2376 1222 2413 C.
1245 2376 1289 2412 Ο.
1318 2375 1466 2413 Miiller.
1499 2373 1727 2412 Orchomen.

1076 2448 1115 2484 p.
1137 2431 1228 2472 484.
1245 2430 1340 2470 497.
1368 2433 1490 2468 Kruse
1515 2433 1563 2476 ΙΙ,
1585 2433 1610 2471 2
1639 2443 1729 2482 pag.

1077 2489 1145 2530 84.
1203 2489 1363 2525 Siebelis
1387 2487 1436 2526 ad
1464 2489 1628 2526 Pausan.
1656 2488 1731 2526 1.1.

1073 2560 1113 2598 p.
1133 2547 1228 2586 292.
1248 2546 1342 2586 293.

1133 2632 1265 2675 πάντα
1306 2630 1342 2674 δ’
1376 2630 1596 2686 ἠπίστατο]
1634 2629 1730 2685 η’πί-

1079 2705 1194 2733 στατο
1224 2705 1243 2727 e
1266 2693 1431 2733 Florent,
1458 2693 1614 2744 aliisque
1643 2690 1731 2728 dedi

1079 2763 1169 2787 cum
1180 2747 1362 2799 Schwgh.
1373 2757 1409 2786 et
1421 2749 1536 2786 Gaisf.
1549 2749 1732 2802 probante

1079 2809 1130 2847 H.
1156 2807 1330 2857 Apetzio,
1371 2807 1437 2859 qui
1469 2807 1558 2845 citat
1586 2808 1642 2856 Π,
1664 2806 1732 2847 53.
