1839 3292
581 229 610 265 1.
638 228 799 264 INDEX
826 228 1016 266 RERUM.

120 341 194 374 not.
223 336 449 372 Asiaticorum
481 335 593 380 origo,
624 336 700 379 ΠΙ,
735 335 781 369 99

119 389 189 418 not.
212 384 330 417 innata
352 383 513 425 superbia
545 387 579 416 ct
604 382 780 424 fortitudo,

122 430 194 470 VII,
211 428 278 462 102
292 431 363 461 not.

74 475 200 511 Dorica
212 485 297 518 gens
320 470 506 516 (Δωρικὸν
523 470 664 516 ἔθνος),
687 473 780 513 vlll,

117 519 174 554 43.
199 519 399 552 Hellenicae
423 519 551 562 stirpis,
583 520 671 552 unde
694 530 781 562 cog-

116 565 305 606 nominata,
329 564 358 606 I,
389 562 434 597 56
457 569 524 597 not.
559 569 633 606 post
665 564 780 597 varias

115 611 352 653 migrationes,
373 621 415 643 ex
439 610 612 654 Dryopide
635 610 780 652 denique

117 656 154 690 in
169 658 441 699 Peloponnesum
473 657 585 697 venit,
619 656 704 688 ibid.
745 658 779 689 et

116 702 208 744 VIII,
232 702 291 736 31.

71 748 216 782 Doricae
242 747 352 781 tribus
383 745 623 789 Sicyoniorum
665 748 778 778 muta-

118 798 185 834 tae,
227 793 268 834 V,
300 792 356 827 68.
397 791 564 825 Doricum
593 791 777 824 vestimen-

117 844 203 879 tum,
225 839 266 879 V,
292 837 348 870 87.

71 885 221 918 Doricha
243 881 406 916 meretrix
429 885 497 916 not.
526 881 569 915 ad
592 881 638 922 Il,
663 880 741 914 134.

71 930 224 969 Dorieus,
246 928 505 962 Anaxandridae
528 929 590 967 fil„
614 939 655 960 ex
665 928 778 970 prima

115 985 233 1017 uxore,
268 974 310 1015 V,
333 972 390 1006 41.
437 974 479 1016 V,
503 973 549 1007 46
575 977 645 1008 not.
689 973 778 1006 inter

115 1020 275 1061 aequales
311 1019 460 1060 excellit,
494 1020 534 1060 V,
573 1019 628 1052 12.
658 1020 777 1051 nolens

114 1065 182 1099 sibi
205 1076 227 1098 a
242 1066 349 1098 fratre
363 1065 538 1108 imperari,
562 1064 597 1098 in
610 1065 776 1108 Cinypem

113 1111 253 1145 Africae
275 1111 446 1144 coloniam
474 1111 589 1152 ducit,
629 1111 710 1143 ibid.
741 1111 777 1143 in

116 1157 238 1190 Sicilia
257 1168 334 1190 cum
346 1157 552 1190 Crotoniatis
562 1156 710 1199 Sybarin
720 1167 777 1189 ca—

113 1203 177 1246 pit,
209 1203 250 1242 V,
286 1202 331 1236 43
355 1214 453 1245 seqq.
501 1202 617 1243 ibique
652 1202 688 1234 in
719 1214 774 1234 ex-

113 1248 286 1291 peditione
334 1247 506 1288 occubuit,
546 1248 588 1288 V,
618 1247 664 1281 45
707 1259 777 1290 seq.

117 1294 192 1334 VII,
218 1292 298 1326 158.
323 1293 402 1326 205.
426 1315 471 1319 —
495 1293 567 1326 eius
594 1294 684 1326 filius
707 1294 777 1325 Eu·

117 1345 310 1382 ryanactes‚
333 1339 525 1373 Pausaniae
548 1339 693 1383 collega,
716 1339 777 1380 IX,

69 1431 170 1481 IJoris
195 1426 245 1474 (ἡ
271 1428 438 1472 Δωρὶς),
470 1430 498 1471 Ι,
529 1429 575 1463 56
597 1432 667 1462 not.
692 1429 777 1463 olim

114 1476 265 1519 Dryopis
290 1476 485 1516 nominata,
520 1486 541 1508 a.
574 1475 686 1508 Persis
710 1487 777 1507 non

113 1526 247 1556 vastata
259 1522 511 1555 Thessalorum
521 1521 675 1564 consilio,
686 1521 778 1561 vul,

68 1613 236 1651 Dor-iscus,
260 1612 300 1653 V,
324 1611 370 1645 98
390 1615 459 1646 not.
484 1612 558 1652 VII,
577 1610 633 1644 25.
658 1612 777 1644 Thra-

114 1659 190 1692 ciae
218 1658 313 1691 littus
348 1662 381 1691 et
408 1660 554 1700 'campus
578 1658 718 1701 ingens,
742 1661 776 1691 et

112 1704 291 1737 castellum
315 1703 425 1744 Darii,
451 1704 527 1745 VII,
551 1701 608 1737 59.
627 1702 693 1736 105
705 1715 774 1746 seq.

66 1751 188 1792 Dorus,
212 1749 368 1782 Hellenis
390 1750 452 1790 fil.,
473 1749 503 1791 I,
526 1748 582 1783 56.

66 1796 242 1838 Doryssus,
263 1796 436 1828 Leobotae
448 1796 512 1836 fil„
539 1795 612 1835 Vll,
625 1795 694 1829 204
705 1798 774 1828 not.

27 1873 31 1888 Ι
65 1842 186 1883 Dotus,
225 1841 415 1884 Megasidri
438 1842 540 1881 filius,
573 1842 775 1884 Paphlago-

111 1898 193 1918 num
216 1891 248 1919 et
264 1886 495 1920 Matienorum
519 1887 598 1929 dux,
625 1887 697 1928 vll,
717 1886 774 1920 72.

65 1932 265 1971 Drabescus,
289 1932 351 1971 IX,
374 1931 419 1965 75
439 1936 508 1966 not.

65 1977 206 2011 Dromos
227 1978 412 2020 Achilleus,
436 1979 494 2018 IV,
518 1976 564 2012 55
588 1980 658 2011 not.

64 2023 216 2066 Dropici,
239 2024 422 2056 Persarum
445 2035 540 2068 gens,
566 2023 593 2060 I.
617 2021 698 2057 125.

65 2068 224 2112 Drymus,
247 2080 324 2111 opp.
335 2069 508 2111 Phocidis,
531 2069 623 2109 VIII,
647 2068 692 2102 33
702 2072 772 2105 not.

65 2114 172 2158 Drya,
195 2114 362 2149 Herodoti
384 2120 506 2158 mater,
530 2116 663 2150 Comm.
679 2118 711 2158 ἓ.
735 2115 772 2150 2.

1461 234 1542 272 491

836 337 983 382 Dryopis
1006 336 1104 381 regio
1129 335 1339 381 (Δρυοπὶς),
1354 338 1380 377 I,
1406 337 1451 370 56
1474 343 1544 373 not.

881 390 999 426 postea
1022 383 1121 416 Doris
1144 382 1340 421 nominata,
1378 383 1475 423 Vlll,
1498 385 1543 417 31

881 434 955 463 not.
979 431 1136 472 Dryopes
1160 439 1236 471 pop.
1262 428 1297 460 in
1315 427 1406 467 Asia,
1431 428 1458 467 I,
1477 429 1545 461 146

881 479 950 507 not.
987 476 1166 518 Dry-opum
1199 473 1355 507 civitates
1379 474 1415 506 in
1446 475 1544 507 Pelo-

879 531 1042 562 ponneso,
1067 520 1160 560 VIII,
1183 519 1241 553 73.

835 566 1018 600 Duodecim
1048 567 1148 598 aulae
1180 565 1216 598 in
1243 564 1466 609 labyrintho,
1496 564 1543 605 ΙΙ,

833 610 1060 700 Dylrhlgnhaee,
1084 655 1194 689 tribus
1219 654 1394 699 Sicyonia,
1422 655 1474 696 .V‚
1498 654 1544 688 68

833 705 950 791 Πῃῃηῗεξ,
974 758 1053 789 opp.
1076 746 1305 784 Achaeorum,
1329 744 1358 785 Ι,
1381 743 1451 778 145
1473 748 1543 780 not.

832 794 956 836 Dyras,
981 793 1016 825 ss.
1041 791 1263 832 Trachinlae,
1283 790 1360 829 VII,
1384 790 1452 823 198
1472 794 1542 824 not.

833 839 1037 894 Dyseateria
1061 837 1096 870 in
1112 837 1233 871 Xerxis
1258 836 1421 877 exercitu,
1448 836 1542 879 VIII,

831 886 1011 974 Dylsthhm,
1059 939 1156 961 mons
1194 938 1299 969 prope
1336 937 1439 969 quem
1486 937 1544 958 ar-

877 975 969 1019 genti
995 975 1149 1016 metalla,
1173 974 1214 1015 V,
1238 973 1284 1006 17
1319 976 1389 1007 not.
1421 972 1464 1006 T.
1491 972 1543 1005 III

875 1033 909 1065 p.
934 1020 1013 1055 812.
1384 1032 1387 1034 ·

1165 1109 1210 1142 Ε.

833 1203 931 1237 Ebur
955 1204 989 1235 et
1024 1201 1178 1234 Ebenum
1212 1199 1300 1243 (fert
1323 1198 1543 1242 Aethiopia),

881 1248 941 1286 111,
964 1247 1042 1280 114.
1067 1248 1113 1280 cf.
1134 1259 1162 1282 c.
1185 1245 1230 1278 97
1254 1248 1324 1278 not.
1349 1244 1416 1278 107
1442 1250 1513 1281 not.

833 1295 1025 1334 Ecbatana,
1048 1293 1117 1326 vid.
1142 1292 1339 1335 Agbatana.

831 1341 1049 1379 Echecrates,
1073 1337 1228 1370 Eetionis
1244 1341 1352 1380 pater,
1373 1336 1417 1376 V,
1438 1335 1496 1369 92.

831 1386 1027 1419 Echedorus
1051 1382 1305 1426 (Ἐχείδωρος),
1336 1382 1373 1414 fl.
1407 1393 1426 1414 e
1458 1382 1543 1414 Cre-

878 1431 1024 1465 stonaeis
1054 1430 1174 1470 fluens,
1210 1427 1396 1461 exercitum
1420 1427 1543 1461 Xerxis

877 1487 970 1519 aqua
990 1475 1154 1514 destituit,
1178 1475 1251 1514 VII,
1276 1472 1343 1506 124
1365 1477 1435 1507 not.
1461 1473 1541 1506 127.

878 1523 924 1557 Τ.
950 1522 999 1554 ΙΙΙ
1023 1533 1055 1564 p.
1079 1520 1156 1554 826.

831 1568 1010 1607 Echemus,
1035 1566 1161 1609 Aet-opi
1172 1565 1236 1605 fil„
1260 1564 1409 1607 Hyllum
1421 1563 1542 1598 inmo-

876 1613 1062 1646 nomachia
1085 1611 1266 1653 interfecit,
1291 1611 1354 1650 IX,
1379 1610 1425 1643 26
1449 1614 1518 1645 not.

830 1660 1067 1699 Echestratus‚
1091 1658 1177 1701 Agis
1199 1657 1261 1698 fil„
1287 1656 1360 1696 VII,
1384 1655 1464 1689 204.

829 1705 1037 1745 Echinades,
1068 1704 1199 1737 insulae
1233 1703 1397 1736 adversus
1429 1702 1542 1736 Ache-

876 1752 923 1783 loi
947 1751 981 1783 fl.
1006 1749 1105 1790 ostia,
1129 1750 1174 1788 II,
1197 1748 1242 1781 10
1265 1751 1335 1781 not.

828 1797 1010 1832 Echidnae
1032 1795 1068 1828 in
1092 1795 1219 1829 Arabia
1248 1794 1452 1836 frequentes,
1480 1793 1542 1836 III,

875 1842 943 1875 108
986 1845 1055 1875 not.
1099 1842 1258 1874 Echidna
1296 1840 1544 1884 semivirginea

876 1900 917 1921 ex
941 1888 1094 1919 Hercule
1115 1891 1184 1920 tres
1208 1885 1360 1927 concipit
1382 1886 1474 1919 filios
1506 1884 1543 1918 in

876 1933 1034 1976 Scythia,
1060 1932 1119 1972 IV,
1143 1931 1166 1965 9
1191 1936 1259 1964 not.
1289 1932 1323 1973 ¹¹¹)
1380 1942 1383 1943 ⁷

828 1979 988 2020 Echiwzes,
1015 1978 1166 2010 murium
1191 1988 1299 2018 genus
1338 1975 1388 2009 sic
1412 1975 1542 2009 (lictum

874 2025 907 2057 in
934 2025 1062 2068 Libya,
1087 2024 1146 2066 IV,
1172 2022 1238 2055 192
1254 2025 1322 2055 not.
1346 2021 1403 2064 **)

827 2071 976 2115 Eclipsis
1009 2069 1091 2103 solis
1125 2080 1147 2102 a
1174 2068 1322 2100 Thalete
1354 2067 1542 2111 praedicta,

872 2117 902 2159 I,
932 2115 978 2150 74
1010 2119 1080 2151 not.
1113 2115 1142 2157 Ι,
1171 2113 1238 2148 103
1265 2117 1335 2149 not.
1367 2113 1449 2156 '¹‘**)
1477 2113 1542 2147 alis

157 2296 188 2338 ¹⁸)
224 2297 305 2333 Vid.
327 2297 467 2330 Censor.
484 2295 706 2338 Heidelberg.
728 2295 815 2329 1826
831 2308 865 2337 p.
882 2294 961 2330 488.
1008 2296 1074 2327 Pro
1091 2302 1210 2326 terrae
1237 2292 1394 2338 symbolo
1412 2292 1540 2325 Echid-

67 2349 145 2373 nam
170 2341 276 2374 habet
300 2344 451 2386 Halling.
475 2342 611 2378 Annall,
638 2342 760 2376 Vienu.
785 2341 866 2373 LIX
897 2354 930 2385 p.
966 2341 1045 2375 253.
1073 2341 1185 2372 LXIII
1211 2352 1246 2383 p.
1274 2340 1347 2373 139.
1378 2339 1541 2372 Deutsch.

68 2386 190 2420 Gesch.
221 2389 238 2421 I
266 2399 345 2432 pag.
373 2389 417 2423 85
451 2401 524 2433 seq.
570 2389 626 2422 Tu
657 2387 749 2420 conf.
785 2399 921 2431 quoque
949 2386 1144 2419 Heinecke:
1182 2386 1322 2418 Homer.
1341 2392 1374 2417 et
1390 2385 1538 2428 Lycurg.

68 2443 103 2476 p,
119 2432 197 2466 127.

159 2488 207 2530 ”)
239 2489 300 2522 Est
324 2501 402 2522 mus
429 2491 596 2533 echinus,
627 2489 685 2522 die
702 2488 936 2534 Aegyptische
954 2487 1198 2521 Stachelmaus.
1244 2485 1329 2522 vid.
1346 2486 1479 2520 Iacobs.
1495 2486 1541 2519 ad

67 2533 198 2567 Aelian.
220 2535 266 2568 N.
284 2538 346 2568 Au.
364 2537 445 2577 XV,
459 2537 516 2570 26.

158 2590 219 2633 ⁸'*)
242 2591 323 2623 vid.
356 2593 535 2625 Oltmann:
572 2591 717 2633 „Ueber
735 2590 792 2623 die
818 2591 930 2623 wahre
954 2589 1097 2633 Epoche
1128 2589 1192 2622 der
1212 2599 1281 2621 von
1301 2588 1460 2621 Herodot
1480 2601 1539 2621 er-

67 2636 224 2668 xviihnten
241 2637 562 2670 Sonnenfinsterniss
583 2650 635 2670 am
655 2637 759 2680 Halys
773 2638 797 2655 ‘⁶
820 2637 856 2668 in
872 2639 962 2669 Actt.
985 2636 1140 2669 societat.
1159 2635 1304 2669 Berolin.
1324 2635 1540 2667 mathemati-

67 2684 114 2714 cis
140 2682 226 2715 1812
251 2682 355 2724 (1816
371 2683 506 2726 Berol.)
533 2683 619 2715 etin
640 2683 772 2716 Annall.
799 2681 1042 2715 Astronomicis
1061 2680 1231 2712 Berolinn.
1245 2691 1307 2723 pro
1329 2681 1428 2714 1823.
1452 2681 1540 2716 Add.

67 2729 203 2760 Wurm.
221 2726 255 2758 in
274 2728 454 2771 appendic.
480 2729 523 2760 ad
539 2729 682 2762 Schffllii
707 2729 899 2761 versionem
920 2727 1091 2759 Herodoti
1112 2725 1327 2758 vernaculam
1346 2738 1381 2770 p.
1406 2727 1537 2760 1392-

69 2773 167 2812 1396,
193 2772 251 2817 qui
269 2774 447 2805 Oltmanno
464 2774 691 2816 adstipulatur
709 2774 914 2817 totalemque
932 2785 1030 2816 quam
1049 2772 1165 2804 dicunt
1186 2771 1414 2804 defectionem
1433 2773 1537 2805 fuisse

70 2817 205 2861 statuit,
228 2818 271 2851 ab
292 2819 390 2852 initio
406 2830 513 2863 usque
528 2820 573 2853 ad
589 2820 691 2855 finem
709 2822 926 2865 conspicuam
944 2830 1007 2864 per
1030 2817 1135 2852 horas
1154 2817 1448 2853 antemeridianas.
