1839 3292
504 223 965 265 CALLIOPE.
1018 222 1100 260 lx.

1345 223 1429 263 219

179 339 391 397 ,,μάχονς·
415 333 638 392 Ἀθηναῖοι
668 333 738 385 δὲ,
770 330 829 383 ὦς
858 329 1132 386 ἀδικεόμενοι
1162 325 1252 372 ὑπὸ
1271 324 1429 381 ὑμέων,
1443 337 1487 369 60

178 406 297 463 ,,χη’τι
319 403 566 459 συμμάχων,
597 400 915 446 καταλύσονται
936 403 996 457 τῷ
1018 397 1165 454 Πέρσῃ
1185 394 1299 440 οὕτω
1320 393 1432 444 ὅκως

149 474 260 528 8,,ὃὶν
295 472 526 516 δύνωνται.
593 468 941 523 καταλυσάμενοι
984 467 1054 520 δὲ,
1103 467 1210 521 δῆλα
1248 462 1330 517 γὰρ
1372 460 1426 518 δὴ
1485 456 1566 495 696

178 541 274 595 ,,ὃ’τι
305 539 522 594 σύμμαχοι
541 537 738 593 βασιλέος
757 535 992 591 γινόμεθα,
1024 529 1436 585 συστρατευσόμεθα

178 609 274 662 „ini
303 607 381 662 τὴν
411 605 466 648 ἂν
486 606 641 648 ἐκεῖνοι
661 604 930 660 ἐξηγέωνται.
985 599 1106 656 ὑμεῖς
1137 600 1182 642 δὲ
1205 598 1252 641 τὸ
1283 599 1436 641 ἐνθεῦ-

179 693 280 730 „rev
309 673 564 731 μαθήσεσθε
594 670 747 714 ὁκοῖον
777 669 834 712 ἄν
854 685 895 712 τι
923 666 1030 724 ὑμῖν
1059 667 1100 718 ἐξ
1123 665 1262 709 αὐτοῦ
1292 665 1437 722 ἐκβαί-

152 747 303 800 4,,νῃ.“
366 743 511 783 Ταῦτα
529 738 744 795 λεγόντων
770 741 859 780 τῶν
888 734 1103 791 ἀγγέλων,
1127 735 1170 776 οῖ
1193 733 1350 788 ἔφοροι
1380 730 1435 775 εἴ·
1449 736 1493 772 65

180 827 268 854 παν
297 807 358 853 ἐπ’
389 807 546 861 ὅρκου,
577 807 677 858 „uoci
713 804 765 861 δή
798 803 964 847 δοκέειν
997 800 1109 846 εἶναι
1140 801 1186 844 ἐν
1209 800 1437 859 Ὀρεστείῳ

151 879 450 932 5,,στείχοντας
479 872 548 916 ἐπὶ
568 871 676 924 τούς
699 873 906 925 ξείνους.“
964 872 1130 924 ξείνους
1149 869 1232 925 γὰρ
1263 868 1441 913 ἐκάλεον

121 1003 285 1043 videtur.
318 1001 428 1041 Conf.
448 997 640 1050 Aristoph.
657 999 779 1038 Thes-

126 1059 302 1111 mophor.
323 1057 404 1099 904
424 1056 536 1094 Both.
555 1058 683 1108 ibique
699 1060 781 1094 Ku—

127 1125 212 1155 ster.
235 1118 329 1157 932.
362 1116 457 1150 Rau.
479 1116 571 1153 311.
588 1113 682 1154 413.
700 1116 778 1154 421

127 1172 241 1211 Both.
280 1169 473 1208 Plutarch.
493 1171 589 1206 Mor.
627 1172 662 1206 II
693 1182 781 1221 pag.

130 1231 210 1270 397
239 1230 282 1268 F.
325 1228 423 1263 Hinc
469 1238 621 1277 quoque
662 1239 783 1263 canere

129 1285 232 1335 apud
271 1281 487 1333 Theognid.
528 1283 608 1324 955
651 1282 783 1332 (567),

130 1343 196 1378 ubi
227 1341 327 1378 conf.
356 1338 555 1378 welcker.
583 1352 671 1389 pag.
695 1341 785 1379 127.

129 1400 230 1435 Nam
268 1405 472 1446 utrumque
508 1402 544 1432 et
572 1396 716 1432 saltatio
749 1401 785 1431 et

131 1455 293 1492 cantatio
309 1452 356 1489 ad
365 1453 504 1488 festum
517 1452 586 1488 rite
596 1462 786 1502 peragen-

132 1510 224 1548 dum
245 1510 418 1560 pertinet.

186 1562 274 1617 χήτι
297 1558 531 1617 συμμάχων]
562 1563 587 1603 i.
615 1577 646 1600 e.
666 1563 785 1613 inopia

130 1624 311 1659 sociorum.
371 1621 495 1670 Vulgo
548 1615 705 1671 χήτεΐ
731 1633 785 1658 τε

130 1690 244 1729 συμ.,
283 1676 387 1730 quod
424 1683 509 1728 post
537 1676 787 1714 Schaeferum

129 1736 251 1772 tenuit
283 1732 415 1771 Matth.
471 1733 664 1785 Equidem
697 1734 787 1770 reli-

131 1804 226 1844 quos
263 1798 412 1828 secutus
450 1789 537 1829 edd.
578 1790 698 1827 abieci
732 1804 785 1838 τε,

132 1847 237 1900 quod
261 1861 283 1884 a
304 1846 493 1885 Sancrofti
511 1848 606 1884 libro
637 1848 786 1898 alioque

133 1903 218 1941 cod.
248 1905 373 1951 abest,
420 1910 457 1940 et
494 1905 665 1954 rescripsi
698 1900 788 1953 χήτι

134 1959 238 2012 quod
266 1962 429 2011 optimus
464 1961 668 2010 praebebat
698 1961 788 1996 Flo-

133 2017 315 2054 rentinus.
335 2037 389 2044 —
415 2017 473 2052 De
493 2018 571 2067 ipsa
596 2018 788 2053 locutione

132 2074 242 2124 plura
276 2074 411 2111 similia
454 2072 562 2110 affert
603 2075 791 2125 Wytteu-

133 2128 245 2167 bach.
266 2130 313 2167 ad
334 2129 527 2167 Plutarch.
546 2131 682 2168 Moral.
703 2132 721 2166 I
748 2144 788 2181 p.

133 2186 230 2227 435.
286 2186 349 2223 Ad
380 2189 601 2236 proximum
627 2188 790 2223 verbum

135 2238 422 2282 καταλύσονται
457 2245 680 2291 (ῐὶηἱηιίείίίίε
725 2242 790 2280 de-

133 2301 256 2349 positis
295 2301 515 2349 pacisceretur
553 2314 628 2338 cum
659 2299 789 2347 Persa)

136 2356 238 2396 conf.
257 2357 334 2393 citt.
355 2354 403 2392 ad
424 2357 512 2405 VII,
530 2359 568 2397 6.

194 2409 330 2451 ὁκοῖον
356 2409 407 2450 ἄν
427 2428 463 2453 τι
480 2413 577 2464 ’ὑμῖν
603 2411 642 2460 ἐξ
662 2406 790 2451 αὕτοῦ

140 2464 322 2521 ἐκβαίνῃ]
354 2468 439 2507 Vid.
469 2469 604 2507 Matth.
634 2471 700 2506 Gr.
723 2470 790 2510 Gr,

140 2523 178 2567 ξ·
210 2526 289 2564 633
321 2537 407 2575 pag.
439 2525 556 2575 1304,
593 2527 658 2578 qui
687 2525 792 2562 idem

141 2579 179 2623 ξ·
211 2578 290 2620 584
319 2593 405 2630 pag·
435 2584 539 2623 1163
576 2584 794 2620 consulatur

140 2633 191 2671 ad
209 2636 324 2672 verba
345 2632 410 2674 ἐπ’
436 2634 558 2688 ὅρκου
598 2639 642 2686 (ἰ.
671 2653 704 2676 e.
734 2641 794 2676 iu-

140 2695 298 2728 ramento
317 2695 543 2742 interposito).
573 2696 673 2746 Apte
694 2697 791 2734 Gail.

137 2747 212 2796 (Le
252 2747 433 2798 philolog.
471 2751 522 2787 IV
562 2764 652 2802 pag.
693 2750 792 2805 341)

138 2806 315 2843 meminit
348 2806 477 2844 similis
506 2807 692 2846 formulae
728 2808 794 2849 ἐπὶ

836 1001 918 1039 τῶν
941 997 1058 1052 ἷερῶν
1086 993 1227 1048 όμὸσαι
1258 995 1359 1048 apud
1379 995 1495 1032 Dion.

838 1057 982 1093 Halicc.
1003 1056 1158 1105 Antiqq.
1179 1054 1232 1090 ΙΙΙ
1252 1068 1289 1104 p.
1315 1051 1416 1100 154,
1446 1052 1495 1089 al.

837 1112 1029 1164 Equidem
1049 1110 1153 1147 haud
1172 1112 1248 1147 scio
1271 1123 1319 1146 an
1343 1108 1390 1145 ad
1402 1121 1498 1145 eun-

840 1169 930 1206 dem
962 1181 1074 1205 usum
1107 1167 1392 1217 praepositionis
1432 1163 1498 1204 ἐπὶ

840 1238 930 1262 cum
970 1225 1136 1274 genitivo
1179 1223 1309 1259 referri
1349 1221 1497 1269 debeat,

841 1280 944 1334 quod
973 1278 1198 1318 Plutarchus
1227 1279 1322 1316 dixit
1345 1279 1385 1314 in
1405 1279 1500 1314 Ale-

839 1337 977 1375 xandr.
1017 1339 1070 1377 23
1109 1338 1216 1373 init.:
1259 1330 1338 1383 ἐφ’
1372 1330 1499 1373 ἑκά-

842 1407 959 1444 στης
997 1389 1186 1431 κύλικο
1204 1407 1223 1438 ς
1249 1387 1311 1430 οἷεὶ
1343 1387 1500 1442 μακρόν

842 1466 931 1489 τινα
954 1445 1071 1501 λόγον
1093 1446 1370 1498 διατιθέμενος
1386 1454 1422 1484 et
1438 1460 1499 1497 cp.

843 1507 918 1547 53:
949 1503 1151 1545 ἐπαινέσαι
1171 1502 1399 1548 κελευσθεὶς
1416 1501 1501 1542 ἐπὶ

842 1565 936 1602 τοῦ
963 1562 1242 1612 ποτηρίου,
1265 1559 1503 1612 quodWyt-

841 1618 1019 1658 tenbach.
1043 1616 1253 1670 (Plutarch.
1285 1618 1382 1667 Opp.
1402 1617 1502 1664 V111,

844 1679 864 1717 1
889 1691 925 1727 p.
950 1677 1044 1723 626)
1082 1682 1184 1712 recte
1219 1674 1355 1725 accipit
1375 1672 1503 1724 adpo-

843 1734 983 1780 culum,
1015 1733 1105 1769 inter
1124 1731 1323 1769 bibendum.

901 1789 943 1829 ἐν
1002 1783 1205 1840 Ὀρεστείῳ
1250 1786 1504 1837 στείχοντας]

842 1847 943 1882 Male
964 1846 1153 1883 Saucrofti
1174 1846 1267 1881 liber
1287 1844 1504 1894 στίχοντας.

845 1903 955 1939 Conf.
976 1904 1049 1949 111,
1071 1904 1137 1942 76.
1168 1902 1396 1951 Intelligitur
1415 1899 1454 1936 h.
1475 1901 1503 1937 1.

844 1959 977 2011 procul
1008 1958 1122 1995 dubio
1146 1959 1326 1995 Oresteam
1356 1971 1386 1994 s.
1408 1957 1512 1993 Ore--

845 2018 908 2053 stis
922 2016 1121 2065 templum,
1142 2017 1401 2065 Tegeatarum
1416 2013 1506 2049 fini-

846 2074 915 2110 bus
938 2073 1106 2110 vicinum
1134 2079 1170 2108 et
1198 2073 1314 2108 situm
1344 2069 1392 2106 ad
1419 2082 1505 2105 eam

846 2131 948 2167 viam
961 2159 970 2177 ,
1001 2141 1099 2181 quae
1120 2142 1141 2164 a
1159 2127 1393 2177 Megalopoli
1414 2126 1507 2162 Pal-

844 2187 1005 2223 lamium
1038 2192 1150 2236 atque
1180 2186 1356 2233 Tegeam
1388 2181 1506 2219 ducit.

845 2243 931 2280 vid.
952 2244 1116 2279 Pausan.
1137 2242 1247 2288 VIII,
1269 2238 1322 2280 44
1345 2241 1381 2285 §.
1406 2242 1444 2279 1.
1465 2242 1506 2279 2.

844 2301 946 2338 Plut.
965 2298 1117 2337 Aristid.
1131 2301 1181 2338 10
1203 2297 1270 2334 fin.
1284 2294 1508 2346 Thucydid.

845 2357 890 2404 V,
914 2357 965 2398 64
986 2357 1115 2407 ibique
1132 2353 1279 2390 Duker.
1299 2360 1337 2389 et
1355 2354 1507 2391 Wasse.

844 2415 895 2450 Et
943 2413 1073 2449 confer
1120 2424 1274 2463 quoque
1324 2407 1509 2459 Stephan.

846 2472 942 2522 Byz.
963 2483 993 2506 s.
1013 2483 1050 2506 v.
1069 2466 1247 2519 Ὀρέσται
1269 2473 1305 2503 et
1332 2472 1428 2503 nott.
1459 2463 1509 2501 ad

848 2525 990 2564 Herod.
1007 2528 1046 2573 Ι,
1070 2529 1135 2567 68.

907 2583 1062 2630 ξείνους
1098 2578 1173 2633 γάρ
1212 2575 1373 2617 ἐκάλεον
1416 2573 1512 2623 τούς

852 2634 1096 2691 βαρβάρους]
1141 2639 1380 2685 Repetuntur
1414 2632 1512 2670 haec

850 2696 949 2732 infra
967 2696 1045 2742 IX,
1076 2692 1142 2734 55.
1180 2694 1360 2729 Nostrum
1380 2691 1511 2728 locum

849 2753 1015 2802 respexit
1034 2747 1208 2786 Eustath.
1228 2747 1278 2785 ad
1296 2747 1404 2789 Iliad.
1422 2760 1510 2798 pag.

851 2807 931 2849 423
947 2837 957 2857 ,
981 2809 1034 2849 26
1054 2820 1084 2845 s.
1104 2808 1207 2857 321,
1240 2805 1318 2856 25,
1351 2804 1512 2842 eodem-
