1839 3292
379 187 466 230 862

779 187 1238 225 HERODOTI

379 314 465 354 „pe
499 301 711 354 γυναῖκα,
776 297 823 340 ἐκ
870 300 944 350 τῆς
984 309 1060 350 μοι
1094 297 1244 346 παῖδες
1279 298 1448 352 νεηνίαι
1490 297 1534 340 τέ
1564 298 1646 341 εἶσι

379 369 559 421 ,,[τρεῖς]
600 366 672 410 καὶ
709 363 961 420 θυγατέρες,
989 366 1077 405 τῶν
1106 364 1177 406 καὶ
1217 363 1270 406 σύ
1301 367 1404 419 μίαν
1431 369 1491 420 τῷ
1520 366 1644 408 παιδὶ

381 438 471 492 »τῷ
512 436 710 477 σεωυτοῦ
749 431 909 488 ἠγάγεο
944 436 1153 487 γυναῖκα·
1210 429 1320 486 αὐτή
1349 432 1393 475 τέ
1430 447 1504 488 μοι
1533 433 1643 476 κατὰ

379 501 520 555 ,,νόον
563 498 763 557 τυγχάνει
802 499 940 554 κάρτα
989 499 1143 542 ἐοῦσα·
1185 498 1347 554 ταύτην
1377 516 1428 553 με
1457 501 1644 552 κελεύεις

351 571 604 626 5,,μετέντα,
634 568 856 624 θυγατέρα
885 567 966 623 τὴν
997 568 1078 624 σὴν
1110 571 1267 623 γῆμαι;
1309 567 1392 622 ἐγὼ
1423 568 1491 620 δὲ,
1525 572 1701 625 βασι-80

379 644 505 693 ,,λεῦ,
547 639 655 695 μέγα
683 638 759 692 μὲν
788 639 992 691 ποιεῦμαι
1022 635 1273 691 ἀξιεύμενος
1311 635 1535 691 θυγατρὸς
1571 640 1647 691 τῆς

379 712 509 762 ,,σῆς,
541 705 709 761 ποιήσω
740 704 886 760 μέντοι
917 704 1086 748 τούτων
1120 702 1349 757 οὐδέτερα·
1396 703 1449 747 σύ
1489 705 1535 747 δὲ
1566 721 1648 759 μη-

378 779 557 832 ,,δαμῶς
592 777 699 830 βιῶ,
729 773 978 827 πρήγματος
1008 775 1180 816 τοιοῦδε
1210 773 1423 827 δεόμενος.
1455 772 1564 816 ἀλλὰ
1592 775 1646 828 τῇ

353 852 459 897 6,,τε
501 847 556 900 σῇ
585 841 771 895 θυγατρὶ
812 838 923 896 ἀνὴρ
952 841 1084 893 ἄλλος
1115 841 1353 897 φανήσεται
1385 841 1486 896 ἐμεῦ
1517 839 1647 884 οὐδὲν

381 910 580 966 ,,ἥσσων,
611 908 682 964 ἐμέ
712 924 755 950 τε
776 908 825 951 έά
853 910 1030 963 γυναικὶ
1063 914 1114 967 τῇ
1142 912 1220 968 ἐμῇ
1252 910 1536 954 συνοικέειν.“
1590 907 1702 951 ‘085

382 979 462 1035 μὲν
503 979 555 1034 δή
595 977 837 1020 τοιούτοισι
870 974 1112 1032 ἀμείβεται’
1143 980 1303 1034 Ξέρξης
1333 979 1378 1021 δὲ
1408 976 1645 1030 θυμωθεὶς,

351 1053 374 1088 7
384 1047 495 1102 λέγει
523 1045 644 1089 τάδε·

703 1044 862 1097 ,,Οὑ’τω
893 1061 974 1094 τοι,
1006 1048 1225 1098 Μασίστα,
1253 1046 1511 1101 πέπρηκται·
1544 1043 1648 1086 οὔτε

382 1112 495 1168 ,,γοὶρ
526 1112 581 1156 ἄν
607 1129 675 1156 τοι
705 1112 822 1171 δῴην
859 1113 1080 1168 θυγατέρα
1110 1114 1188 1169 τὴν
1219 1114 1325 1170 ἐμήν
1353 1119 1510 1170 γῆμαι,
1547 1109 1646 1155 οὔτε

380 1180 551 1238 ,,έκει’νῃ
591 1185 759 1224 πλεῦνα
798 1180 961 1236 χρόνον
990 1182 1283 1237 συνοικήσεις’
1324 1182 1382 1233 ὠς
1421 1181 1566 1238 μάθῃς
1595 1178 1648 1223 τὰ

380 1248 618 1305 ,,διδόμενα
649 1251 892 1294 ὁέκεσθαι.“
946 1248 1003 1294 ‘0
1033 1251 1079 1294 δὲ
1110 1250 1166 1302 ὡς
1196 1254 1334 1295 ταῦτα
1363 1249 1550 1307 ἤκουσε,
1592 1249 1648 1292 εἴ·

326 1426 475 1474 eiicere,
499 1424 603 1477 quod
629 1425 717 1462 fecit
739 1422 989 1472 Gaisfordius‚

324 1484 567 1533 improbante
598 1481 818 1529 Schaefem,
850 1479 987 1518 Matth.

326 1546 364 1576 et
385 1538 551 1576 Bekker.
583 1538 692 1584 Quod
705 1552 793 1576 vero
815 1537 854 1575 h.
872 1540 897 1576 l.
917 1539 989 1575 sibi

328 1596 617 1649 quodammodo
635 1603 880 1647 opponuntur
896 1610 988 1645 νεη-

326 1654 412 1693 νίαι
451 1660 488 1690 et
529 1655 764 1704 θυγατέρες,
823 1665 986 1704 quorum

325 1711 429 1762 prius
440 1711 671 1747 vocabulum
681 1711 797 1760 vulgo
809 1722 887 1745 non
909 1717 989 1745 tam

325 1766 374 1804 ad
390 1781 539 1813 sexum,
562 1780 678 1819 quam
690 1767 736 1803 ad
751 1773 912 1802 aetatem
927 1779 989 1801 re-

323 1825 445 1875 spicit,
482 1824 625 1861 attendi
650 1825 730 1860 vult
759 1823 988 1860 Doederlein

323 1882 365 1918 in
385 1882 488 1918 Actt.
519 1879 625 1931 phill.
646 1882 819 1918 Monacc.
849 1882 877 1927 I,
904 1883 921 1919 1
948 1893 987 1930 p.

326 1936 393 1985 41,
431 1951 667 1990 quamquam
689 1937 725 1975 h.
752 1938 778 1973 l.
805 1938 853 1973 ob
876 1949 988 1987 prae-

325 2007 498 2044 gressum
539 1996 678 2041 παῖδες
719 1995 847 2031 aetatis
874 1994 988 2031 simul

324 2053 422 2088 ratio
443 2051 593 2089 videtur
611 2051 755 2089 haberi.

384 2125 490 2180 αῦτή
507 2129 548 2170 τέ
569 2130 653 2182 μοι]
688 2126 786 2181 αὕτη
821 2143 889 2181 pro
913 2124 988 2167 ‹21⁹5-

324 2202 371 2238 τη
395 2187 499 2224 dedit
521 2188 769 2233 Schaeferus,
793 2200 909 2239 quem
925 2199 987 2221 re-

322 2245 419 2295 liqui
440 2246 559 2281 secuti
578 2252 678 2282 sunt.
732 2246 907 2280 Deciarat
927 2244 989 2278 ni-

324 2300 752 2345 min-munlasistes‚hanc
763 2313 925 2336 uxorem
940 2312 989 2335 ex

325 2359 444 2394 animi
464 2360 651 2394 sententia
668 2359 736 2408 ipsi
757 2358 882 2404 fuisse,
916 2357 986 2392 sibi

323 2416 494 2451 maxime
525 2413 869 2452 accommodatam.
921 2414 985 2449 Sic

322 2469 422 2511 κατοῖ
443 2468 540 2511 νόον
568 2473 613 2520 V,
639 2474 727 2511 106.
750 2472 811 2516 VI,
839 2472 927 2510 130.
955 2471 986 2516 I,

326 2531 419 2568 117.
440 2529 509 2576 IX,
531 2527 596 2569 45.
626 2530 720 2564 Mox
741 2543 760 2564 e
782 2528 986 2564 meliorum

323 2584 435 2622 codd.
469 2598 656 2622 consensu
677 2584 765 2622 dedi
785 2582 986 2636 θυγατέρα

323 2638 397 2691 τὴν
410 2638 487 2692 σὴν
502 2655 570 2692 pro
591 2639 663 2693 τὴν
678 2644 864 2688 σεωυτοῦ,
881 2639 985 2692 quod

326 2710 416 2734 cum
433 2697 641 2736 Schaefero
672 2700 827 2736 retinuit
848 2696 982 2736 Matth.

381 2785 481 2841 μέγα
500 2786 572 2839 μέν
591 2791 781 2842 ποιεῦμαι
800 2784 984 2841 α’ξιεύμε-

1042 1439 1115 1471 νος
1139 1419 1358 1476 θυγατρός]
1392 1424 1418 1460 i.
1446 1436 1478 1460 e.
1500 1423 1624 1471 magni
1637 1419 1706 1470 fa-

1045 1483 1108 1528 εἰο,
1136 1481 1224 1531 quod
1245 1482 1407 1529 coniugio
1417 1480 1524 1530 filiae
1550 1483 1634 1515 tunc
1654 1490 1706 1514 me

1043 1538 1214 1587 digneris.
1264 1540 1319 1573 De
1339 1537 1526 1588 participii
1547 1548 1616 1572 usu
1628 1533 1705 1572 vid.

1043 1596 1168 1645 Viger.
1190 1609 1226 1645 p.
1250 1597 1345 1635 771.
1406 1595 1480 1629 Pro
1503 1592 1600 1644 μέγα
1615 1592 1705 1627 Flo-

1044 1654 1214 1688 rentinns
1264 1650 1327 1687 dat
1380 1648 1548 1701 μεγαλα,
1601 1646 1706 1700 quod

1046 1707 1413 1758 Schweighaeusero
1432 1705 1569 1742 arridet
1579 1704 1706 1756 quod-

1046 1779 1120 1817 que
1136 1768 1261 1815 ipsum
1282 1764 1385 1801 dedit
1400 1764 1548 1813 Steger.
1571 1763 1637 1799 Tu
1654 1761 1702 1801 cf.

1044 1825 1109 1870 111,
1131 1822 1198 1863 42.

1102 1902 1292 1952 μηδαμῶς
1321 1900 1421 1950 βιῶ]
1439 1900 1463 1936 ἰ.
1492 1913 1525 1936 e.
1560 1897 1617 1935 Tu
1633 1898 1709 1935 noli

1044 1962 1114 1996 vz'm
1143 1959 1229 1995 mihi
1258 1956 1403 2006 inferre,
1435 1970 1486 1993 me
1512 1956 1585 1992 ullo
1608 1954 1705 1992 modo

1044 2030 1176 2065 cogere.
1235 2017 1328 2050 Mox
1356 2015 1459 2050 libris
1490 2013 1706 2049 iubentibus

1046 2073 1133 2110 dedi
1154 2069 1304 2123 ἥσσων,
1327 2072 1432 2107 cuius
1454 2071 1537 2106 loco
1560 2067 1705 2107 Sohae-

1044 2130 1111 2166 fer.
1155 2137 1191 2166 et
1219 2126 1387 2164 Bekker.
1419 2127 1548 2166 ἕσσον.
1617 2123 1705 2163 vid.

1043 2187 1142 2234 vm,
1168 2187 1262 2226 113.
1283 2185 1327 2232 V,
1352 2187 1418 2225 72.

1100 2273 1354 2325 πέπρηκται]
1386 2274 1411 2310 i.
1434 2286 1465 2309 e.
1488 2275 1543 2310 ita
1565 2285 1649 2310 sane
1659 2285 1706 2309 a-

1045 2335 1137 2368 ctum
1162 2336 1212 2368 est
1245 2331 1285 2368 tle
1322 2334 1363 2367 te.
1423 2329 1508 2366 Vid.
1538 2337 1633 2366 nott.
1656 2327 1705 2366 ad

1044 2390 1124 2436 Vll,
1160 2391 1209 2427 10
1236 2389 1273 2433 ξ.
1304 2390 1343 2427 3.
1403 2385 1706 2437 Schweighaeu-

1044 2459 1147 2482 serus
1168 2452 1247 2481 erat
1276 2446 1566 2494 interpretatus:
1589 2445 1704 2491 [gitur

1044 2503 1105 2539 hoc
1128 2501 1324 2552 profecisti.
1345 2522 1400 2530 —
1442 2502 1536 2537 Mox
1565 2514 1586 2536 e
1616 2500 1706 2536 Flo-

1043 2566 1140 2596 rent.
1156 2561 1365 2608 repositum
1386 2553 1506 2610 δῴην,
1528 2555 1631 2608 quod
1648 2562 1706 2593 et-

1041 2617 1120 2653 iam
1150 2614 1265 2652 habet
1293 2614 1466 2652 Thomas
1495 2615 1598 2664 Mag.
1617 2625 1704 2663 pag.

1043 2675 1123 2714 227
1157 2671 1196 2709 h.
1229 2673 1253 2711 l.
1286 2673 1403 2709 citans
1437 2685 1467 2708 s.
1496 2684 1532 2707 v.
1565 2667 1704 2722 διδιόῃ.

1041 2730 1246 2779 Vulgatam
1258 2728 1374 2780 δοίην
1391 2741 1480 2765 cum
1497 2725 1702 2764 Schaefero

1042 2794 1198 2825 tuentur
1216 2785 1352 2824 matth.
1374 2793 1411 2823 et
1430 2783 1599 2822 Bekker.
