1839 3292
304 613 371 659 44
427 602 619 647 τεύοντο.

424 223 482 263 58

832 220 1294 258 HERODOTI

397 332 608 375 3Πίνδου
648 331 722 374 καὶ
750 334 826 386 τῆς
856 331 1108 385 Δρυοπίδος
1136 328 1301 372 ὕστατα
1332 328 1610 386 ὁρμηθέντες.
1655 331 1700 374 οῑ

425 399 471 443 δὲ
507 398 754 452 Ἑρμιονέες
802 399 882 441 εἰσὶ
912 396 1130 452 Δρύοπες,
1163 396 1252 440 ὑπὸ
1287 395 1521 451 Ἡρακλέος
1550 414 1595 441 τε
1626 399 1700 442 καὶ

432 467 644 523 Μηλιέων
683 466 730 509 ἐκ
767 469 842 522 τῆς
885 470 971 510 νῦν
1008 467 1212 521 Δωρίδος
1255 465 1517 520 καλεομένης
1555 465 1698 522 χώρης

431 532 752 587 ἐξαναστάντες.
783 528 907 578 οὗτοι
934 532 1013 590 μέν
1035 550 1120 577 νυν
1153 534 1524 587 Πελοποννησίων
1553 533 1698 585 ἐστρα-

685 603 738 644 Oi
768 601 814 646 δὲ
846 603 892 646 ἐκ
922 607 996 659 τῆς
1018 603 1095 654 ἔξω
1123 600 1332 658 ἡπείρου’
1358 598 1586 656 Ἀθηναῖοι
1605 601 1697 655 μὲν,
1755 611 1835 651 639

432 669 542 725 πρὸς
581 669 748 722 πάντας
776 672 879 722 τούς
909 672 1068 722 ἄλλους
1097 669 1384 725 παρεχόμενοι
1423 672 1531 724 νῆας
1564 666 1699 724 ὀγδώ-
1712 675 1757 711 65

431 754 569 781 κοντα
609 739 683 781 καὶ
733 739 912 791 ἑκατόν,
953 745 1136 795 μοῦνοι·
1183 739 1232 782 ἐν
1269 742 1488 793 Σαλαμῖνι
1524 736 1607 792 γὰρ
1647 736 1702 780 οὐ

401 806 829 864 Ξσυνεναυμάχησαν
848 808 1083 858 Πλαταιέες
1108 806 1394 864 Ἀθηναίοισι,
1429 805 1500 849 διὰ
1531 804 1702 849 τοιόνδε

432 890 475 916 τι
516 878 707 930 πρῆγμα.

776 875 1177 932 ἀπαλλασσομένων
1214 879 1305 918 τῶν
1347 873 1566 930 Ἑλλήνων
1613 872 1698 917 ‹inc›

427 945 510 985 τοῦ
536 940 816 1000 Ἀρτεμισίου,
848 944 907 997 ὥς
933 945 1127 1001 ἐγίνοντο
1148 944 1255 987 κατα
1286 945 1494 995 Χαλκίδα,
1525 944 1568 985 οί
1580 946 1698 985 Πλα-
1711 949 1757 983 70

429 1011 569 1062 ταιέες
599 1011 841 1068 ἀποβάντες
869 1014 912 1064 ές
941 1013 1021 1070 τὴν
1050 1015 1234 1068 περαίην
1263 1016 1340 1067 τῆς
1371 1012 1583 1066 Βοιωτίης
1612 1008 1699 1078 xm:-

431 1095 523 1135 ρης,
552 1080 662 1134 πρὸς
692 1082 928 1137 ἐκκομιδὴν
963 1081 1201 1135 ἐτράποντο
1232 1084 1319 1122 τῶν
1350 1079 1563 1123 οἰκετέων.

1624 1079 1699 1121 οὑ-

402 1154 503 1190 3τοι
542 1148 621 1203 μέν
658 1164 742 1190 νυν
783 1148 968 1199 τούτους
999 1149 1206 1201 σώζοντες
1237 1149 1514 1203 ἐλείφθησαν.
1569 1145 1697 1202 Ἀθη-

430 1219 547 1258 ναῖοι
578 1216 646 1271 δὲ,
676 1216 744 1259 ἐπὶ
773 1217 853 1273 μὲν
883 1221 1126 1274 Πελασγῶν
1155 1215 1343 1273 ἐχόντων
1383 1216 1462 1271 τὴν
1491 1219 1575 1260 νῦν
1599 1213 1696 1258 Ἑλ-

372 1409 488 1448 Pindi
524 1410 644 1448 fluvii.
710 1413 956 1450 Accnratiora
986 1412 1034 1450 de

370 1466 430 1504 his
469 1466 616 1505 desunt.
640 1490 691 1496 -
748 1469 795 1505 In
834 1470 910 1507 fine
947 1483 1029 1521 cap.

371 1522 757 1575 Schweighaeuserus
783 1535 867 1577 post
898 1527 1032 1579 ἐστρα-

370 1576 533 1620 τεύοντο
554 1584 679 1620 minus
702 1590 737 1619 et
758 1591 841 1634 post
862 1579 1030 1638 η’πείρου

370 1639 493 1676 maius
512 1646 700 1690 punctum
719 1643 812 1692 poni
832 1643 925 1679 vult.

576 1730 669 1782 Cap.
689 1732 826 1772 XLIV.

428 1805 530 1862 πρός
562 1806 715 1857 πάντας
748 1808 841 1858 τους
864 1808 1030 1863 ἄλλους]

369 1865 394 1904 i.
419 1879 452 1903 e.
485 1880 574 1916 prae
594 1868 678 1904 aliis
705 1870 870 1917 omnibus,
902 1877 944 1906 ut
963 1872 1029 1916 ΙΙΙ,

369 1921 436 1970 94,
467 1924 531 1960 ubi
577 1924 654 1963 vid.
699 1932 796 1963 nott.
848 1927 1029 1974 „Mireris

368 1993 473 2025 vero,
493 1982 543 2017 ait
565 1980 778 2030 Scltwez'glae„
819 1996 894 2034 quo
916 1991 1027 2034 pacto

369 2042 426 2073 tot
452 2038 611 2075 navibus
632 2038 679 2075 ad
696 2040 933 2076 Salaminem
954 2054 1027 2090 pu-

367 2106 485 2143 gnare
528 2093 779 2134 Athenienses
819 2100 1025 2148 potuerint,

368 2150 681 2203 quandoquidem
721 2155 761 2189 in
810 2168 941 2205 pugna
980 2154 1029 2191 ad

366 2209 615 2245 Artemisium
663 2210 849 2248 dimidiant
892 2216 1029 2262 partem

367 2265 569 2302 Atticarum
616 2269 761 2304 navium
807 2269 1029 2306 vulneratam

369 2335 449 2359 esse
472 2324 522 2359 ait
542 2324 701 2373 scriptor
724 2337 804 2375 cap.
834 2328 883 2366 18
906 2339 1032 2377 neque

371 2380 422 2415 eis
446 2379 1031 2432 reficiendissuppetiissevidea-

369 2442 431 2472 tnr
451 2439 641 2487 tempus.“
661 2459 718 2465 —
765 2440 808 2474 In
830 2452 936 2490 seqq.
958 2452 1029 2475 vo-

370 2505 454 2528 cem
487 2496 632 2544 μοῦνοι
661 2508 750 2531 cum
793 2497 830 2532 vi
862 2495 1028 2547 qnsidmn

369 2548 459 2585 addi
479 2551 516 2586 in
536 2553 745 2588 sententiae
766 2552 932 2589 clausulzi
958 2567 1028 2589 ne-

369 2618 434 2641 mo
455 2620 533 2643 non
554 2608 668 2647 videt.
707 2611 819 2647 Nunc
841 2611 944 2646 enim
963 2611 1031 2648 soli

368 2661 631 2713 Athenienses,
689 2667 800 2704 nullis
854 2668 1027 2705 assumtis

368 2720 675 2769 Plataeensibns,
714 2725 778 2775 qui
808 2732 919 2761 antea
940 2726 1026 2775 ipsis

369 2777 504 2813 milites
526 2779 789 2829 praebuerant,
824 2789 879 2820 tot
907 2795 1022 2820 naves

368 2832 562 2872 exhibent.

1148 1410 1215 1453 διοέ
1250 1407 1404 1452 τοιόνδε
1426 1428 1464 1452 τι
1493 1410 1687 1464 πρῆγμα]
1718 1412 1751 1448 Ε

1089 1472 1270 1518 Florent„
1303 1469 1420 1517 Med„
1464 1470 1544 1506 aliis
1576 1466 1641 1508 διοέ
1669 1483 1754 1507 τοι-

1089 1524 1180 1568 όνδε
1192 1531 1353 1580 πρῆγμα
1363 1524 1752 1578 dederuntSchweig—

1086 1584 1261 1622 haenser.
1297 1593 1333 1622 et
1364 1584 1479 1621 Gaisf.
1525 1584 1651 1634 Vulgo
1667 1588 1753 1633 post

1089 1638 1247 1682 τοιόνδε
1292 1642 1527 1679 inserebatur
1554 1656 1606 1685 τι,
1647 1638 1750 1691 qnod

1089 1713 1180 1736 cum
1199 1698 1333 1736 matth.
1345 1707 1382 1736 et
1392 1697 1561 1735 Bekker.
1581 1697 1734 1734 retinui.

1148 1756 1186 1802 ἐς
1221 1754 1296 1806 τήν
1334 1757 1504 1806 περαίην
1536 1757 1607 1804 τῆς
1625 1756 1751 1793 Βοιω-

1089 1813 1195 1864 τίης]
1227 1814 1412 1863 ,,Περαίη
1447 1815 1517 1859 τῆς
1543 1811 1750 1861 Βοιωτίης,

1089 1884 1188 1922 qnae
1205 1869 1560 1907 (zontraChalcidem
1571 1869 1610 1904 in
1623 1870 1752 1905 Boeo-

1086 1930 1160 1964 tiae
1180 1928 1340 1976 finibns3
1373 1925 1586 1964 cuiusmodi
1606 1928 1752 1976 περαῖα

1084 1987 1155 2035 τῆς
1189 1980 1326 2030 Ἀσίας
1357 1983 1525 2021 Diodoro
1561 1983 1651 2030 XX,
1697 1983 1749 2022 97

1082 2043 1195 2078 Asiae
1215 2043 1442 2078 continentis
1462 2042 1589 2090 regio,
1631 2037 1752 2075 exad-

1084 2112 1237 2136 versum
1258 2100 1420 2135 insulam
1450 2096 1643 2143 Rhodum,
1679 2095 1750 2132 Pe-

1086 2170 1171 2192 raea
1192 2155 1294 2206 apud
1310 2157 1463 2192 Livium
1476 2154 1641 2199 XXXII,
1655 2153 1748 2192 13.“

1093 2212 1241 2249 Wesse
1256 2212 1281 2249 l.
1330 2212 1423 2248 Mihi
1445 2219 1574 2248 tamen
1590 2210 1655 2246 vix
1678 2222 1747 2259 pro

1087 2271 1251 2306 Nomine
1266 2270 1417 2320 proprio
1438 2271 1572 2305 Noster
1593 2265 1749 2302 habuis-

1088 2340 1127 2364 se
1146 2325 1296 2363 videtur
1317 2325 1498 2375 περαίην.
1520 2326 1748 2374 Itaqnema-

1086 2385 1155 2420 lim
1175 2382 1359 2420 reddere:
1391 2385 1431 2420 in
1453 2395 1549 2418 oram
1583 2380 1750 2417 Boeotiae

1087 2442 1289 2491 oppositam.
1311 2462 1368 2467 -—
1396 2442 1438 2476 In
1460 2452 1565 2491 seqq.
1602 2436 1650 2473 ad
1675 2449 1748 2473 vo-

1086 2511 1171 2534 cem
1227 2496 1380 2544 οἰκέτας
1418 2496 1519 2533 conf.
1558 2501 1655 2532 nott.
1697 2491 1746 2530 ad

1082 2556 1187 2598 Vm,
1208 2554 1249 2595 4.

1140 2609 1206 2651 ἐπὶ
1241 2609 1313 2662 μέν
1359 2607 1607 2659 Πελασγῶν]
1657 2605 1744 2647 vid.

1082 2667 1217 2705 Matth.
1246 2670 1311 2705 Gr.
1343 2669 1408 2705 Gr.
1431 2669 1467 2713 ξ.
1494 2666 1586 2713 565,
1612 2668 1630 2705 1
1654 2677 1742 2715 pag·

1088 2727 1207 2773 1113,
1227 2727 1289 2777 qui
1311 2724 1414 2762 idem
1435 2726 1471 2770 ξ,
1493 2722 1574 2764 584
1596 2734 1630 2758 a.
1651 2737 1686 2771 y.
1703 2734 1742 2770 p.

1088 2784 1195 2822 1162
1221 2783 1364 2820 consul.
1386 2781 1433 2819 ad
1464 2781 1579 2818 verba
1608 2777 1674 2818 ἐπὶ
1703 2776 1743 2816 ὸὲ

1089 2836 1306 2892 Κέκροπος.
1348 2863 1398 2869 -
1449 2840 1494 2875 In
1521 2849 1626 2888 seqq.
1655 2834 1744 2872 dedi
