1839 3292
537 239 1000 278 CALLIOPE.
1057 241 1138 280 IX.

1358 245 1443 286 351

183 350 371 404 νόμενοι,
401 348 611 404 ἐμάχοντο
631 353 745 393 τοῖσι
765 351 848 394 αἰεὶ
877 351 919 402 ἐς
947 352 995 394 τὸ
1025 354 1161 406 τεῖχος
1189 350 1444 395 ἐσπίπτουσι

180 415 406 472 Ἑλλήνων.
464 417 538 459 καὶ
575 421 664 460 τῶν
695 423 945 474 στρατηγῶν
982 422 1071 462 τῶν
1102 422 1332 472 Περσικῶν
1362 418 1501 463 δύο25

154 484 262 538 ὃμὲν
299 482 625 539 ἀποφεύγουσι,
677 486 759 529 δύο
801 487 847 529 δὲ
884 491 1124 530 τελευτῶσι.

1184 485 1445 543 Ἀρταΰντης

182 552 262 605 μὲν
301 553 372 595 καὶ
406 550 669 608 Ἰθαμίτρης,
723 557 802 596 τοῦ
845 558 1056 597 ναυτικοῦ
1095 554 1442 610 στρατηγέοντες,

186 619 511 674 ἀποφεύγουσι·
543 619 808 675 Μαρδόντης
838 621 883 663 δὲ
912 621 985 663 καὶ
1014 621 1038 664 ὁ
1069 629 1150 664 τοῦ
1163 626 1296 673 πεζοῦ
1313 633 1444 677 στρα-

0 683 115 729 ῑζ103
180 687 308 744 τηγὸς
334 687 550 742 Τιγράνης
579 684 817 741 μαχόμενοι
840 690 1079 730 τελευτῶσι.
1128 687 1220 731 Ἔτι
1234 689 1280 732 δὲ
1309 707 1438 745 μαχο-
1494 714 1572 749 Qum
1605 714 1693 743 Iones
1735 715 1775 743 aa

1497 749 1612 776 cladem
1636 757 1739 776 eorum

180 756 323 811 μένων
360 758 448 797 τῶν
485 754 712 808 Περσέων,
753 754 964 798 ἀπίκοντο
994 754 1337 810 Λακεδαιμόνιοι
1364 758 1495 800 καὶ30

152 825 221 865 2οἱ
249 821 343 877 μετ’
376 820 545 873 αὐτῶν,
583 822 656 864 καὶ
684 821 735 864 τοὶ
763 822 893 865 λοιποὶ
925 823 1269 877 συνδιεχείριζον.
1316 823 1440 868 Ἔπε-

179 901 259 931 σον
292 889 337 932 δὲ
376 889 449 931 καὶ
493 888 637 931 αὐτῶν
671 893 759 932 τῶν
789 889 1005 946 Ἑλλήνων
1046 891 1194 946 συχνοὶ
1224 891 1442 936 ἐνθαῦτα·

179 957 300 999 ἄλλοι
329 973 395 1007 τε,
434 957 507 1000 καὶ
549 959 819 1006 Σικυώνιοι,
847 958 919 1001 καὶ
950 957 1187 1013 στρατηγὸς
1216 961 1444 1013 Περίλεως.

149 1029 287 1067 ὃΤῶν
317 1025 362 1067 δὲ
382 1026 565 1079 Σαμίων
596 1028 639 1068 οἱ
668 1027 1027 1081 στρατευόμενοι,
1058 1025 1202 1077 ἐόντες
1231 1043 1276 1070 τε
1306 1027 1353 1070 ἐν
1381 1031 1444 1083 τῷ

178 1093 448 1150 στρατοπέδῳ
466 1097 526 1150 τῷ
551 1096 738 1150 *Μηδικῷ
760 1095 832 1137 καὶ
862 1093 1209 1149 ἀπαραιρημένοι
1235 1094 1288 1137 τοὶ
1319 1095 1497 1144 ὅπλα,35

179 1161 238 1212 ῶς
274 1159 392 1204 εἶδον
432 1158 587 1204 αὐτίκα
632 1161 724 1204 κατ’
770 1160 904 1218 ἀρχάς
939 1163 1172 1220 γινομένην
1212 1162 1440 1217 ἑτεραλκέα

179 1231 256 1286 τὴν
285 1229 443 1287 μα’χην,
474 1229 605 1282 ἕρδον
636 1229 742 1273 ὅσον
771 1230 996 1283 ἐδυνέατο,
1039 1230 1363 1286 προσωφελέειν
1393 1233 1435 1276 έ-
1491 1245 1574 1285 739

149 1299 382 1349 4θέλοντες
409 1302 521 1340 τοῖσι
538 1297 724 1354 “Έλλησι.
783 1300 981 1352 Σαμίους
1018 1299 1065 1343 δὲ
1102 1299 1268 1350 ἰδόντες
1298 1302 1342 1343 οἱ
1369 1300 1440 1344 ἄλ-

177 1370 248 1408 λοι
266 1365 410 1416 Ἴωνες
441 1364 663 1420 ἄρξαντας,
695 1365 807 1409 οὕτω
838 1366 890 1421 δή
921 1367 993 1409 καὶ
1025 1365 1152 1409 αὐτοὶ
1174 1366 1438 1419 ἀποστάντες

2 1432 110 1478 104
179 1431 263 1477 ἀπὸ
294 1433 499 1487 Περσέων
528 1434 730 1478 ἐπέθεντο
761 1440 872 1477 τοῖσι
900 1433 1163 1490 βαρβάροισι
1179 1436 1579 1490 Μιλησίοισι4οἷοιιῑει
1615 1451 1634 1471 a
1668 1443 1770 1471 Persis

1492 1481 1601 1505 iterum
1619 1477 1768 1506 desciscit.

173 1501 219 1545 δὲ
247 1502 560 1557 προσετέτακτο
592 1502 671 1558 μὲν
698 1506 785 1546 τῶν
817 1504 1021 1556 Περσέων
1056 1503 1132 1553 τας
1162 1500 1340 1554 διόδους
1369 1519 1438 1559 τη-

169 1692 406 1748 Ἀρταΰντης
434 1694 506 1747 μέν
533 1696 601 1736 καὶ
626 1692 778 1749 Ἰθαμί-

114 1754 224 1806 τρης]
256 1754 368 1791 Conf.
391 1755 500 1802 VIII,
535 1757 613 1795 130
646 1756 776 1805 ibique

116 1817 211 1848 nott.
266 1812 323 1846 De
356 1809 554 1848 ΙΙῙατιΙοηΐα
582 1810 660 1849 vid.
689 1812 776 1856 VII,

115 1868 183 1907 80.
223 1869 333 1915 VIII,
381 1871 478 1914 1303
524 1867 571 1904 de
617 1867 776 1916 Tigrane

115 1923 204 1971 VII,
237 1926 302 1963 62.
332 1924 413 1971 IX,
454 1926 520 1963 96.
578 1925 612 1959 Α
635 1932 775 1961 venatu

115 1977 188 2016 hoc
219 1993 361 2016 nomen
398 1981 516 2030 repeti
539 1993 649 2030 posse
679 1982 775 2017 arbi-

115 2043 234 2073 tratur
279 2039 380 2074 Pott.
416 2038 638 2087 Etymolog.
678 2039 775 2074 For-

112 2091 300 2143 schungg,
328 2094 560 2143 pag.XL111‚
585 2094 650 2146 qui
670 2093 774 2131 idem

113 2163 201 2200 pag.
238 2151 428 2195 XXXVI,
478 2163 615 2187 vocem
650 2154 773 2203 Μαρ-

114 2202 257 2257 δόντης
281 2221 370 2243 cum
388 2207 468 2243 aliis
490 2209 673 2244 similibus
695 2204 771 2259 (Ἀ-

115 2259 329 2313 ριόμαρδος
365 2265 457 2311 VII,
488 2266 563 2311 78,
595 2262 769 2317 Μαρδό-

115 2333 199 2364 νιος
231 2320 321 2367 Vll,
358 2321 429 2369 82)
469 2329 685 2371 comparat,
725 2323 766 2357 iu

117 2375 250 2423 quibus
271 2377 340 2412 viri
352 2376 464 2426 fortis
476 2390 519 2414 ac
546 2380 679 2416 strenui
692 2391 767 2415 no-

115 2431 168 2466 tio
188 2431 316 2469 subsit.

330 2521 420 2573 cap.
451 2524 549 2561 CIII.

174 2593 491 2650 ἀπαραιρημένοι
537 2600 584 2642 τοὶ
631 2599 766 2653 ὅπλα]

115 2654 261 2692 Eadem
291 2657 429 2693 locutio
466 2660 540 2706 IX,
580 2662 646 2700 99.
705 2659 768 2697 Ad

116 2708 206 2750 κατ’
229 2707 350 2762 ἆρχᾶς
372 2713 472 2753 conf.
492 2716 559 2752 VII
576 2747 585 2764 ‚
617 2719 682 2758 88.

170 2767 375 2819 ἑτεραλκέα
399 2768 472 2820 τήν
501 2770 656 2823 μα’χην]
696 2774 768 2822 „In

112 2825 259 2863 alteram
269 2830 405 2878 partem
417 2826 651 2879 inclinantem,
675 2844 766 2884 qua-

832 1697 876 1734 lis
892 1693 1016 1748 ’Ἀρης
1039 1693 1249 1749 ἕτεραλκης
1269 1697 1348 1735 sive
1374 1712 1489 1738 νικο-

833 1750 986 1806 φόρος,
1039 1755 1095 1790 uti
1132 1752 1275 1790 scholia
1309 1753 1490 1807 Aeschyli

831 1812 933 1848 Pers.
963 1810 1056 1852 956.
1110 1810 1196 1847 Vid.
1218 1809 1404 1849 Valcken.
1439 1810 1488 1848 ad

831 1868 939 1914 VIII,
983 1868 1073 1907 11.“
1110 1866 1337 1904 Wesselz'n
1354 1881 1392 1917 g.
1426 1867 1489 1905 Ad

830 1924 994 1960 formam
1027 1921 1234 1971 ἐδυνέατο,
1285 1937 1403 1976 quam
1449 1927 1490 1961 in

830 1976 1034 2031 η’δύναντο
1068 1987 1256 2016 mutatam
1289 1982 1372 2018 vult
1403 1982 1494 2018 Ste-

830 2050 941 2087 gerus
965 2034 1189 2090 (Ephemer.
1218 2038 1365 2074 lenem.
1390 2039 1495 2078 1828

828 2107 918 2144 pag.
949 2094 1025 2141 47,
1056 2094 1122 2130 ubi
1159 2095 1298 2130 excitat
1335 2095 1378 2140 Ι,
1426 2096 1494 2133 10.

827 2152 899 2196 IV,
924 2153 1013 2190 110.
1044 2152 1112 2197 IX,
1132 2151 1220 2200 70.)
1237 2149 1338 2186 conf.
1354 2148 1494 2187 Matth.

830 2209 894 2246 Gr.
918 2208 982 2243 Gr.
1019 2208 1054 2252 ξ.
1075 2205 1181 2254 204,
1214 2210 1240 2247 7
1279 2219 1367 2257 pag.
1393 2208 1487 2254 378,

828 2266 893 2316 qui
911 2263 1015 2300 idem
1041 2265 1077 2309 §.
1102 2264 1178 2302 391
1207 2275 1296 2314 pag.
1321 2266 1402 2304 718
1437 2262 1485 2299 ad

822 2328 1051 2358 structuram
1069 2320 1174 2358 verbi
1192 2319 1486 2371 προσωφελέειν

823 2391 913 2416 cum
934 2377 1061 2416 dativo
1086 2376 1317 2415 conferatur.

1043 2467 1136 2518 Cap.
1164 2466 1261 2503 CIV.

877 2545 1157 2598 προσετέτακτο
1179 2542 1252 2595 μὲν
1271 2544 1351 2583 τῶν
1375 2545 1483 2597 Περ-

826 2601 925 2641 σέων
946 2618 982 2641 κ.
1004 2618 1036 2641 τ.
1060 2601 1112 2653 λ.]
1136 2603 1191 2639 Ob
1221 2601 1336 2638 verba
1357 2603 1482 2638 Hero-

825 2659 903 2696 doti
922 2660 999 2707 IX,
1032 2661 1106 2698 99:
1141 2656 1211 2704 τας
1238 2654 1400 2705 διόδους
1425 2680 1482 2686 —-

823 2711 1119 2768 προστάσσουσι
1141 2718 1241 2753 τοῖσι
1265 2715 1482 2765 Μιλησίοι-

825 2786 863 2814 σι
882 2768 1101 2822 φυλάσσειν
1115 2801 1125 2820 ,
1147 2770 1305 2808 haerent
1321 2769 1361 2809 h.
1386 2773 1414 2808 l.
1438 2773 1479 2807 in

822 2831 990 2883 genitivo
1021 2831 1101 2869 τῶν
1122 2826 1334 2882 Περσέων,
1363 2829 1416 2866 ita
1436 2835 1478 2865 ut

1496 781 1666 816 augendam
1704 791 1773 812 con-

1495 816 1631 844 tulerint.
