1839 3292
535 213 883 251 URANIA.
944 213 1075 250 VIII.

1380 217 1436 258 77

148 326 294 367 Ξτοῖσι
322 320 503 376 λόγοισι,
540 318 612 363 οἷα
641 319 778 374 κᾶρτοι
809 319 1025 376 δεόμενος.
1055 321 1258 377 λέγοντος
1293 322 1338 364 δὲ
1358 319 1434 365 αὖ·

170 394 274 444 τοῦ,
310 388 333 433 ὁ
366 391 609 442 Κορίνθιος
639 388 873 445 στρατηγὸς
898 388 1170 443 Ἀδείμαντος
1198 387 1222 432 ὁ
1242 387 1432 433 Ὠκύτου

171 455 261 501 εἷπε
273 471 282 481 ·

170 524 450 581 ,,νιστοῖμενοι
480 525 773 579 ραπίζονται.“

117 723 366 761 Themistocl.
400 723 446 762 11
481 734 568 772 pag.
600 724 676 761 117
705 723 769 769 D.‚

117 782 182 818 ubi
192 778 449 831 Eurybiadem
471 778 560 814 dicti
579 785 689 815 vocat
699 791 769 814 au-

115 845 276 883 ctorem,
297 849 374 872 non
395 833 655 881 Adimantum,
683 836 769 872 coll.

112 891 441 944 Apophthegmm.
478 893 514 927 II
551 904 638 941 pag.
674 892 766 934 185.

114 949 223 995 Quod
253 962 342 986 vero
372 947 474 985 addit
500 946 724 984 Plutarchus
747 962 768 985 a

112 1005 370 1043 Themistocle
398 1018 620 1055 responsum
640 1006 768 1056 Eury-

111 1063 213 1100 biadi
236 1063 415 1099 baculum
445 1063 652 1098 attollenti:
684 1058 766 1100 πά-

110 1120 230 1167 ταξον
252 1116 323 1169 μὲν
355 1120 450 1166 οὐν,
482 1115 614 1166 εἶπεν,
646 1115 766 1156 ἅκου-

112 1188 183 1215 σου
214 1173 270 1223 δὲ,
311 1174 350 1211 id
373 1188 391 1210 a
413 1176 580 1225 pluribus
614 1188 766 1226 quoque

112 1234 190 1269 aliis
217 1238 473 1268 memoratum
503 1245 591 1267 cum
621 1233 769 1281 ignoret

111 1288 338 1336 Herodotus,
360 1287 463 1324 haud
483 1290 558 1324 scio
581 1302 627 1323 an
650 1290 767 1325 serius

111 1345 317 1382 confictum
364 1345 570 1380 existimari
618 1343 765 1381 debeat.

110 1403 208 1447 Quin
235 1403 356 1451 ipsum
381 1399 481 1436 hunc
505 1400 686 1437 Herodoti
706 1401 767 1436 lo-

109 1471 197 1495 cum
231 1458 454 1493 narrationis
492 1457 597 1493 istius
634 1470 765 1493 ansam

107 1514 279 1561 dedisse,
339 1512 443 1549 haud
495 1514 596 1549 male
637 1515 765 1551 statuit

107 1569 323 1607 Blomfield.
352 1571 389 1605 in
413 1570 574 1606 Glossar.
606 1570 653 1607 ad
683 1571 764 1606 Ae-

107 1626 225 1678 schyl.
242 1628 344 1663 Pers.
366 1628 460 1667 728.
509 1628 640 1678 Itaque
660 1627 763 1663 iniu-

107 1685 161 1721 ria
195 1685 352 1720 miratur
385 1680 615 1731 Larcherus,
658 1683 763 1735 quod

108 1742 193 1777 talia
225 1741 370 1777 silentio
394 1738 608 1777 Herodotus
638 1746 763 1778 trans-

106 1799 260 1836 miserit.

163 1853 204 1892 οἷ
235 1848 634 1904 προεξανιστάμενοι]
694 1854 759 1892 Sic

107 1909 304 1957 dicuntur,
361 1917 517 1946 notante
558 1909 760 1962 Schweig-

105 1965 287 2003 haeusero
305 1996 314 2013 ,
344 1967 382 2002 in
403 1966 500 2003 ludis
527 1968 760 2005 Graecorum

104 2024 150 2070 ii,
190 2024 255 2075 qui
294 2030 380 2059 ante
421 2024 562 2059 iustum
596 2031 760 2075 tempus,

103 2079 143 2116 id
174 2087 228 2116 est
265 2086 351 2116 ante
388 2081 540 2130 signum
578 2080 709 2118 datum
739 2096 760 2119 e

104 2137 315 2173 carceribus
337 2144 556 2173 excurrunt.
576 2137 662 2174 Vid.
688 2141 757 2187 IX,

104 2196 171 2233 62.
193 2194 293 2229 Plut.
308 2195 420 2230 Rom.
446 2194 493 2234 15
508 2194 593 2230 coll.
613 2196 757 2233 Anton.

105 2251 155 2288 63
169 2250 233 2288 fin.
248 2252 350 2286 Arat.
363 2248 417 2287 44
438 2251 518 2286 init.
532 2252 697 2288 Eumen.
715 2255 754 2293 7.

103 2304 421 2345 Themist.11.1n
433 2307 565 2354 stadio,
580 2309 627 2344 ait
646 2308 712 2345 We
724 2324 758 2345 s-

104 2362 263 2411 seling.
294 2361 340 2399 ad
370 2360 407 2398 h.
430 2364 466 2409 l.,
498 2365 618 2411 citius,
642 2378 757 2417 quam

103 2430 185 2454 mos
212 2419 377 2465 ferebat,
406 2421 689 2470 προπηδῶντες
717 2425 757 2460 ιἠ,

103 2486 239 2510 cursum
260 2448 441 2513 emecaiztes
454 2478 531 2512 sive
552 2493 647 2529 προε
652 2479 756 2525 ξεινι-

104 2525 309 2579 στάιιενοι,
329 2533 437 2568 sicuti
457 2532 518 2570 hic
550 2541 586 2570 et
607 2535 754 2572 Stiatlis

101 2587 140 2622 in
161 2588 315 2623 Polluce
335 2589 519 2632 111‚146
540 2590 665 2640 flagris
685 2591 756 2628 ad-

100 2644 353 2680 monebantur
391 2657 411 2679 a
442 2644 753 2698 μαστιγονὸμοις.

99 2699 293 2738 Plutarch.
307 2699 589 2752 Apophthegm.
605 2705 660 2754 [p.
676 2704 752 2744 185

98 2755 164 2805 B.]
196 2770 245 2793 ex
273 2756 468 2793 Adimami
487 2771 563 2807 ore,
598 2757 691 2807 τούς
712 2759 755 2799 ἓν

97 2818 182 2860 τοῖς
204 2809 330 2865 ιῖγοῖσι
349 2814 754 2867 προεξανισταμένους

344 452 419 509 „³52
452 456 765 512 Θεμιστόκλεες,
795 457 842 499 ἐν
870 461 982 499 τοῖσι
1009 456 1145 512 ἀγῶσι
1177 458 1220 500 οἱ
1248 458 1432 511 προεξα-

829 521 854 567 ὁ
885 524 944 575 δὲ,
974 522 1297 581 ἀπολυόμενος,
1325 525 1490 582 ἓ’φη·4ο

827 720 1087 772 μαστιγοῦσιν
1137 715 1226 757 (Ξείε
1277 727 1391 772 atque
1441 734 1486 758 ea

824 778 941 814 verbo
963 777 1080 813 virtus
1096 777 1165 813 VII
1186 806 1195 824 ,
1217 779 1311 817 223.
1335 778 1375 816 οἵ
1391 775 1487 829 ἦγε-

826 830 941 884 μὸνες
986 857 1037 862 -
1082 832 1232 883 ἔχοντες
1282 830 1484 885 μάστιγας,

825 886 1039 941 ε’ῥράπιζον
1076 887 1207 928 πάντα
1239 886 1486 941 &hadom-fla-

823 950 901 996 gris
952 948 1201 997 percutiebant.
1215 947 1239 966 “
1296 946 1483 987 Valcken.

824 1004 872 1040 ad
894 1002 986 1040 haec
1001 1002 1221 1040 illustranda
1241 1002 1350 1040 affert
1370 1003 1485 1040 Thu-

824 1060 951 1111 cydid.
985 1060 1038 1105 V,
1081 1061 1148 1101 50.
1184 1060 1270 1098 coll.
1302 1060 1483 1112 Xenoph.

822 1117 1106 1166 Hellen‚111‚p.
1139 1119 1232 1163 287,
1255 1120 1307 1158 28
1333 1118 1425 1165 [111,
1456 1120 1483 1158 2

824 1176 860 1219 ξ.
883 1172 950 1222 21]
971 1180 1006 1209 et
1017 1174 1179 1210 Pansan.
1202 1174 1251 1209 VI
1265 1203 1274 1220 ,
1296 1176 1341 1222 2,
1362 1173 1484 1210 idem-

825 1244 898 1281 que
912 1236 1043 1266 monet
1053 1229 1231 1279 ῥαπίζειν
1244 1243 1322 1266 esse
1343 1227 1481 1281 ῥάβδῳ

823 1286 994 1333 πατάξαι
1030 1287 1090 1321 vel
1130 1290 1312 1325 πταῖσαιε
1359 1287 1482 1324 baculo

816 1343 951 1394 ferne,
980 1342 1131 1379 caedere.
1180 1344 1229 1378 Et
1260 1343 1360 1380 conf.
1383 1357 1483 1395 quo-

824 1413 898 1451 que
932 1397 1101 1435 Lobeck.
1134 1398 1182 1435 ad
1202 1397 1410 1465 Phrynich.
1441 1414 1482 1451 p.

824 1456 902 1496 175
944 1468 1023 1506 seq.
1093 1477 1148 1482 —
1202 1450 1481 1505 ἀπολυόμενος

822 1519 895 1549 est:
913 1525 947 1548 se
957 1511 1157 1562 defendens,
1173 1525 1348 1562 purgans.
1366 1513 1477 1552 Conf.

821 1568 957 1606 Suidas
986 1582 1015 1605 s.
1040 1583 1074 1604 v.
1099 1569 1116 1603 Ι
1141 1581 1228 1619 pag.
1252 1571 1348 1609 283.
1382 1570 1479 1606 Plu-

818 1624 939 1662 tarch.
971 1625 1105 1664 Pericl.
1146 1629 1208 1666 10.
1235 1624 1389 1663 Aristid.
1425 1628 1476 1667 13

818 1683 884 1718 fin.
908 1683 950 1719 C.
972 1680 1132 1719 Gracch.
1155 1685 1178 1721 3
1204 1683 1283 1720 init.
1306 1683 1477 1720 Demetr.

819 1738 983 1779 32med.
1005 1740 1226 1779 Ant0n.73.
1255 1740 1356 1775 Male
1377 1752 1477 1777 unns

815 1796 912 1832 liber
966 1791 1300 1847 ἀπολογούμενος.
1341 1818 1396 1824 —
1437 1796 1480 1835 οἴ

816 1848 1185 1904 ἐγκαταλειπόμενοι
1203 1854 1301 1899 sive,
1321 1860 1365 1889 ut
1384 1854 1477 1889 Plu-

815 1908 967 1946 tarchus
1008 1908 1143 1956 habet,
1183 1908 1224 1948 οἵ
1260 1905 1476 1948 ἅπολειπό-

817 1981 928 2017 μενοι
955 1973 991 2002 et
1007 1961 1234 2016 λειπόμενοι
1261 1973 1362 2012 sunt,
1387 1979 1476 2003 mo-

814 2031 930 2060 nente
945 2023 1214 2072 VVesselingio,
1231 2036 1307 2059 non
1322 2023 1389 2069 illi,
1414 2025 1476 2073 qui

815 2080 910 2117 domi
935 2081 1182 2131 'relinquuntur
1204 2078 1269 2116 sed
1305 2080 1406 2127 longe
1434 2082 1474 2116 in

815 2150 919 2173 cursu
935 2141 1017 2188 post
1036 2142 1170 2185 tergum
1190 2136 1307 2173 relicti
1321 2138 1474 2185 victique

816 2193 924 2233 adeo.
984 2194 1150 2231 Sintenis
1195 2192 1243 2229 ad
1276 2190 1474 2231 Plutarch.

817 2249 1008 2287 Themist.
1038 2254 1186 2300 11pag.
1204 2251 1270 2295 77,
1293 2250 1341 2286 ob
1361 2262 1474 2300 prae-

814 2319 984 2356 gressum
1031 2306 1071 2346 οἱ
1097 2302 1474 2357 ποοεξανιστάιιενοι

814 2365 960 2400 mavult
981 2363 1041 2400 hic
1065 2364 1229 2413 cogitare
1248 2361 1328 2398 de
1318 2363 1383 2406 iis,
1413 2364 1477 2412 qui

814 2424 1016 2458 cunctanter
1036 2421 1084 2457 acl
1106 2424 1279 2457 certamen
1294 2419 1473 2468 prodeunt

813 2490 935 2529 eoque
950 2477 1106 2514 victori&
1121 2477 1362 2527 frustrantur,
1395 2488 1471 2512 mo·-

809 2538 955 2570 ratores.
994 2533 1055 2570 Ad
1075 2534 1178 2569 verbi
1200 2533 1314 2582 ipsius
1341 2532 1471 2568 notio-

809 2604 900 2626 nem
921 2598 1006 2640 apte
1036 2588 1220 2626 Valcken.
1246 2588 1392 2625 confert
1420 2589 1469 2626 ΙΙ.

809 2648 883 2696 Ep,
904 2646 952 2682 ad
978 2644 1145 2683 Corinth.
1162 2645 1224 2692 IV,
1247 2647 1285 2684 9.
1308 2666 1360 2672 --
1383 2656 1470 2684 στε-

810 2705 1032 2751 φτινεῦνται
1056 2716 1076 2738 e
1100 2702 1247 2739 duobus
1274 2700 1386 2738 codd.
1410 2715 1470 2738 re-

810 2765 963 2810 ceptum
988 2772 1056 2811 pro
1085 2760 1189 2810 vulg.
1221 2760 1470 2809 στεφανοῦν-

810 2830 886 2854 ται.
