1839 3292
316 703 382 747 52
445 713 663 772 σφύγετον
692 715 801 755 κατά
828 712 877 755 τό
908 713 1142 769 μαντήϊ,ον
1175 713 1247 755 καὶ
1279 712 1334 755 ου’
1365 711 1441 762 τοὶς
1471 714 1593 766 νῆας.

109 776 222 810 arcem,
231 768 390 797 Athenien-

111 804 192 832 sibus
210 803 260 839 qui
270 810 388 831 teman

440 268 498 308 68

440 393 486 421 τε
520 376 593 421 καὶ
628 373 817 427 ξύλοισι,
858 372 1082 429 ἠμύνοντο
1112 373 1216 423 τούς
1246 372 1465 424 ἐπιόντας·

840 265 1301 303 HERODOTl

1513 372 1601 428 ἅμα
1629 372 1709 427 μὲν

440 444 512 490 ὑπ’
557 443 763 498 ἀσθενίης
792 444 893 497 βίου
930 442 1012 485 οὐκ
1039 440 1361 497 ἐκχωρήσαντες
1390 440 1432 491 ἐς
1462 444 1709 495 Σαλαμῖνα,

440 513 551 568 πρὸς
592 512 637 554 δὲ
677 510 750 553 καὶ
789 507 917 552 αὐτοὶ
955 509 1180 559 δοκέοντες
1209 507 1484 563 ἐξευρηκέναι
1511 507 1561 551 τὸ
1600 513 1766 563 μαν-ὄο

705 574 716 590 θ

438 580 564 636 τήϊον
601 577 650 620 td
696 594 719 632 η
761 578 912 634 Πυθίη
943 588 1023 632 σφι
1054 576 1204 631 ἔχρησε
1245 575 1322 629 ,,τό
1365 574 1543 627 ξύλινον
1571 580 1710 631 τεῖχος

443 646 698 700 ,ἀνάλωτον
728 644 924 688 ε’·σεσθαι
937 650 962 670 “
1004 643 1110 687 αὐτὸ
1134 643 1187 699 δη
1218 648 1351 687 τοῦτο
1383 641 1495 686 εἶναι
1523 641 1574 686 τὸ
1603 660 1710 699 κρη-

1658 713 1714 754 Οἱ

445 784 492 827 δὲ
530 783 710 836 Πέρσαι,
739 778 928 837 ἱζόμενοι
957 780 1024 824 ἐπὶ
1052 779 1130 823 τόν
1158 780 1393 824 καταντίον
1414 783 1489 836 τῆς
1518 778 1710 835 ἀκροπό-

387 989 493 1034 btmt3
511 1001 587 1040 quo
609 989 820 1040 imperfecti
840 990 895 1026 vis
916 1001 958 1026 ac
975 1002 1048 1040 po-

388 1052 498 1083 testas
520 1047 680 1083 eluceat.

443 1108 511 1150 ‘tin’
524 1108 718 1163 α’σθενίης
732 1112 841 1163 βίου]
859 1113 1047 1148 Florenti-

386 1182 458 1206 nus
479 1182 569 1205 cum
599 1171 677 1206 aliis
699 1166 925 1218 ἀσθενείης,
949 1181 1046 1219 quae

385 1227 550 1275 vulgaris
598 1239 688 1262 sane
735 1224 886 1261 videtur
932 1225 1048 1261 fuisse

386 1283 522 1322 forma.
573 1284 630 1318 De
653 1281 707 1318 his
728 1282 858 1318 formis
880 1281 1047 1318 diximus

387 1338 436 1376 ad
461 1341 490 1385 I,
542 1337 608 1380 54.
629 1340 883 1376 Locutionem
912 1340 1047 1389 ipsam,

386 1409 503 1448 quam
553 1397 686 1446 Negris
743 1408 1047 1446 neograecorum

384 1452 567 1489 idiomate
579 1453 736 1503 exponit
748 1447 827 1491 οἷπὸ
838 1453 1046 1518 πτωχείαν,

385 1510 418 1546 si
470 1508 627 1561 quidem
669 1504 851 1560 ἀσθενὴς
898 1511 1047 1561 saepius

384 1564 490 1602 idem
510 1568 633 1603 valeat
664 1573 777 1617 atque
805 1563 957 1616 πτωχός
987 1567 1049 1615 (ut

384 1623 491 1670 VIII,
546 1625 634 1663 137.
680 1624 740 1670 ll,
795 1622 862 1663 47.
913 1625 1046 1674 Eurip.

386 1680 522 1730 Suppl.
545 1679 640 1719 433.
670 1680 809 1716 Electr.
844 1680 956 1730 267.)
989 1689 1048 1717 at·-

384 1737 453 1785 figi
477 1734 524 1772 ad
552 1736 612 1783 11,
644 1735 712 1776 47.
752 1735 1046 1775 Valckenaerius

383 1792 432 1829 ad
462 1791 501 1830 h.
527 1793 553 1833 l.
583 1800 778 1843 praeterea
822 1794 969 1830 confert
998 1796 1044 1842 II,

382 1851 448 1897 88,
469 1846 716 1900 υῑήχρήμασι
736 1844 1047 1902 ἀσθενεστέρους

378 1907 514 1943 Noster
536 1905 626 1943 dicit
641 1908 875 1957 pauperculos
891 1935 904 1951 ‚
930 1909 1044 1945 item-

383 1975 459 2015 que
486 1961 668 2014 Thucyd.
699 1965 736 2010 Ι,
764 1963 808 2012 5,
840 1965 924 2001 alia.
984 1965 1045 2002 Ad

386 2027 658 2069 argumentum
691 2020 765 2056 loci
808 2022 907 2061 conf,
944 2023 1043 2070 VIII,

389 2074 456 2116 40.
478 2074 545 2123 41,
576 2077 642 2113 ubi
670 2077 710 2113 in
741 2077 977 2114 Salaminem
1006 2094 1046 2116 se

386 2145 548 2183 suasque
592 2146 650 2170 res
701 2134 784 2170 illos
830 2137 1044 2182 contulisse,

387 2189 695 2240 aggredientibus
716 2191 863 2240 Persis,
895 2200 1046 2229 enarrat

386 2245 614 2284 Herodotus.

454 2311 555 2365 πρός
602 2311 645 2353 δὲ
691 2311 785 2362 καὶ]
841 2312 907 2353 καὶ
957 2328 1044 2351 cum

386 2368 607 2422 Schweigh.
649 2378 684 2407 et
715 2370 831 2408 Gaisf.
864 2370 991 2407 addidi
1025 2386 1045 2408 e

385 2426 532 2465 duobus
554 2426 666 2465 codd.
682 2428 831 2479 Reliqui
852 2430 1045 2466 omittunt.

385 2484 566 2534 Spectant
595 2491 723 2521 autem
742 2483 836 2520 haec
858 2483 906 2521 ad
936 2493 1042 2521 ante-

383 2539 521 2577 cedens
552 2537 634 2591 ἷίμα
655 2539 745 2591 μὲν,
781 2543 917 2578 maiori
945 2555 1042 2593 qua-

384 2594 473 2632 dam
493 2599 530 2634 vi
561 2596 700 2636 addita.
750 2597 834 2635 Vid.
865 2600 911 2635 G.
940 2601 1041 2635 Her-

383 2665 516 2690 mann.
560 2653 607 2691 ad
656 2655 782 2705 Viger.
824 2668 912 2706 pag
943 2658 1038 2697 782·

382 2708 499 2760 Apud
519 2709 852 2777 T111103did.wl‚
880 2712 933 2753 56
956 2719 1039 2762 post

383 2761 466 2816 α’μα
497 2762 568 2815 μὲν
591 2767 749 2804 infertur
768 2765 812 2807 τό
844 2766 886 2808 δὲ
906 2767 1037 2807 πλέον.

438 2818 482 2861 τὸ
523 2820 551 2871 ἦ
590 2824 732 2874 Πυθίη
769 2836 840 2873 σφι
881 2824 1036 2877 ε’χρησε]

382 2877 578 2927 Vid.VII‚
619 2878 708 2922 142.
766 2882 841 2918 Pro
880 2897 923 2922 το
946 2883 1038 2920 Val-

1105 987 1220 1026 cken.
1256 989 1337 1025 sine
1367 999 1480 1025 causa
1521 987 1656 1039 reponi
1683 988 1765 1026 vult

1104 1048 1172 1098 τῷ.
1230 1045 1417 1082 Voculam
1438 1043 1529 1092 καὶ,
1559 1058 1658 1096 quae
1676 1045 1766 1082 vul-

1103 1114 1153 1151 go
1175 1109 1262 1138 ante
1291 1115 1403 1138 voces
1441 1098 1534 1141 αὐτὸ
1565 1099 1615 1152 δή
1644 1103 1764 1141 τοῦτο

1102 1159 1241 1194 inserta
1297 1159 1514 1207 legebatur,
1570 1171 1765 1210 quamque

1106 1215 1221 1250 etiam
1232 1213 1439 1263 Schaefer„
1460 1213 1594 1253 Mauh.
1611 1214 1765 1252 etBek-

1105 1269 1188 1309 ker.
1230 1272 1413 1319 retinent,
1455 1271 1635 1322 equidem
1674 1285 1764 1309 cum

1107 1326 1329 1377 Schweigh.
1360 1334 1396 1364 et
1428 1328 1545 1368 Gaisf.
1575 1341 1596 1364 e
1624 1329 1764 1366 melio-

1105 1398 1192 1421 rum
1212 1384 1325 1424 codd.
1347 1397 1534 1421 consensu
1551 1383 1686 1423 delevi.
1707 1407 1764 1413 —

1103 1441 1166 1478 Ad
1196 1454 1332 1479 vocem
1361 1438 1639 1493 κρησφύγετον
1660 1442 1764 1480 conf.

1102 1499 1136 1536 V
1149 1527 1160 1548 ‚
1193 1498 1270 1539 124
1290 1499 1419 1550 ibique
1439 1505 1537 1535 nott.

1323 1566 1415 1617 Cap.
1447 1567 1530 1604 LII.

1172 1632 1223 1673 Οἱ
1243 1630 1285 1672 δὲ
1317 1632 1470 1686 Πέρσαι
1492 1629 1667 1684 ἱζόμενοι
1697 1632 1762 1674 ἐπὶ

1103 1686 1169 1730 τὸν
1189 1691 1400 1730 καταντίον
1423 1692 1495 1741 τῆς
1524 1686 1763 1742 α’κροπόλιος

1105 1744 1245 1798 ὄχθον,
1265 1744 1331 1787 τὸν
1349 1743 1561 1797 Ἀθηναῖοι
1581 1747 1766 1787 καλέουσι

1102 1799 1265 1855 ’Λρήϊον
1297 1802 1445 1856 πάγον]
1480 1806 1538 1840 De
1578 1811 1764 1841 structura

1102 1863 1208 1898 verbi
1246 1861 1402 1907 ἵζεσθαι
1432 1862 1532 1897 conf.
1554 1862 1626 1909 IV,
1670 1860 1762 1902 145.

1101 1919 1146 1965 V,
1161 1919 1300 1965 12.Vl',
1325 1919 1416 1958 108.
1438 1918 1536 1955 Satis
1547 1931 1637 1955 vero
1651 1924 1764 1955 notus

1101 1976 1141 2011 in
1184 1975 1400 2011 Atticorum
1421 1975 1532 2011 rebus
1562 1976 1666 2012 collis
1686 1975 1763 2024 ille,

1101 2033 1140 2068 in
1190 2045 1266 2083 quo
1307 2032 1625 2082 Areopagitarum
1667 2044 1764 2068 con-

1102 2090 1233 2126 cilium
1254 2088 1448 2135 consedit,
1489 2087 1628 2126 DIartz‘s
1657 2089 1764 2126 collis

1088 2143 1246 2195 ’Ἄρειος
1277 2146 1423 2194 (Ionice
1442 2140 1613 2195 Ἀρήϊος)
1635 2141 1763 2197 πάγος

1102 2203 1320 2238 nominatus
1355 2202 1416 2238 vel
1455 2202 1503 2238 ob
1532 2203 1761 2249 Amazones,

1102 2260 1231 2295 Martis
1252 2259 1363 2302 filias,
1386 2271 1482 2309 quae
1500 2259 1687 2309 impetum
1708 2259 1762 2295 fe-

1103 2323 1233 2352 cerant
1253 2317 1290 2351 in
1314 2316 1450 2351 collem
1464 2345 1473 2362 ,
1505 2316 1566 2351 vel
1587 2316 1635 2352 ob
1656 2317 1761 2352 Mar-

1102 2379 1203 2419 tem,
1267 2373 1332 2423 qui
1367 2370 1598 2409 Halirrothio
1650 2384 1760 2409 caeso

1102 2430 1141 2465 iu
1182 2429 1343 2465 deorum
1382 2427 1566 2465 iudicium
1606 2428 1681 2465 hoc
1719 2430 1760 2465 in

1099 2487 1195 2522 colle
1260 2492 1415 2522 vocatus
1484 2499 1563 2522 esse
1626 2486 1759 2522 fertur.

1097 2544 1218 2579 Multa
1277 2541 1422 2579 dabunt
1472 2543 1680 2593 Bergman.
1722 2549 1760 2580 et

1097 2599 1291 2636 Benseler.
1326 2598 1373 2636 ad
1393 2601 1544 2638 Isocrat.
1566 2601 1758 2650 Areopag.

1095 2669 1184 2706 pag.
1214 2657 1345 2695 2—9
1375 2655 1432 2693 ed.
1465 2657 1615 2694 Bensel.
1672 2657 1757 2707 Ipse

1096 2714 1200 2749 collis
1221 2713 1297 2749 arci
1318 2714 1514 2762 proximus
1539 2714 1585 2750 ab
1607 2725 1754 2760 occasu,

1094 2777 1137 2806 ut
1156 2769 1217 2806 vel
1237 2770 1389 2819 sagittas
1409 2771 1449 2805 in
1462 2768 1755 2807 Atheniensium

1094 2827 1335 2863 munimenta
1371 2828 1565 2864 mitterent
1602 2828 1754 2874 Persae,

1094 2882 1292 2921 altitudine
1320 2896 1401 2920 non
1437 2890 1574 2936 aequat
1613 2896 1753 2932 arcem,
