1839 3292
20 478 119 524 127

18 1016 117 1063 128
171 1016 343 1056 λυνθον
373 1009 602 1060 Χαλκιδέες
638 1010 775 1065 ἔσχον.
828 1006 1005 1060 Ἐξελων
1028 1009 1074 1052 δὲ
1104 1006 1266 1063 ταύτην
1296 1007 1319 1050 ὁ
1339 1005 1432 1060 Ἀρ-

177 1079 376 1136 τάβαζος,
405 1082 459 1134 τῇ
487 1079 701 1133 Ποτιδαίῃ
732 1076 1018 1130 ἐντεταμένως
1046 1081 1254 1131 προσεῖχε.
1291 1074 1468 1128 προσέ-2

179 1164 300 1204 χοντι
322 1147 367 1190 δέ
397 1147 440 1188 οἱ
467 1144 711 1200 προθύμως
741 1146 989 1188 συντίθεται
1027 1146 1269 1198 προδοσίην
1307 1140 1435 1197 Τιμό-

564 221 897 260 URANIA

952 220 1080 259 VIII.
1350 223 1436 263 175

182 350 273 393 γων
303 333 350 377 ἐκ
378 335 643 388 Σαλαμῖνος,
673 330 720 374 ἐκ
754 332 834 373 τοῦ
853 331 1049 384 φανεροῦ
1077 325 1320 372 ἀπέστασαν
1348 326 1435 373 ἀπὸ
1448 339 1491 373 15

181 407 268 447 τῶν
296 401 557 456 βαρβαρων’
592 399 648 452 ὥς
679 400 723 444 δὲ
752 400 825 443 καὶ
859 393 992 442 ὧλλοι
1023 399 1065 441 οἱ
1087 396 1166 453 τὴν
1198 395 1435 452 Παλλήνην

180 469 357 524 ἔχοντες.
413 467 629 511 Ένθαῦτα
660 467 712 524 δή
745 467 769 511 ὁ
794 466 1051 522 Ἀρτάβαζος
1079 464 1323 518 ἐπολιόρκεε
1355 464 1434 520 τὴν

502 536 793 585 Ὑποπτεύσας
836 536 881 578 δὲ
920 535 992 577 καὶ
1031 533 1134 584 τούς
1176 532 1434 583 Ὀλυνθίους
1491 537 1766 606 ξὲὶῐῖῗῐῖᾱῗξξῐῗτζὶῥξῗρ

1493 604 1639 638 Olynthus
1658 605 1768 632 tradita

1494 638 1749 666 Chalcidensibus.

183 539 436 593 Ποτιδαίην.

180 604 446 648 ἀπίστασθαι
492 603 577 647 ἀπὸ
616 602 842 657 βασιλέος,
883 601 955 644 καὶ
984 600 1146 656 ταύτην
1175 600 1433 656 ἐπολιόρκεε.

178 671 294 729 εἶχον
325 674 369 716 δὲ
404 670 541 727 αὐτήν
563 674 796 721 Βοττιαῖοι,
830 670 873 712 οἱ
901 670 948 712 ἐκ
969 673 1051 712 τοῦ
1085 671 1305 723 Θερμαίου
1335 666 1493 712 κάλ-ΞΟ

154 747 277 784 Ξπου
308 738 610 792 ἐξαναστάντες
639 736 724 781 ὑπὸ
756 736 1040 780 Μακεδόνων.

1098 737 1186 780 ἐπεὶ
1229 735 1273 779 δέ
1305 747 1442 790 σφεας

182 807 265 852 εἷλε
301 807 593 860 πολιορκέων,
635 804 876 860 κατέσφαξε
924 803 1143 859 ἐξαγαγών
1183 803 1225 854 ἐς
1264 805 1443 859 λίμνην·

180 876 259 932 τήν
287 876 332 919 δὲ
362 874 489 918 πόλιν
515 875 753 928 παραδιδοῖ
780 872 1067 931 Κριτοβούλῳ
1090 873 1327 930 Τορωναίῳ
1359 871 1443 914 ἐπι-

181 942 430 997 τροπεύειν,
468 943 542 985 καὶ
579 945 639 999 τῷ
668 943 915 996 Χαλκιδικῷ
943 940 1067 996 γένεϊ.
1116 941 1188 983 καὶ
1218 938 1333 982 οὕτω
1365 937 1442 982 ''O-

183 1218 340 1268 ξεινος,
395 1213 418 1256 ὁ
459 1218 548 1257 τῶν
590 1214 850 1257 Σκιωναίων
881 1212 1139 1266 στρατηγός·
1179 1210 1330 1254 ὅντινα
1361 1209 1440 1264 μὲν

183 1282 349 1336 τρόπον
379 1279 536 1337 ἀρχὴν,
581 1281 710 1337 ἔγωγε
745 1280 827 1324 οὐκ
871 1281 950 1335 ἔχω
986 1282 1142 1330 εἰπεῖν,
1175 1276 1229 1321 οὔ
1259 1278 1343 1333 γὰρ
1378 1271 1441 1319 ὦν

154 1351 368 1406 Ξλέγεται·
399 1350 519 1400 τέλος
548 1350 694 1404 μέντοι
722 1347 866 1392 τοιοίδε
897 1349 1070 1402 ἐγίνετο.
1111 1346 1223 1397 ὅκως
1253 1345 1435 1401 βυβλίον
1451 1350 1496 1384 30

183 1419 360 1475 γράψειε
389 1416 417 1472 ἢ
436 1415 694 1472 Τιμόξεινος,
727 1416 888 1460 ἐθέλων
909 1415 1028 1471 παρὰ
1051 1413 1316 1470 Ἀρτάβαζον
1336 1412 1438 1468 πέμ-

183 1626 225 1666 έκ
241 1628 312 1664 τοῦ
338 1624 533 1674 φανεροῦ]
556 1624 581 1661 i.
604 1638 636 1661 e.
651 1627 780 1674 aperte,

126 1691 169 1720 ut
198 1684 267 1729 IX,
302 1685 336 1721 1.
369 1682 478 1721 Conf.
510 1682 586 1717 citt.
627 1680 675 1717 ad
715 1682 780 1728 ΙΙΙ,

130 1739 221 1780 150.
250 1738 310 1775 Ad
339 1738 538 1789 particulas
560 1734 614 1784 ὥς
644 1735 687 1777 δὲ
714 1736 781 1776 καὶ

123 1796 202 1835 vid.
222 1797 287 1844 ΙΙΙ,
311 1798 376 1835 13.

295 1852 385 1901 Cap.
420 1851 610 1887 CXXVII.

186 1904 482 1959 ὁἈρτοῖβαζος]
513 1907 728 1943 Articulum
761 1904 784 1946 ὁ

129 1979 149 2001 e
168 1966 332 2001 Florent.
365 1963 483 2000 adieci
500 1977 587 1999 cum
598 1961 781 2012 Schwgh.

130 2029 166 2058 et
186 2021 300 2058 Gaisf.
321 2021 471 2071 Reliqui
493 2022 711 2057 omiserunt.
729 2040 778 2047 —-

128 2080 185 2114 De
209 2078 388 2127 Olynthiis
410 2076 492 2112 vids
514 2083 610 2113 nott.
632 2075 679 2112 ad
700 2077 779 2122 VH,

132 2137 229 2181 1223
260 2134 307 2170 de
327 2134 500 2170 Bottz'aeis
521 2140 615 2169 nott.
637 2132 684 2168 ad
698 2133 779 2179 VII,

130 2193 206 2230 123
230 2197 265 2226 et
286 2190 332 2226 de
357 2191 560 2226 Thermaico
588 2192 672 2225 sinu
683 2196 779 2225 nott.

126 2246 174 2282 ad
192 2247 271 2294 VII,
295 2249 384 2286 121.
413 2248 456 2282 In
479 2245 676 2282 Gaisfordii
699 2245 781 2281 edi-

125 2303 227 2339 tione
265 2305 489 2353 impressum
525 2310 644 2339 exstat
682 2304 781 2353 Θερ-

129 2360 232 2408 μίου,
254 2372 453 2409 operarnm
474 2358 585 2395 credo
605 2360 708 2395 vitio.
724 2380 781 2386 —

132 2416 189 2450 De
231 2416 344 2452 verbo
394 2411 664 2465 ἐπιτροπεύειν
703 2414 780 2452 vid.

132 2477 226 2507 nost.
258 2471 305 2507 ad
333 2473 412 2517 Vll,
443 2475 495 2511 62
526 2479 561 2508 et
591 2471 637 2508 de
666 2478 780 2521 gente

134 2526 337 2564 Chalcidica
367 2529 447 2576 Vll,
479 2528 572 2569 185.
646 2530 782 2577 Attigit

132 2591 311 2619 monente
331 2585 584 2635 VVesselingio
605 2585 782 2621 Herodo-

132 2645 192 2676 tea
221 2640 429 2677 Casaubon.
463 2640 511 2677 ad
540 2642 717 2679 strabon.
743 2642 783 2678 X

132 2709 171 2747 p.
193 2694 273 2736 447
294 2709 324 2735 s,
355 2697 446 2737 685.

300 2753 390 2801 Cap.
413 2752 620 2790 CXXVIII.

187 2807 463 2859 ἐντεταμένως]
493 2810 576 2848 vid.
607 2817 702 2847 nott.
733 2809 781 2847 ad

838 1624 920 1670 VII⁷
953 1621 1021 1663 53.
1057 1620 1279 1674 προδοσίην
1310 1619 1496 1660 συντίθε-

840 1679 938 1718 σθαί
990 1693 1069 1718 τινι
1129 1680 1381 1728 interpretor:
1455 1677 1496 1714 cle

833 1737 1030 1787 proditione
1079 1749 1155 1773 cum
1213 1735 1333 1784 aliquo
1390 1746 1496 1783 agere

838 1808 868 1830 s.
894 1795 1044 1844 pacisci.
1075 1794 1174 1838 VIII,
1204 1790 1281 1832 140
1313 1793 1349 1837 ξ.
1388 1795 1424 1831 1.
1455 1789 1496 1830 ἆ-

839 1848 1029 1901 μαιχμίην
1048 1850 1330 1895 συντίθεσθαι,
1350 1855 1392 1885 ut
1412 1849 1494 1896 VH,

840 1906 931 1947 145.
969 1907 1054 1942 Alia
1075 1905 1152 1943 vid.
1183 1918 1294 1956 supra
1318 1905 1365 1942 ad
1394 1909 1496 1956 VIII,

840 1965 919 2001 120
943 1969 1038 1998 nott.
1098 1964 1299 1999 Caeterum
1329 1963 1494 2001 eandem

837 2020 1093 2054 narrationem
1115 2019 1161 2056 de
1173 2020 1405 2067 Timoxeno,
1430 2022 1495 2072 qni

836 2088 951 2124 prave
983 2076 1184 2126 Sicyonius
1214 2083 1383 2120 vocatur,
1404 2090 1494 2113 cum

835 2133 881 2167 sit
904 2132 1111 2178 samaeus,
1133 2132 1172 2168 id
1190 2139 1243 2168 est
1257 2131 1384 2169 Scione
1399 2135 1493 2170 urbe

837 2188 1030 2234 oriundus,
1053 2189 1128 2235 (de
1150 2201 1224 2240 qua
1245 2187 1321 2225 vid.
1344 2188 1391 2225 ad
1412 2191 1494 2238 VII,

839 2246 936 2293 123)
959 2244 1111 2281 exhibet
1131 2246 1315 2295 Polyaen.
1337 2246 1415 2295 VII,
1441 2249 1493 2287 33

836 2302 873 2345 ξ.
905 2304 924 2340 1
958 2308 1071 2353 atque
1097 2303 1245 2338 Aeneas
1276 2302 1387 2340 Tact.
1413 2304 1495 2339 Po-

836 2358 980 2394 liorcet.
1001 2372 1038 2409 p.
1062 2361 1127 2398 31.
1154 2381 1199 2386 —
1244 2358 1289 2393 In
1316 2360 1493 2409 proxime

836 2427 941 2466 seqq.
965 2410 1091 2465 ἀρχὴν
1109 2414 1171 2464 (ab
1193 2415 1311 2463 initio)
1335 2422 1371 2451 et
1387 2415 1494 2462 τέλος

836 2471 902 2516 (ad
925 2473 1127 2520 extremum)
1149 2472 1218 2508 sibi
1239 2472 1381 2521 opponi
1392 2472 1490 2508 bene

836 2528 1008 2564 observat
1037 2527 1218 2566 Valcken.
1253 2550 1303 2554 —
1363 2527 1489 2567 εἰπεῖν

838 2583 925 2620 dedi
945 2597 1013 2634 pro
1036 2580 1155 2631 εἶπαι,
1190 2583 1291 2619 libris
1320 2583 1488 2621 iubenti-

834 2641 918 2687 bus,
940 2647 982 2676 ut
1003 2640 1100 2686 VIII,
1126 2642 1191 2684 65,
1216 2639 1283 2676 ubi
1312 2639 1389 2678 vid.
1445 2643 1489 2678 In

836 2697 960 2733 verbis
980 2698 1161 2746 proximis
1183 2692 1230 2735 ου’
1251 2693 1324 2747 γάρ
1344 2691 1400 2735 ὦν
1429 2697 1493 2736 λέ-

837 2768 964 2804 γεται,
1005 2754 1186 2803 particula
1223 2747 1280 2792 ὦν
1316 2756 1493 2804 negatio-

839 2811 898 2846 nis
928 2810 1006 2846 vim
1031 2816 1163 2859 auget,
1194 2817 1237 2847 ut
1269 2811 1367 2859 VIII,
1402 2813 1494 2851 133.

1491 469 1765 506 Primummynssfii,

1491 505 1570 537 quod
1596 509 1625 531 et
1661 508 1766 533 horum

1489 1005 1568 1033 Tum
1586 1005 1729 1034 Potidaea

1491 1044 1673 1075 oppugnata.
1715 1040 1768 1067 'ri-

1471 1074 1607 1114 5moxeni
1626 1074 1769 1108 proditio-

1494 1115 1559 1134 nem
1579 1108 1660 1133 urbis
1679 1116 1744 1135 cnm

1490 1141 1589 1168 Persis
1600 1141 1676 1176 pacti
1687 1142 1769 1168 fraus

1494 1183 1553 1210 qua
1570 1183 1604 1203 re
1623 1175 1750 1203 detecta.
