1839 3292
513 240 855 279 URANIA.
913 237 1042 274 VIII.

1326 237 1409 277 157

163 357 343 413 »λείπειν
381 350 527 407 σφέων
565 349 643 404 τὴν
681 352 840 404 νησον,
884 344 970 389 ἀλλ’
1001 345 1084 388 αιέὶ
1113 344 1435 400 φιλοχωρέειν,1

163 423 352 477 ,,Πενίην
381 434 423 461 τε
462 417 535 461 καὶ
563 414 840 471 Ἇμηχανίην·
872 414 946 457 καὶ
972 412 1139 456 τούτων
1175 416 1263 454 τῶν
1291 415 1410 455 θεων

132 485 425 544 4,,ἐπηβόλους
455 483 604 534 ἐόντας
638 482 880 535 Ἀνδοίους,
921 479 974 523 οὐ
1004 479 1158 522 δώσειν
1199 479 1408 535 χρήματα.

159 554 390 609 ,,ουδέκοτε
433 551 514 606 γοὶο
563 554 640 604 τῆς
682 548 854 591 ἑωυτῶν
899 544 1140 601 ἀδυναμίης
1176 546 1256 602 τήν
1280 546 1411 602 Ἀθη-

156 625 321 677 ,,ναίων
349 619 533 672 δύναμιν
564 615 671 660 εἶναι
703 615 881 669 κρέσσω.
887 618 911 638 “
968 608 1101 657 Οὗτοι
1130 614 1209 668 μὲν
1240 614 1292 669 δή
1310 617 1441 658 ταῦ-5

159 707 212 735 τοι
238 686 594 741 ὑποκριναμενοι,
625 684 699 727 καὶ
730 680 782 725 οὐ
814 682 962 731 δόντες
990 698 1042 723 τα
1072 679 1283 735 χρήματα,
1315 681 1413 724 ἐπο-

0 763 96 808 112
161 757 421 810 λιορκέοντο.
455 751 761 807 Θεμιστοκλέης
791 749 848 799 δε,
881 746 934 791 ου’
963 747 1046 803 γάρ
1077 748 1258 792 ἐπαύετο
1288 753 1411 792 πλεο-

162 823 354 874 νεκτέων,
385 822 608 875 ἐσπέμπων
639 819 681 869 ἐς
710 816 786 867 τοὶς
816 815 948 865 ἄλλας
977 814 1140 871 νήσους
1181 813 1413 872 οἷπειλητη-
1468 825 1537 852 niae
1554 827 1685 853 exactae.

160 893 282 946 ρίους
320 889 500 944 λόγους,
533 889 642 929 αἴτεε
670 883 864 940 χρήματα
894 883 965 926 διὰ
993 887 1080 926 τῶν
1116 881 1261 926 αὐτῶν
1292 883 1413 939 ἀγγέ-

158 963 269 1009 λων,
314 955 556 1013 χρεώμενος
592 954 759 1010 λόγοισι
797 956 910 995 τοῖσι
948 951 1022 995 καὶ
1054 951 1162 1006 πρὸς
1186 949 1412 1006 Ἀνδρίους

101 1142 169 1180 tivi
205 1144 336 1181 transit
368 1149 613 1188 structuram,
643 1141 756 1191 plane

103 1206 146 1235 ut
177 1199 285 1247 VIII,
326 1202 427 1247 118,
475 1211 590 1249 quem
630 1198 757 1233 locum

104 1254 182 1291 unii
216 1269 304 1292 cum
328 1257 407 1291 aliis
430 1255 604 1291 excitavit
623 1251 757 1289 Matth.

106 1312 172 1348 Gr.
201 1313 266 1349 Gr.
296 1314 330 1357 ξ.
355 1312 457 1358 539,
485 1314 503 1350 1
528 1323 614 1361 pag.
641 1309 759 1348 1059.

104 1368 250 1404 Vocem
283 1368 499 1419 γεωπείνης
537 1368 581 1413 (i.
603 1379 636 1401 e.
658 1377 758 1414 pan-

98 1436 185 1473 per,
230 1425 292 1473 qui
317 1435 446 1473 parum
487 1427 596 1459 terrae
635 1423 758 1468 agrive

99 1479 283 1529 possidet),
314 1480 419 1528 attigi
439 1477 486 1514 ad
508 1480 563 1526 II,
587 1481 624 1518 6.
654 1475 757 1516 Add.

104 1536 261 1584 Gregor.
293 1533 458 1571 Corinth.
516 1536 574 1570 De
612 1532 757 1569 dialect.

102 1592 183 1627 Ion.
214 1593 250 1635 ξ.
275 1590 353 1629 114
380 1603 467 1641 pag.
489 1590 583 1630 518.
604 1610 659 1617 -—
695 1587 757 1625 Ad

101 1659 212 1684 voces
231 1646 269 1693 ἒς
300 1644 348 1685 τοὶ
380 1645 537 1698 μέγιστα
557 1645 758 1695 Schweig-

101 1701 271 1740 haeuser.
309 1716 356 1739 ex
388 1702 624 1739 antecedenti
659 1716 758 1753 γεω-

101 1759 237 1805 πείνας
248 1760 405 1809 intelligi
419 1760 500 1796 vult
511 1759 757 1810 γεωπεινίης,

101 1822 144 1851 ut
181 1816 438 1865 intelligantur
468 1818 617 1852 maxime
645 1816 755 1863 egeni,

104 1873 166 1920 qui
201 1872 250 1908 ad
288 1875 478 1909 maximam
509 1875 752 1922 paupertatem

103 1927 311 1964 devenerint.
376 1929 523 1966 similla
564 1927 753 1979 quaedam

101 1984 255 2033 praebet
290 1986 423 2021 Noster
463 1985 518 2032 V,
558 1984 626 2025 49.
671 1984 753 2031 VII,

106 2042 169 2079 13.
203 2042 227 2079 9
249 2041 284 2085 ξ.
305 2043 342 2080 3.
375 2042 466 2081 134.

157 2093 393 2135 καὶτούτων
417 2099 495 2135 τῶν
523 2097 635 2134 θεῶν
663 2094 755 2146 ἕπη-

102 2147 248 2201 βόλους
268 2148 404 2199 ἐόντας
422 2149 651 2203 Ἀνδρίους]
683 2153 706 2188 i.
720 2166 752 2191 e.

101 2210 206 2256 atque
249 2208 370 2246 horum
414 2209 550 2245 deorum
591 2212 754 2258 compotes

102 2275 178 2299 cum
195 2263 297 2314 sacti
312 2270 424 2302 essent
451 2266 581 2302 Andriz'
608 2278 637 2302 s.
671 2278 753 2314 qnos

103 2318 181 2355 deos
216 2333 291 2357 cum
330 2325 429 2359 nacti
464 2325 575 2358 essent
608 2322 753 2359 Andriz‘.

102 2374 243 2411 Vocem
282 2375 478 2428 ἐπήβολος
521 2379 754 2414 illustrarunt

101 2430 312 2472 Blomfield,
325 2435 487 2471 Glossar.
509 2434 556 2470 ad
574 2432 754 2484 Aeschyl.

101 2486 296 2524 Prometh.
332 2489 412 2530 453
445 2491 530 2530 coll.
562 2490 609 2527 ad
647 2491 754 2539 Aga-

101 2553 246 2579 memn.
261 2544 396 2588 §.525-
408 2546 599 2583 Schaefer.
609 2548 754 2583 Melett.

102 2601 199 2634 critt.
231 2613 267 2648 p.
302 2599 368 2640 48.
398 2601 673 2653 VVyttenbach.
705 2602 753 2639 ad

100 2653 290 2691 Plutarch.
312 2656 407 2694 Mor.
438 2660 455 2693 Ι
476 2672 514 2709 p.
537 2663 627 2699 112.
650 2659 751 2696 Add.

97 2710 238 2749 Herod.
260 2712 328 2758 IX,
357 2710 423 2752 49.

154 2763 340 2805 οὐδέκοτε
380 2766 452 2819 γτῖρ
490 2772 604 2819 τῆςε
589 2769 748 2809 ἕωυτων

812 1152 932 1188 ναμιν
971 1133 1072 1177 εἶναι
1090 1134 1259 1187 κρέσσω]
1290 1136 1468 1174 Similem

814 1194 1008 1246 quandam
1066 1195 1293 1230 sententiam
1342 1192 1468 1243 prodit

812 1253 947 1287 Noster
975 1251 1064 1294 ΥΠ
1103 1252 1191 1290 172.
1223 1271 1274 1277 —
1304 1251 1349 1285 In
1378 1262 1470 1298 pro-

812 1308 916 1343 xime
935 1320 1039 1358 seqq.
1073 1304 1291 1357 Schweigh.
1328 1319 1348 1341 e
1378 1306 1471 1341 Flo-

813 1365 961 1399 rentino
993 1361 1138 1399 addidit
1173 1377 1220 1400 τα
1251 1369 1338 1398 ante
1372 1357 1470 1412 χρή-

814 1434 915 1470 ματα
935 1448 945 1466 ,
999 1419 1213 1466 intelligens
1268 1430 1469 1468 pecuniam,

814 1488 918 1524 quam
938 1475 997 1511 alle
1017 1474 1270 1523 postulaverat.
1313 1475 1470 1510 Articu-

811 1531 893 1567 lum
914 1533 1122 1568 omiserunt
1146 1528 1282 1567 Matth.
1305 1536 1342 1567 et
1363 1528 1470 1567 Bek-

812 1586 896 1625 ker.
1061 1604 1066 1607 Α

1021 1642 1113 1693 Cap.
1135 1642 1253 1680 CXII.

868 1698 1155 1749 πλεονεκτέων]
1179 1701 1235 1735 De
1256 1697 1328 1736 hoc
1352 1698 1468 1735 verbo

811 1758 946 1793 monui
973 1755 1020 1792 ad
1047 1757 1136 1802 VII,
1180 1755 1271 1796 158.
1331 1755 1468 1791 Caete-

811 1827 899 1849 rum
925 1812 1058 1849 eadem
1087 1812 1165 1847 fere
1196 1818 1344 1848 enarrat
1371 1812 1468 1848 Plu-

811 1868 930 1906 tarch.
952 1868 1202 1905 Themistocl.
1229 1870 1280 1908 21
1314 1868 1397 1904 init.
1429 1881 1466 1918 p.

811 1929 891 1966 122
910 1926 965 1971 C.,
981 1926 1047 1961 ubi
1067 1927 1181 1961 etiam
1210 1926 1468 1961 Timocreon-

810 1983 854 2019 tis
872 2012 881 2028 ,
912 1983 977 2034 qui
1001 1980 1268 2018 Themistoclis
1294 1982 1365 2017 fuit
1395 1979 1466 2017 ad-

810 2040 992 2076 versarius
1005 2045 1124 2074 exstat
1136 2051 1288 2074 carmen
1306 2039 1345 2073 in
1357 2036 1468 2077 The-

809 2096 1022 2132 mistoclem
1054 2094 1272 2131 traductum
1304 2107 1395 2130 sane
1424 2100 1467 2130 ut

811 2150 1009 2188 hominem
1062 2150 1307 2197 mendacem,
1364 2150 1467 2185 iniu-

810 2215 933 2256 stum,
972 2206 1228 2258 proditorem,
1260 2207 1325 2258 qui
1346 2219 1468 2255 pecu-

810 2264 874 2300 nia
905 2272 1101 2314 corruptus
1133 2265 1300 2300 amicum
1336 2261 1469 2313 prodi-

812 2320 918 2358 derit.
960 2320 1061 2360 Add.
1078 2319 1353 2357 Pseudo-Plut.
1375 2320 1410 2355 II
1428 2333 1465 2369 p.

809 2378 951 2417 8710.
1004 2376 1221 2414 Herodotea
1252 2388 1321 2427 pro
1357 2388 1467 2412 more

810 2435 1064 2473 cavillantem.

866 2486 930 2541 λο)
935 2504 1013 2530 οισι
1031 2493 1134 2530 τοῖσι
1159 2486 1226 2527 καὶ
1256 2483 1352 2538 πρὸς
1371 2482 1466 2524 Ἀν-

811 2545 947 2596 δοίους
977 2544 1187 2598 ἐχρησατο]
1228 2544 1373 2580 Vocem
1401 2539 1464 2582 λό-

809 2615 926 2653 γοισι,
940 2616 1037 2653 quae
1069 2603 1287 2647 aFlorent.,
1309 2598 1464 2646 Medic„

810 2659 889 2695 aliis
925 2661 1048 2706 abest,
1087 2657 1176 2694 hinc
1207 2657 1268 2693 vel
1300 2655 1466 2692 deletam

806 2715 867 2750 vel
899 2717 1005 2751 uncis
1033 2721 1133 2751 certe
1164 2714 1349 2749 inclusam
1384 2713 1466 2750 vult

806 2769 1188 2821 Sclmeighaeuserus
1237 2776 1277 2806 ut
1333 2782 1467 2819 suspe-

97 2817 318 2875 ἀδυναμίης
333 2821 405 2875 τήν
421 2820 654 2878 Ἀθηναίων
674 2823 748 2866 δυ’-
804 2834 920 2864 ctam.
943 2827 1066 2865 Iidem
1084 2826 1195 2866 codd.
1211 2839 1280 2877 pro
1291 2822 1467 2877 καὶπρος

1469 757 1512 784 Ab
1539 756 1606 784 aliis
1625 764 1743 792 quoque

1466 791 1612 818 insulanis
1637 799 1726 825 pecu
