1839 3292
327 221 412 263 382
503 239 506 243 ’
867 219 1248 257 COMMENTATIO

327 333 472 372 Edonis
502 332 549 371 de
579 332 718 370 fodinis
752 332 887 380 aureis,
920 345 1019 383 quae
1037 340 1272 370 memoratur
1292 335 1360 382 IX,
1382 332 1435 374 75
1455 332 1587 371 incidit
1607 334 1646 370 in
1671 346 1817 371 annum

327 393 409 432 453
434 404 468 428 a.
490 390 579 428 Chr.
601 404 638 426 n.
660 404 689 427 s.
711 391 862 440 Olymp.
884 390 1064 437 LXXXI,
1088 393 1126 429 2.
1185 392 1242 426 De
1269 391 1409 427 Sitalce
1430 404 1555 427 serino
1583 397 1637 428 est
1665 392 1815 437 1V‚80:

326 448 366 485 id
377 446 479 500 quod
491 447 734 498 probabiliter
753 445 885 482 incidit
900 447 936 481 in
951 459 1039 483 ann.
1054 444 1130 486 431
1148 459 1181 483 a.
1195 445 1284 483 Chr.
1302 461 1342 484 n.
1363 460 1392 484 s.
1415 448 1566 499 Olymp.
1583 448 1815 494 LXXXVII,

330 508 349 545 1
370 518 380 552 3
412 503 459 540 de
479 502 757 540 Thebanorum
778 502 1023 554 expeditione
1044 504 1082 539 in
1104 503 1297 551 Plataeas,
1327 516 1424 554 quae
1453 505 1588 541 accidit
1613 518 1714 542 anno
1735 503 1813 544 431

326 574 359 598 a.
383 559 482 599 Chn.
504 574 558 607 n„
588 562 668 607 VII,
691 563 771 601 233
794 561 859 609 (T.
881 561 933 596 III
954 574 989 610 p.
1012 562 1128 607 788),
1169 560 1215 596 de
1237 562 1516 611 Spartanorum
1536 562 1690 612 legatis,
1721 574 1816 613 quos

325 616 578 654 Athenienses
606 618 841 667 intercepere
871 629 971 653 anno
1001 615 1083 657 430
1117 629 1151 653 a.
1187 616 1276 654 Chr.
1310 631 1351 654 n.
1411 617 1516 662 Quae
1536 626 1737 655 narrantur
1753 619 1814 661 Vl,

324 676 391 721 98,
415 687 459 710 ea
475 681 576 711 certe
597 673 738 711 cadunt
755 681 837 724 post
858 686 1003 710 annum
1021 674 1102 713 425
1121 687 1154 710 a.
1176 674 1263 713 Chr,
1285 688 1325 714 n.
1341 687 1371 710 s.
1393 674 1546 725 Olymp.
1567 675 1815 721 LXXXVIII,

324 730 371 778 43
403 744 525 783 eoque
544 732 657 768 etiam
674 733 874 781 pertinent,
894 744 992 783 quae
1013 731 1080 777 IX,
1104 734 1158 771 73
1182 731 1228 767 de
1249 732 1424 778 Decelea,
1453 732 1517 778 111,
1543 730 1592 771 15
1614 730 1662 768 de
1673 734 1817 782 Amyr-

323 794 409 824 taeo
440 795 478 825 et
497 790 526 835 Ι,
552 791 629 828 130
651 787 698 824 de
717 787 859 836 Medis,
893 789 958 840 qui
979 801 1000 823 a
1020 788 1133 824 Dario
1154 786 1280 825 Notho
1307 787 1527 825 defecerunt
1555 800 1656 825 anno
1679 787 1760 829 408
1781 801 1816 825 a.

323 843 416 883 Chr.
447 858 478 882 s.
500 845 656 895 Olymp.
675 845 812 892 XCIII,
837 847 873 884 1.
935 845 1051 880 Plura
1072 843 1302 882 Dahlmann.
1334 846 1372 881 in
1394 845 1510 892 libro,
1551 846 1618 897 qui
1641 844 1816 883 Herodo-

322 908 383 940 tus
403 902 619 938 inscribitur
647 914 736 952 pag.
757 900 923 943 38—47
945 902 1031 942 coll.
1048 904 1174 953 Heyse
1191 903 1216 939 l.
1236 902 1262 940 l.
1284 915 1322 952 p.
1345 903 1410 949 69,
1432 901 1485 942 74
1505 915 1585 954 seq.

431 961 565 1010 Neque
585 971 677 995 vero
700 957 757 995 his
780 971 878 1005 eam,
901 971 1018 1010 quam
1040 957 1087 994 de
1113 959 1342 996 recitationis
1369 965 1541 1009 tempore
1562 959 1691 1010 posui,
1726 971 1815 995 sen-

318 1017 479 1054 tentiam
497 1015 661 1052 convelli
675 1028 784 1066 posse
803 1022 950 1065 putem.
1009 1014 1121 1060 Quod
1143 1017 1247 1052 enim
1268 1014 1315 1052 ad
1346 1016 1517 1066 Plinium
1538 1017 1670 1052 attinet
1700 1014 1815 1052 Thu-

319 1074 383 1110 riis
416 1071 655 1110 Herodotum
676 1085 770 1123 opus
791 1085 906 1108 suum
935 1072 1132 1109 condidisse
1155 1072 1209 1120 (i.
1235 1085 1269 1109 e.
1292 1075 1530 1121 composuisse,
1551 1072 1746 1123 scripsisse)
1768 1069 1814 1122 ᾖ)

321 1129 534 1177 dicentem,
555 1136 592 1166 et
611 1130 691 1180 ipse
712 1136 836 1166 statuo
859 1127 1015 1166 Thuriis
1037 1124 1106 1178 Μ)
1138 1127 1378 1165 Herodotum
1398 1141 1492 1179 opus
1515 1127 1662 1166 dudum
1681 1130 1815 1166 incoe-

319 1193 431 1238 ptum
453 1193 489 1223 et
503 1185 729 1223 inchoatum
749 1186 875 1223 denuo
896 1192 1113 1223 retractasse
1135 1193 1171 1223 et
1190 1187 1228 1222 in
1252 1198 1360 1234 eam,
1402 1198 1518 1237 quam
1549 1184 1674 1223 adhuc
1693 1184 1815 1222 habe-

320 1257 428 1293 mus,
460 1242 650 1293 redegisse.
670 1244 854 1291 formam,
894 1257 942 1279 ne
965 1242 1089 1280 dicam
1111 1243 1310 1280 absolvisse
1325 1272 1335 1291 ,
1363 1243 1393 1279 si
1414 1241 1572 1294 quidem
1590 1244 1652 1280 vel
1669 1244 1723 1280 sic
1738 1244 1816 1279 im-

319 1301 535 1352 perfectum
562 1302 703 1337 mansit
737 1300 843 1348 illud,
882 1296 986 1350 fflffi)
1017 1313 1144 1352 neque
1174 1301 1213 1337 in
1229 1300 1317 1347 fine,
1338 1313 1467 1352 neque
1486 1300 1526 1335 iu
1547 1300 1627 1337 aliis
1646 1300 1814 1351 partibus

319 1359 434 1409 plane
455 1358 671 1395 absolutum
694 1356 754 1409 ἦ),
787 1370 907 1410 quum
927 1370 1059 1394 senem
1078 1359 1117 1393 in
1140 1355 1383 1404 elaborando,
1404 1355 1648 1407 perficiendo,
1677 1358 1815 1393 liman-

322 1414 371 1452 do
394 1421 623 1465 occupatum
642 1422 883 1465 praematura
898 1428 999 1451 mors
1021 1415 1244 1465 oppressisse
1263 1412 1457 1462 videatur,
1479 1412 1574 1451 adeo
1594 1421 1637 1450 ut
1655 1414 1717 1452 vel
1737 1414 1814 1450 fine

320 1479 465 1509 careret
480 1472 595 1519 liber,
627 1485 743 1522 quem
764 1472 920 1508 ulterius
951 1485 972 1507 e
992 1473 1179 1522 scriptoris
1203 1472 1360 1508 consilio
1381 1478 1565 1522 spectasse
1589 1470 1693 1508 haud
1712 1472 1814 1508 male

321 1529 483 1566 coniecit
502 1527 735 1570 Dalihnann,
752 1530 777 1565 l.
793 1529 819 1566 l.
840 1543 877 1580 p.
903 1531 994 1569 137.
1015 1531 1110 1576 217,
1142 1529 1207 1580 qui
1227 1527 1332 1564 idem
1355 1536 1457 1565 recte
1484 1529 1613 1565 statuit
1643 1541 1730 1579 pag.
1759 1527 1813 1567 48

319 1599 399 1637 seq.
427 1598 560 1623 senem
586 1586 698 1622 fuisse
727 1586 967 1622 Herodotum
984 1614 994 1632 ,
1026 1598 1147 1636 quuin
1169 1584 1327 1621 Thuriis
1358 1598 1451 1636 opus
1482 1598 1596 1622 suum
1617 1584 1812 1623 conderet.

317 1644 397 1679 Nec
417 1643 518 1679 male
538 1643 682 1692 Iaeger.
705 1643 730 1681 l.
743 1643 769 1684 l,
791 1656 828 1693 p.
850 1645 922 1681 16:
954 1643 1086 1689 „Libri
1105 1643 1351 1693 scriptionem
1366 1643 1405 1677 in
1421 1643 1598 1678 ultimam
1616 1643 1715 1679 vitae
1732 1643 1813 1677 He-

318 1698 443 1736 rodoti
471 1706 620 1750 partem
639 1699 817 1747 incidere,
850 1700 988 1735 clamat
1010 1697 1175 1751 denique
1195 1705 1294 1734 totus
1316 1699 1438 1748 operis
1458 1699 1574 1747 color,
1604 1699 1730 1736 senilis
1750 1700 1813 1734 in-

319 1758 423 1805 genii
449 1755 622 1792 indolem
648 1757 836 1793 redolens.
895 1754 1092 1792 Iudicandi
1117 1753 1399 1807 disserendique
1429 1756 1545 1803 ratio,
1592 1769 1660 1806 per
1687 1762 1812 1792 totum

319 1814 461 1850 librum
474 1814 596 1861 obvia,
619 1820 661 1850 ut
682 1812 730 1850 de
753 1814 851 1850 vitae
876 1811 1068 1848 humanae
1090 1812 1308 1849 conditione
1330 1825 1534 1864 rerumque
1555 1810 1812 1848 humanarum

319 1883 454 1917 cursu,
496 1869 663 1907 hominis
693 1877 748 1906 est
779 1870 916 1906 multas
938 1870 1083 1920 experti
1104 1871 1300 1921 variasque
1322 1870 1422 1906 res.“
1481 1871 1525 1906 Iu
1547 1870 1707 1906 Graecia
1726 1882 1808 1906 ma-

319 1940 397 1978 gna
421 1926 662 1964 Herodotum
682 1925 854 1965 historias
874 1940 959 1964 suas
979 1918 1181 1965 absolvisse
1210 1927 1373 1978 probant
1402 1927 1528 1975 etiam,
1559 1940 1657 1980 quae
1678 1925 1728 1964 ad
1745 1927 1809 1976 IV,

409 2119 445 2163 ⁴2)
471 2118 526 2152 cf.
552 2118 668 2163 Heyse
690 2118 713 2152 1.
738 2118 760 2152 1.
786 2130 819 2164 p.
845 2119 901 2153 71.

409 2187 471 2232 **)
498 2188 557 2221 Sic
581 2187 632 2221 uti
656 2188 720 2220 hoc
743 2189 833 2228 utar,
856 2185 891 2219 in
914 2185 1014 2219 Italia
1038 2185 1145 2219 literis
1169 2186 1328 2220 mandata
1359 2197 1434 2219 esse
1457 2188 1620 2230 apparet,
1646 2197 1734 2230 quae
1759 2185 1810 2218 le-

316 2238 442 2276 guntur
478 2235 537 2276 IV,
568 2235 614 2268 46
652 2234 728 2268 coll.
755 2235 796 2268 15
820 2239 890 2266 not.
915 2232 976 2274 IV,
1000 2232 1054 2265 99.
1081 2232 1124 2274 V,
1148 2232 1193 2266 44
1216 2238 1301 2266 nott.
1354 2233 1451 2265 Conf.
1488 2232 1635 2277 Kri'iger.
1660 2233 1712 2266 De
1737 2231 1806 2267 vit.

315 2280 472 2323 Thucyd.
496 2292 528 2325 p.
554 2280 611 2315 25.

408 2349 488 2390 ἕω)
527 2348 604 2382 Vid.
639 2351 723 2382 nott.
759 2347 802 2380 ad
836 2346 866 2387 1,
890 2347 968 2380 206.
994 2345 1074 2387 VII,
1102 2346 1169 2380 213
1203 2345 1277 2378 coll.
1311 2346 1408 2388 VIII,
1434 2345 1510 2381 102.
1536 2347 1613 2381 132.
1639 2345 1703 2389 IX,
1730 2346 1805 2379 122.

318 2395 417 2429 cons.
442 2395 642 2428 Dablmann.
667 2406 700 2439 p.
727 2393 781 2427 48.
803 2394 882 2427 217.
902 2392 1037 2436 Iaeger.
1062 2392 1085 2425 1.
1112 2392 1134 2426 Ι,
1162 2404 1196 2436 p.
1225 2392 1278 2425 13.

407 2464 448 2507 †)
476 2463 564 2496 Hine
588 2467 708 2507 sponte
727 2461 929 2502 concidunt,
952 2473 1038 2505 quae
1063 2461 1139 2493 olim
1163 2460 1345 2494 tradebant
1368 2461 1410 2494 de
1434 2460 1620 2501 Herodoto,
1638 2459 1807 2505 quiprae-

314 2513 368 2543 ter
388 2509 493 2542 libros
520 2510 692 2543 Musarum
716 2508 824 2542 titulis
845 2507 1024 2551 insignitos
1048 2507 1214 2548 hodieque
1237 2508 1438 2551 superstites
1471 2508 1555 2541 alios
1578 2518 1713 2553 quoque
1748 2518 1807 2538 re-

314 2567 388 2588 rum
412 2557 674 2600 Assyriucarum
699 2558 758 2588 aut
775 2555 981 2598 Libycarum
1020 2554 1132 2597 (conf.
1157 2553 1201 2595 ll,
1231 2554 1291 2587 161
1313 2554 1431 2598 ibique
1454 2555 1566 2598 nott.)
1595 2554 1701 2587 libros
1726 2564 1807 2585 con-

313 2601 509 2646 scripserit,
535 2614 602 2647 qua
625 2601 668 2634 de
692 2613 729 2634 re
753 2601 830 2634 olim
854 2605 1023 2633 tractarat
1049 2600 1250 2642 Wosseling.
1275 2600 1307 2633 in
1333 2601 1476 2633 Dis-sert.
1502 2599 1630 2633 Herod.
1655 2599 1673 2631 I
1698 2604 1732 2631 et
1758 2598 1804 2631 11.

314 2648 468 2690 Accedit,
492 2648 580 2693 quod
606 2647 773 2681 Herodoti
798 2658 915 2679 nomen
940 2657 959 2678 a
984 2645 1131 2679 librariis
1156 2645 1243 2678 haud
1268 2658 1345 2680 raro
1371 2658 1443 2680 cum
1455 2645 1638 2688 Herodoti,
1663 2644 1805 2678 aliorum

316 2695 504 2728 nominibus
529 2694 692 2728 similibus
718 2705 822 2739 prave
847 2692 1114 2726 confundebatur
1138 2692 1201 2734 (cs.
1229 2694 1259 2732 §-
1289 2695 1326 2733 1)
1352 2705 1414 2726 nec
1437 2705 1514 2726 raro
1538 2692 1613 2725 inde
1638 2689 1805 2724 Herodoti

313 2740 375 2771 sub
401 2741 532 2774 nomine
554 2740 786 2774 afferebantur
813 2739 1027 2778 sententiae,
1059 2749 1160 2771 voces
1183 2738 1214 2770 in
1241 2739 1405 2773 Herodoti
1437 2738 1547 2773 Musis
1577 2737 1711 2770 minime
1743 2738 1803 2770 ob-

313 2783 413 2825 viae,
446 2798 530 2830 quas
562 2798 605 2820 ex
640 2786 714 2819 aliis
744 2784 909 2819 Herodoti
935 2783 1070 2828 scriptis
1095 2784 1313 2830 depromptas
1348 2796 1424 2819 esse
1452 2784 1686 2830 opinabantur.
1734 2782 1804 2817 Sed

313 2830 452 2865 meliora
475 2832 541 2866 iam
568 2832 685 2866 docuit
708 2832 794 2866 idem
818 2830 1022 2874 Wesseling.
1049 2829 1138 2864 Diss.
1163 2831 1289 2865 Herod.
1314 2831 1379 2865 III.
