1839 3292
523 209 979 245 CALLIOPE.
1038 211 1114 246 IX.
1358 217 1443 258 293

180 318 244 369 δὲ,
274 316 409 373 ἀρχήν
437 333 481 361 τε
520 316 695 373 οὐδαμὰ
735 317 900 361 δοκέων
925 317 1186 373 Παυσανίην
1204 318 1441 375 «τολμήσειν
1453 329 1498 363 90

179 385 316 442 σφέας
345 385 593 438 ἀπολιπεῖν,
623 386 857 439 περιείχετο
889 383 1030 428 αὐτοῦ
1055 385 1265 439 μένοντας
1288 386 1346 442 μή
1377 386 1440 430 ἐκ·

175 457 316 497 λιπεῖν
344 451 423 507 τὴν
450 455 590 504 τάξιν·
616 450 935 506 προτερεόντων
959 453 1004 495 δὲ
1033 456 1122 496 τῶν
1151 453 1234 496 σὺν
1264 457 1439 498 Παυσα-

174 521 270 577 νίῃ,
301 519 540 572 καταδόξας
559 517 720 569 αὐτούς
749 519 864 573 ἰθείῃ
884 518 1008 575 τέχνῃ
1036 519 1263 564 ἀπολιπεῖν
1280 519 1429 572 αὐτόν,

175 586 449 644 ἀναλαβόντα
477 586 552 630 τὸν
581 585 711 641 λόχον
739 585 789 628 vo}
820 584 933 629 ὅπλα
962 582 1037 641 ἦγε
1069 587 1212 643 βάδην
1247 586 1356 641 πρὸς
1385 587 1433 631 τὸ

144 654 278 698 emto
308 660 473 710 στῖφος.

174 721 353 779 α’νέμενε
377 722 454 766 τὸν
470 719 798 779 Ἀμομφαρέτου
826 719 979 776 λόχον,
1006 721 1101 776 περὶ
1120 721 1316 778 ποταμὸν
1338 726 1431 766 Μο-

115 926 219 980 quod
245 926 448 978 respondet
475 929 699 976 praegressis
731 927 772 968 οἱ

113 982 203 1035 μὲν
223 1007 275 1012 -
309 980 556 1033 οἷντείχοντος
588 984 639 1019 ita
661 992 701 1021 ut
721 983 768 1021 de

112 1048 257 1078 mutata
277 1041 452 1077 orationis
463 1046 660 1090 structura,
678 1054 768 1092 qua-

111 1098 189 1134 lem
233 1105 396 1134 statuere
443 1094 593 1132 videtur
633 1097 768 1134 Matth.

112 1155 178 1191 Gr.
199 1155 264 1192 Gr.
287 1155 322 1199 ξ.
345 1155 446 1199 631,
482 1150 507 1190 4
536 1165 624 1202 pag.
651 1156 767 1200 1300,

109 1212 176 1248 vix
195 1211 351 1261 cogitari
370 1209 496 1259 possit.
522 1208 584 1245 Ad
604 1209 768 1246 sormam

110 1267 236 1303 aoristi
266 1267 492 1317 asperiorem
519 1265 767 1315 τραφθέντες

114 1324 276 1360 conferri
298 1324 431 1360 volunt
459 1321 632 1360 Eustath.
657 1322 704 1359 ad
723 1323 766 1360 11.

112 1392 199 1431 pag.
221 1379 324 1428 519,
345 1377 394 1418 41
418 1391 446 1414 s.
468 1378 567 1425 393,
590 1381 658 1419 29.

40 1444 46 1453 ¹
320 1468 412 1518 Cap.
431 1467 547 1504 LVII.

107 1554 116 1562 ‘⁶
165 1542 289 1598 ἀρχήν
325 1561 365 1586 τε
394 1541 548 1597 ου’δαμα
584 1543 758 1598 δοκέων]

107 1605 318 1641 particulae
333 1618 373 1642 τε
391 1603 505 1655 paulo
523 1602 677 1639 inferius
697 1616 761 1638 re-

106 1659 267 1712 spondet
276 1657 347 1699 622·
337 1673 376 1696 m
388 1660 518 1697 verbis
526 1654 760 1710 προτερεόν-

105 1732 185 1756 των
225 1715 279 1756 δέ.
335 1717 485 1753 Monuit
522 1714 758 1755 Mattl1.G1-.

107 1775 172 1812 Gr.
200 1774 237 1819 ᾧ.
256 1775 335 1813 626
356 1786 444 1824 pag.
471 1775 592 1813 1276.

160 1829 370 1882 περιείχετο
387 1845 423 1867 κ.
438 1844 472 1868 τ.
492 1829 544 1877 NJ
563 1826 759 1880 Schweig-

106 1884 276 1922 haeuser.
310 1886 349 1922 in
367 1888 463 1923 Lex.
483 1884 626 1922 Hexod.
660 1886 758 1922 bene

106 1943 157 1980 sic
188 1943 388 1993 explicuit:
425 1942 635 1993 περιείχετο
662 1938 757 1981 τού·

106 2014 174 2038 του
197 1995 296 2038 ω’στε
332 1994 457 2038 αὐτοῦ
483 1996 670 2049 μένοντας
700 2014 753 2050 μη

104 2054 301 2095 ἕκλιπεῖνὲ
340 2056 378 2092 id
415 2054 683 2105 amplectebatur
723 2068 763 2096 s..-

103 2112 142 2150 id
161 2111 398 2158 contendebat,
430 2114 471 2148 ut
500 2111 552 2148 zbi
581 2115 755 2148 manentes

104 2181 144 2206 ne
168 2168 357 2205 desererent
383 2170 501 2207 aciem.
559 2168 621 2203 Tu
653 2168 753 2205 conf.

103 2226 207 2273 Vm,
234 2227 287 2266 60
309 2226 345 2270 §.
371 2228 411 2265 2.
465 2224 633 2261 Verbum
654 2239 756 2276 προ-

105 2284 227 2331 τερεῖν
246 2288 300 2317 est
322 2283 479 2331 praeire,
510 2285 589 2318 ante
609 2281 698 2318 alios
723 2295 752 2320 s,

106 2337 234 2374 relictis
262 2338 346 2375 aliis
370 2337 547 2388 progredi.
596 2338 653 2376 Cf.
684 2339 751 2385 IX,

157 2444 388 2497 καταδόξας]
408 2451 452 2485 In
473 2462 548 2486 uno
571 2449 655 2486 cod.
674 2450 753 2486 Pa-

107 2504 220 2540 risino
230 2512 346 2541 exstat
365 2501 489 2557 κάρτα
504 2504 618 2552 δόξας
636 2505 752 2558 idque

105 2567 289 2610 praestare
311 2562 507 2598 arbitratur
525 2564 688 2612 Hoeger.
710 2564 751 2599 in

103 2618 205 2653 Actt.
243 2615 349 2666 phill.
386 2619 557 2655 Monacc.
596 2621 674 2667 ΠΙ,
723 2617 749 2658 4

102 2685 190 2723 pag.
211 2671 306 2713 486.
361 2673 425 2709 Tu
452 2673 526 2711 vid.
548 2675 689 2713 Herod.
716 2677 748 2724 Ι,

103 2730 169 2769 59.
199 2750 243 2755 -
288 2728 459 2779 Sequens
488 2729 595 2785 ἰθείη
633 2731 746 2785 τέχνῃ

103 2785 186 2830 (ubi
203 2785 302 2822 male
323 2785 511 2823 Sancrolti
541 2788 633 2825 liber
652 2792 701 2828 θε
686 2789 746 2842 ε’ίῃ

825 940 892 977 pro
931 926 1058 983 ἰθειῃ)
1098 929 1196 965 bene
1236 929 1481 979 Hoogeveen.

824 983 872 1020 ad
885 985 965 1035 vig
945 997 1019 1023 ⁰.er
1045 998 1134 1035 pag.
1165 982 1243 1025 146
1266 998 1480 1036 exponens:

825 1045 918 1077 recta
935 1045 1013 1078 arte
1036 1041 1075 1078 id
1095 1048 1150 1078 est
1164 1054 1232 1078 non
1250 1042 1481 1079 dasszmulan-

823 1100 877 1134 ter
896 1101 928 1133 et
943 1098 1084 1146 palam,
1125 1099 1253 1134 locum
1274 1099 1325 1135 ita
1345 1100 1480 1135 Latine

825 1155 1028 1204 expressit:
1051 1158 1152 1191 ratus
1172 1168 1206 1191 se
1223 1155 1345 1204 palam
1367 1156 1411 1192 ab
1429 1155 1480 1192 il-

823 1210 869 1247 lis
903 1210 1031 1255 deseri,-
1079 1224 1150 1247 nec
1189 1211 1297 1247 aliter
1339 1213 1477 1249 Portus

822 1266 958 1316 ίθείην
1012 1265 1152 1317 τέχνην
1214 1268 1478 1317 interpretatus

821 1329 900 1359 erat
929 1325 1058 1359 rectam
1091 1327 1220 1371 artem,
1261 1328 1418 1373 apertam
1443 1328 1476 1361 et

821 1391 892 1428 qua
916 1381 993 1428 quis
1019 1381 1091 1415 sine
1118 1380 1326 1428 ambagibus
1347 1383 1475 1428 utitur,

816 1435 1000 1485 probante
1055 1447 1209 1486 quoque
1257 1434 1476 1486 Schweigh.

818 1491 885 1542 qui
924 1491 1069 1528 confert
1106 1492 1162 1539 11,
1206 1493 1279 1530 161
1308 1492 1375 1530 fin.
1406 1494 1471 1540 111,

820 1549 911 1587 127.
965 1549 1041 1596 IX,
1091 1550 1165 1596 37,
1210 1547 1277 1584 ubi
1324 1547 1366 1589 ἐκ
1402 1551 1473 1600 τῆς

816 1602 960 1652 ἰθείης.

871 1655 1022 1710 βάδην]
1042 1659 1068 1700 i.
1091 1671 1123 1696 e.
1150 1659 1369 1709 pedetentim.
1416 1661 1471 1698 Il-

813 1716 947 1754 lustrat
982 1715 1199 1753 Blomfield.
1228 1717 1269 1753 in
1305 1718 1469 1755 Glossar.

814 1771 864 1809 ad
883 1771 1061 1823 Aeschyl.
1083 1774 1189 1809 Pers.
1221 1776 1286 1814 19.
1328 1777 1470 1823 στῖφος

812 1831 947 1866 Noster
986 1842 1145 1865 manum
1183 1827 1273 1866 dicit
1317 1831 1467 1868 militum

812 1886 933 1923 ordine
973 1887 1233 1936 pugnantium,
1278 1887 1466 1938 quemad-

809 1941 970 1979 modum
981 1941 1157 1994 Aeschyl.
1168 1943 1271 1980 Pers.
1289 1946 1355 1984 20.
1369 1946 1464 1993 372,

809 1999 876 2035 ubi
894 1997 1101 2035 Herodotei
1123 1999 1198 2035 loci
1225 2011 1304 2036 non
1322 2000 1463 2036 imme-

807 2068 894 2092 mor
912 2055 983 2092 fuit
1001 2054 1218 2092 Blomfield.

865 2107 1046 2151 οἷπελθὸν
1064 2107 1159 2150 ὅσον
1179 2126 1218 2150 τε
1248 2108 1341 2149 δέκα
1367 2107 1461 2150 στά-

809 2168 890 2218 δια]
921 2167 1112 2216 „Adverte
1141 2168 1252 2204 decem
1283 2168 1352 2204 ista
1382 2175 1460 2204 sta-

807 2223 889 2273 dia,
933 2237 1031 2276 quae
1079 2225 1189 2274 culpa
1224 2224 1463 2261 librariorum

807 2282 874 2318 ubi
903 2282 1097 2327 vacarint,
1152 2279 1460 2329 Lacedaemonii,

808 2344 975 2388 oportet,
1015 2338 1164 2375 viarum
1221 2336 1462 2387 compendia,

807 2395 997 2431 montium
1018 2400 1054 2430 et
1074 2394 1259 2431 clivorum
1271 2394 1460 2431 anfractus

806 2451 983 2500 ingressi,
1024 2451 1283 2500 neglexerint:
1315 2449 1363 2486 ad
1395 2451 1459 2486 in-

807 2509 930 2544 sulam
963 2507 1090 2553 enim,
1129 2508 1297 2553 Oeroen,
1335 2519 1459 2557 quor-

807 2577 892 2600 sum
915 2564 986 2599 iter
1016 2562 1295 2608 destinabatur,
1325 2561 1460 2599 decem

806 2618 990 2656 duntaxat
1007 2618 1142 2667 stadia,
1164 2632 1198 2657 0.
1215 2618 1310 2658 50.“
1346 2618 1389 2655 W
1396 2633 1458 2657 es—

803 2676 973 2724 seling.

860 2730 950 2783 περὶ
991 2725 1170 2779 ποταμδν
1206 2725 1456 2779 Μολόεντα]

804 2788 902 2830 Gaii.
929 2789 982 2825 Le
1000 2784 1183 2838 philolog.
1200 2787 1230 2825 V
1262 2799 1351 2839 pag.
1375 2789 1455 2828 293

1488 530 1568 569 719

531 653 580 697 τό
613 655 680 705 δὲ,
718 650 911 695 ἀπελθόν
930 651 1038 696 ὅσον
1064 670 1108 696 τε
1139 654 1242 697 δέκα
1272 654 1488 703 σταδια,95
