1839 3292
249 448 349 495 115

78 517 184 548 Xerxfs
201 523 266 543 cum
289 523 357 543 cae-

76 556 143 581 tero
160 549 361 579 exercituum·

223 583 342 610 nenes-

264 616 360 643 Maxi-

78 593 184 614 versun

79 623 210 656 pontum.

79 661 127 681 ma
137 652 242 680 harum
261 650 359 684 copia-

81 695 145 715 rum
175 693 245 721 pars
280 686 359 709 inune

80 720 248 754 morbisque
273 717 323 743 ab-

81 757 188 781 sumta.

82 787 146 815 lovi
181 793 267 812 sacer
299 784 341 818 Π,

81 821 143 855 4o.]
163 818 360 847 a'rhracibus

84 857 250 889 surreptus.

244 750 358 777 Currus

408 212 492 254 162

809 206 1274 246 HERODOTI

409 321 512 373 „56⁵
554 321 676 370 δίκας
715 316 845 362 δώσει
888 314 1094 365 τοιαύτας
1121 316 1216 364 οἵας
1245 313 1449 357 ἐκείνοισι
1476 310 1675 366 πρέπει.“

402 388 454 434 Ὅ
484 389 562 446 μὲν
592 387 656 441 δὴ,
688 385 918 438 δεξάμενος
947 382 994 426 τὸ
1025 380 1160 436 ῥηθὲν
1192 379 1502 425 ἀπαλλάσσετο.
1684 385 1731 420 60

529 456 688 508 Ξέρξης
718 452 789 501 δὲ,
817 449 1079 504 Maodo'mov
1108 448 1154 491 ἐν
1177 450 1389 511 Θεσσαλίῃ
1412 449 1675 503 καταλιπών,

417 522 547 573 αὐτὸς
585 518 813 574 ἐπορεύετο
854 519 963 562 κατὰ
992 517 1120 573 τοῖχος
1149 517 1190 566 ές
1227 515 1305 559 τόν
1336 515 1676 572 Ἑλλήσποντον·

416 593 489 637 καὶ
519 589 765 634 ἀπικνέεται
793 588 836 639 ἐς
864 588 940 630 τὸν
970 586 1111 638 πόρον
1141 589 1215 639 τῆς
1247 582 1474 639 διαβάσιος
1503 584 1550 627 έν
1577 586 1679 628 πέν-

416 677 461 704 τε
490 660 562 703 καὶ
589 656 903 710 τεσσεράκοντα
934 653 1130 710 ἡμέρῃσι,
1162 651 1341 707 ἀπάγων
1377 655 1452 707 τῆς
1484 655 1734 707 στρατιῆς65

391 727 555 772 Ξούδὲν
585 727 725 782 μέρος,
757 723 816 774 ὥς
845 726 992 766 εἰπεῖν.

1054 721 1161 763 ὅκου
1196 721 1241 763 δὲ
1281 718 1577 774 πορευόμενοι
1605 735 1681 774 γι·-

419 797 592 846 νοίατο,
624 794 696 836 καὶ
726 791 818 834 κατ’
854 791 932 842 οὕς
953 806 1074 839 τινας
1096 786 1374 842 ἀνθρώπους,
1404 786 1482 830 τὸν
1512 786 1681 830 τούτων

388 869 410 904 3
423 863 595 915 καρπὸν
633 858 895 914 ἁρπάζοντες
927 857 1155 900 ἐσιτέοντο.

1215 856 1250 898 εἰ
1281 856 1326 898 δὲ
1356 854 1527 910 καρπὸν
1555 854 1682 910 μηδὲ.

416 947 474 974 να
504 928 696 982 εὕροιεν,
745 929 788 969 οἱ
827 926 871 969 δὲ
901 925 980 981 τὴν
1009 927 1140 979 ποίην
1166 925 1248 981 τὴν
1279 925 1325 968 ἐκ
1361 929 1436 980 τῆς
1464 927 1542 979 γῆς
1571 920 1683 965 ἀνα-

417 995 666 1052 φυομένην,
710 995 782 1038 καὶ
819 999 907 1036 τῶν
948 993 1165 1045 δενδρέων
1205 993 1281 1036 τὸν
1321 992 1480 1048 φλοιὸν
1518 989 1685 1045 περιλέ-

417 1079 590 1113 ποντες,
639 1062 711 1111 καὶ
752 1060 804 1103 τὰ
846 1059 991 1113 φύλλα
1037 1061 1382 1113 καταδρέποντες
1429 1059 1741 1115 κατήσθιον,70

433 1130 594 1186 ὁμοίως
624 1133 712 1172 τῶν
748 1128 795 1171 δὲ
831 1126 1006 1183 ἡμέρων
1035 1128 1109 1171 καὶ
1144 1132 1231 1170 τῶν
1271 1127 1452 1183 οἷγρίων,
1480 1127 1555 1171 καὶ
1582 1126 1686 1170 ἔλει-

571 1370 664 1420 Cap.
695 1365 813 1404 CXV.

425 1446 479 1494 ὥς
498 1448 642 1496 εἰπεῖν]
668 1448 691 1485 ἰ.
714 1460 745 1483 e.
767 1449 808 1482 ut
824 1445 878 1482 ita
901 1445 1029 1482 dicam.

370 1505 496 1545 εἰπεῖν
519 1504 631 1541 codd.
674 1503 889 1539 iubentibus
916 1514 1029 1537 revo-

370 1562 452 1598 cavi
492 1574 560 1611 pro
611 1556 729 1600 εἷποιι.
779 1558 889 1595 Cous.
931 1564 1027 1595 nott.

372 1617 420 1654 ad
441 1617 537 1665 vlu,
561 1617 624 1657 65.
659 1618 715 1652 De
737 1617 815 1665 ipsa
836 1616 1028 1650 locutione

373 1674 475 1711 conf.
496 1676 544 1720 11,
568 1672 728 1713 53.13—'}
749 1679 784 1708 et
806 1684 901 1722 quae
922 1672 1031 1721 plura

371 1732 510 1767 excitat
541 1728 755 1766 Blomfield.
788 1730 951 1765 Glossar.
983 1726 1031 1763 ad

371 1786 552 1838 Aeschyl.
587 1787 691 1822 Pers.
707 1788 801 1825 720.
840 1783 1033 1820 ludicatur

375 1850 501 1880 autem
524 1842 593 1879 hac
613 1843 776 1878 formula
797 1844 948 1889 exignus
963 1843 1033 1877 mi-

376 1900 478 1937 litum
513 1912 695 1944 numerus,
740 1911 855 1950 quem
885 1899 1034 1933 salvum

376 1969 425 1992 ex
462 1957 622 1992 immani
674 1956 738 1991 illa
788 1953 1033 1990 multitudine

376 2013 485 2061 (Vll,
533 2014 626 2057 188)
656 2013 695 2047 ἰιι
728 2012 858 2047 Asiam
887 2012 1035 2048 Xerxes

377 2068 585 2106 reduxerit.

435 2124 476 2164 οἷ
500 2123 552 2163 δὲ
581 2122 655 2171 τὴν
689 2124 810 2172 ποίην
843 2121 916 2174 τήν
943 2139 980 2163 κ.
1002 2139 1036 2163 τ.

377 2182 432 2230 λ.]
462 2183 519 2218 De
539 2181 722 2232 particula
743 2178 785 2218 δὲ
813 2182 852 2216 in
881 2181 1037 2232 apodosi

378 2238 510 2274 iterat&
539 2236 615 2276 vid.
649 2235 784 2274 matth.
807 2239 871 2276 Gr.
895 2240 961 2274 Gr.
998 2239 1035 2283 ξ.

381 2296 462 2335 616
484 2306 569 2344 pag.
600 2293 707 2334 1247
741 2301 776 2330 et
797 2295 965 2331 Werfer.
999 2296 1037 2330 in

379 2351 482 2388 Actt.
503 2349 610 2401 phill.
629 2351 802 2386 Monacc.
823 2352 839 2386 1
861 2364 947 2401 pag.
972 2350 1038 2390 94.

384 2406 526 2444 Herod.
566 2407 610 2454 Ι,
660 2409 728 2446 66.
768 2428 824 2434 --
872 2408 1040 2443 verbum

384 2463 658 2512 περιλέποντες
687 2461 796 2499 affert
826 2463 962 2501 suidas
989 2465 1042 2500 ΙΙΙ

384 2532 472 2569 pag.
495 2521 561 2567 96,
582 2519 649 2571 qui
669 2517 773 2555 idem
793 2519 1041 2572 3.ν.Δρέπου

383 2577 401 2610 Ι
421 2589 458 2625 p.
482 2578 562 2616 628
579 2575 808 2613 conferatur.

440 2634 519 2670 τῶν
559 2630 602 2671 δὲ
645 2630 806 2683 ἡμέρων
852 2631 919 2672 καὶ
962 2634 1043 2672 τῶν

388 2681 557 2737 οἷγρίων]
590 2689 669 2725 scil.
694 2688 901 2741 δενδρέων.
932 2688 1043 2735 Quod

386 2745 556 2794 sequitur
601 2741 681 2783 ὑπὸ
729 2747 871 2797 λιμοῦ,
920 2747 1040 2784 valet:

381 2811 469 2849 prae
506 2799 627 2849 fame,
657 2800 757 2850 same
804 2804 932 2841 coacti.
984 2804 1041 2840 Ac

1085 1334 1226 1370 multos
1265 1333 1398 1369 Persas
1446 1338 1617 1369 mortuos
1664 1342 1744 1367 esse

1087 1390 1188 1444 δίψῃ
1209 1404 1248 1428 τε
1275 1391 1377 1441 λιμῷ
1402 1403 1440 1427 τε
1471 1389 1572 1426 canit
1591 1399 1745 1440 quoque

1085 1445 1296 1497 Aeschylus
1335 1448 1438 1484 Pers.
1504 1444 1586 1486 490
1633 1443 1746 1493 (496

1085 1502 1260 1553 Blomfi),
1293 1504 1398 1539 cuius
1420 1502 1543 1538 omnis
1563 1499 1639 1538 huc
1658 1512 1747 1550 spe-

1087 1567 1162 1596 ctat
1193 1560 1356 1595 narratio
1380 1558 1469 1594 iude
1506 1571 1526 1594 a
1547 1570 1644 1594 vers.
1664 1556 1748 1596 482

1087 1615 1186 1663 (488
1208 1617 1286 1665 Bl.)
1300 1645 1309 1663 ,
1331 1616 1518 1665 tragicum
1536 1615 1575 1650 in
1598 1624 1749 1650 morem

1088 1679 1282 1709 exornata.
1298 1672 1445 1708 Eodem
1457 1677 1601 1722 spectat
1613 1671 1748 1706 Tzetz.

1090 1727 1187 1766 Chil.
1208 1731 1246 1775 Ι,
1291 1730 1371 1770 995
1395 1730 1540 1775 Persas,
1563 1728 1630 1778 qui
1659 1737 1749 1763 cum

1090 1799 1179 1835 rege
1237 1787 1455 1822 secesserint
1478 1814 1487 1833 ,
1549 1785 1750 1834 plerosque

1089 1855 1244 1879 narrans
1266 1843 1399 1879 obiisse
1431 1842 1591 1894 κρυμῷ,
1633 1840 1751 1890 λιμῷ,

1090 1897 1232 1953 πορείᾳ
1261 1900 1365 1943 sive,
1395 1906 1436 1935 ut
1467 1898 1617 1935 Orosius
1636 1894 1752 1933 habet

1091 1957 1147 2002 ll,
1174 1959 1223 1995 10
1251 1969 1288 2005 p.
1314 1955 1406 2003 114,
1437 1955 1565 2001 labore,
1587 1953 1688 2004 fame
1708 1964 1752 1989 ac

1092 2016 1184 2049 metu
1209 2012 1462 2049 distabuerunt.
1511 2010 1666 2048 Addam
1685 2011 1752 2046 Iu-

1092 2070 1180 2106 stiui
1204 2069 1333 2105 locum
1351 2070 1410 2116 11,
1449 2071 1499 2108 13
1531 2069 1569 2113 ξ.
1599 2070 1663 2107 11.
1689 2068 1752 2113 12,

1094 2126 1160 2175 qui
1179 2126 1317 2161 Xerxis
1342 2125 1436 2162 tristi
1456 2123 1580 2161 reditu
1599 2123 1754 2173 exposi-

1092 2189 1131 2218 to
1153 2180 1246 2217 haec
1261 2183 1434 2218 subiicit:
1456 2182 1561 2228 „Nec
1572 2179 1754 2230 pedestri-

1094 2239 1164 2274 bus
1194 2239 1332 2288 copiis,
1365 2250 1457 2289 quas
1487 2236 1645 2273 ducibus
1684 2234 1755 2272 ad-

1095 2296 1331 2344 signaverat,
1367 2294 1510 2331 felicius
1550 2294 1621 2330 iter
1659 2292 1752 2329 fuit:

1094 2352 1126 2388 si
1164 2350 1322 2402 quiclem
1364 2350 1586 2402 quotidiano
1634 2349 1755 2386 labori

1097 2407 1243 2459 (neque
1264 2409 1367 2444 enim
1387 2408 1463 2444 ulla
1493 2413 1547 2444 est
1575 2413 1755 2443 metuen-

1097 2465 1195 2500 tibus
1216 2464 1339 2516 quies)
1361 2465 1474 2501 etiam
1487 2465 1606 2500 fames
1626 2475 1755 2500 acces-

1098 2528 1208 2557 serat.
1264 2522 1475 2558 Multorum
1505 2519 1644 2557 deinde
1673 2518 1757 2556 die-

1100 2590 1186 2613 rum
1205 2578 1333 2628 iuopia
1365 2584 1604 2615 contraxerat
1622 2583 1660 2613 et
1685 2588 1758 2627 pe-

1098 2640 1216 2680 stem,
1257 2641 1436 2686 tantaque
1474 2633 1633 2671 foeditas
1672 2645 1758 2669 mo·

1098 2691 1277 2727 rientium
1297 2691 1389 2739 fuit,
1420 2698 1463 2728 ut
1482 2691 1565 2728 viae
1593 2688 1759 2727 cadave-

1100 2748 1200 2784 ribus
1258 2749 1527 2799 implerentur,
1575 2747 1758 2797 alitesque

1100 2811 1137 2840 et
1163 2804 1305 2842 bestiae
1333 2818 1440 2843 escae
1467 2804 1651 2842 illecebris
1678 2802 1754 2840 sol-
