1839 3292
57 525 122 570 87

541 204 888 241 URANIA.
945 203 1075 239 VIII.

1366 208 1446 245 119

188 320 279 374 κρῷ
307 313 528 369 ἀμείνονες
558 309 683 354 αὐτοὶ
712 311 896 362 ἑωυτῶν,
927 309 956 367 ἢ
985 309 1096 365 πρὸς
1125 308 1320 366 Εὐβοίῃ·
1362 315 1444 361 πᾶς

187 400 248 434 τις
283 376 660 434 προθυμεόμενος,
700 380 772 422 καὶ
803 381 1033 434 δειμαίνων
1070 378 1259 434 Ξέρξην·

185 466 228 494 τε
253 449 429 497 ἕκαστος
458 446 620 489 ἑωυτὸν
648 445 884 501 θεήσεσθαι
915 447 1102 502 βασιλέα.

295 513 417 558 Κατα
464 513 542 569 μὲν
582 513 635 568 δή
666 513 769 563 τούς
799 512 978 563 ἄλλους,
1011 514 1093 557 οὐκ
1123 515 1202 570 ἔχω
1232 513 1442 569 μετεξετέ-
1499 537 1624 563 mem,
1612 545 1675 564 ,ae
1692 538 1753 565 v„

184 601 290 638 ρους
321 584 453 626 εἰπεῖν
483 580 712 635 ἀτρεκέως,
741 598 800 631 ως
829 581 1003 624 ἕκαστοι
1032 586 1119 624 τῶν
1148 580 1383 637 βαρβάρων
1412 578 1440 635 ἢ
1496 573 1562 630 ξῖῗῃ
1574 571 1760 631 ὒέῑῧὶῗὲᾗζῗε

182 656 271 695 τῶν
297 648 516 704 Ἑλλήνων
538 647 817 704 ἠγωνίζοντο·
849 666 957 692 κατα
987 650 1032 693 δὲ
1057 649 1323 704 Ἀρτεμισίην
1341 646 1442 690 τάδε

155 718 366 773 2ἐγένετο,
398 715 468 760 ἄπ’
499 719 560 759 ὠν
590 714 842 771 ευδοκίμησε
870 720 1037 770 μᾶλλον
1074 718 1133 760 ἔτι
1170 715 1291 770 παρὰ
1323 718 1442 767 βασι-

183 785 258 829 λέϊ.
295 784 437 840 ἐπειδὴ
464 802 546 839 γαρ
577 784 618 835 ἐς
646 782 848 837 θόρυβον
875 783 1040 827 πολλὸν
1070 784 1246 827 απίκετο
1277 783 1330 825 τὰ
1361 785 1499 837 βα-Ίο

182 853 321 902 σιλέος
349 851 590 908 πρήγματα,
621 851 668 893 ἐν
687 850 826 908 τούτῳ
859 855 921 907 τῷ
942 855 1082 907 καιρῷ
1109 850 1137 908 ἡ
1157 854 1266 907 νηῦς
1294 849 1320 906 ἡ
1336 847 1441 903 Ἀρ-

152 921 373 975 3τεμισίης
411 917 610 961 ἐδιώκετο
649 917 736 962 υπὸ
776 918 882 974 νηὸς
917 918 1114 974 Ἀττικῆς.

1138 939 1142 940 ’
1172 919 1246 961 καὶ
1276 918 1325 973 ἣ,
1358 917 1438 960 οὐκ

179 987 335 1042 ἔχουσα
365 985 626 1041 διαφυγέειν,
657 986 874 1040 ἔμπροσθε
903 988 986 1042 γὰρ
1021 985 1154 1042 αὐτῆς
1169 981 1281 1041 ἦσαν
1313 985 1439 1029 ἄλλαι

178 1058 278 1109 νῆες
308 1055 471 1108 φίλιαι,
511 1052 538 1108 ἡ
569 1054 614 1096 δὲ
644 1052 776 1109 αὐτῆς
803 1054 911 1108 πρὸς
939 1059 1027 1098 τῶν
1055 1055 1274 1109 πολεμίων
1313 1052 1493 1109 μα’λι-75

181 1133 259 1164 στα
288 1120 489 1176 ἐτύγχανε
519 1121 670 1163 ἐοῦσα·
701 1121 817 1172 ἔδοξέ
852 1122 895 1163 οἱ
923 1121 1020 1165 τόδε
1049 1125 1250 1176 ποιῆσαι,
1278 1119 1326 1165 τό
1363 1121 1437 1164 καὶ

155 1188 412 1246 4συνήνεικε
441 1187 670 1245 ποιησάσῃ,
701 1191 943 1245 διωκομένη
980 1188 1063 1244 γὰρ
1090 1187 1178 1231 ὑπό
1210 1193 1285 1244 τῆς
1309 1186 1437 1231 ’Atu-

181 1260 273 1312 κῆς,
304 1256 498 1311 φέρουσα
528 1255 697 1311 ἐνέβαλε
725 1259 799 1312 νηῒ
828 1258 963 1312 φιλίῃ,
995 1254 1170 1310 ἀνδρῶν
1198 1271 1242 1298 τε
1263 1257 1436 1297 Καλυν-

182 1323 304 1375 δέων,
332 1324 405 1366 καὶ
436 1322 572 1367 αὐτοῦ
602 1324 876 1375 ἐπιπλέοντος
906 1328 986 1366 τοῦ
1015 1324 1282 1367 Καλυνδέων
1312 1326 1435 1377 βασι-

155 1390 284 1442 5λέος
311 1391 650 1445 Δαμασιθύμου.

709 1392 745 1433 εἰ
774 1391 852 1446 μὲν
880 1393 954 1433 καί
982 1408 1021 1433 τι
1051 1396 1193 1441 νεῖκος
1223 1388 1331 1444 πρὸς
1361 1388 1492 1432 avj-80

181 1457 258 1501 τὸν
285 1457 475 1514 ἐγεγόνεε
504 1459 566 1502 ἔτι
581 1459 679 1513 περὶ
695 1457 1012 1514 Ἑλλήσποντον
1042 1457 1228 1510 ἐόντων,
1259 1455 1314 1500 οὕ
1339 1457 1434 1512 μέν-

273 1709 365 1760 Cap.
385 1709 615 1746 LXXXVII.

177 1786 276 1829 κατοῖ
317 1786 359 1828 δὲ
397 1784 641 1839 Ἀρτεμισίην
681 1783 774 1826 τάδε

122 1844 290 1898 ἐγένετο]
322 1844 538 1893 „Callidum
551 1846 774 1881 Artemisiae

123 1908 396 1950 commentum,
430 1901 651 1952 indignante
681 1902 776 1937 Plu-

122 1957 251 1995 tarcho
272 1960 383 1994 nimis
394 1959 550 1995 verbose
568 1965 773 2005 narratum,

123 2014 315 2051 adnotavit
328 2016 439 2050 etiam
449 2016 661 2065 Polyaenus
674 2015 772 2062 VIII,

122 2071 189 2118 53,
225 2072 290 2109 1.“
347 2071 428 2107 Val
444 2071 563 2108 clcen.
620 2071 774 2107 Plutar-

121 2126 214 2164 chus
242 2126 428 2164 Thelnist.
457 2127 506 2167 14
527 2127 592 2164 fin.
622 2126 669 2163 de
697 2128 772 2163 Ar-

120 2185 279 2230 temisia,
309 2183 356 2220 de
384 2197 456 2235 qua
486 2183 563 2220 vid.
599 2190 694 2222 nott.
724 2182 772 2219 ad

120 2239 201 2286 VII,
223 2243 289 2280 99.
314 2241 413 2287 VIII,
436 2242 499 2286 68,
529 2241 692 2276 breviter
712 2242 772 2276 lo—

122 2297 260 2346 quitur.
288 2317 345 2324 -
401 2297 520 2333 Paulo
552 2304 639 2333 ante
659 2309 772 2333 revo—

122 2353 203 2388 cavi
224 2352 347 2391 εἰττεΐν
366 2366 433 2403 pro
455 2349 582 2402 εἴπαις
627 2352 674 2390 de
695 2366 771 2405 quo

123 2406 203 2444 dixi
220 2407 267 2444 ad
285 2410 382 2457 VIII,
405 2408 471 2449 65.

178 2494 244 2534 καὶ
271 2493 298 2546 ἢ
318 2494 393 2536 οὐκ
415 2497 553 2547 ἔχουσα
580 2496 770 2549 διαφυγέ-

124 2553 202 2599 ειν]
219 2552 401 2590 Orationis
420 2561 603 2591 structura
622 2555 770 2590 turbata

123 2608 172 2644 ob
201 2609 315 2644 verba
343 2623 410 2659 per
439 2612 662 2660 paxticulam
692 2625 767 2662 γαρ

121 2664 328 2707 interiecta.
383 2667 514 2717 Neque
535 2668 638 2702 enim
657 2680 768 2704 vnoces

118 2716 147 2769 ἢ
167 2715 242 2759 ου’ν,
270 2719 410 2770 ἔχουσα
438 2724 596 2759 verbum
630 2724 769 2772 excipit

118 2775 288 2825 finitum,
326 2775 392 2814 sed
411 2779 553 2816 mutata
584 2778 768 2816 structura

831 1684 1044 1728 sequnntur
1064 1675 1179 1713 verba
1201 1672 1309 1723 ἔδοξέ
1329 1672 1382 1713 οἵ.
1421 1674 1488 1711 Tu

831 1734 931 1770 conf.
951 1731 1086 1769 Matth.
1108 1734 1173 1771 Gr.
1191 1733 1256 1770 Gr.
1276 1743 1365 1782 pag.
1381 1733 1485 1772 1301

831 1798 867 1827 et
887 1797 981 1826 nott.
1003 1789 1050 1826 ad
1070 1790 1149 1837 Vll,
1178 1791 1270 1829 177.

887 1852 913 1907 ἦ
958 1855 1000 1896 δὲ
1033 1852 1159 1906 αὐτῆς
1187 1853 1281 1906 πρὸς
1308 1856 1389 1893 τῶν
1413 1868 1485 1893 πο-

831 1914 975 1963 λεμίων
1013 1910 1178 1963 μάλιστα
1223 1907 1406 1962 ἐτύγχανε
1445 1909 1486 1949 ἐ-

833 1969 951 2019 οῦσα]
984 1969 1009 2006 i.
1032 1983 1063 2005 e.
1085 1971 1197 2018 ipsius
1215 1971 1314 2004 navis
1334 1968 1486 2003 maxime

830 2027 880 2063 ad
900 2027 1009 2062 hostes
1029 2038 1189 2062 conversa
1201 2027 1276 2061 erat
1288 2037 1317 2060 s.
1327 2024 1485 2073 proxime

830 2083 877 2120 ad
895 2083 1006 2119 hostes
1028 2084 1229 2118 accesserat.
1263 2082 1362 2117 Nam
1372 2091 1485 2129 prae-

828 2140 964 2190 positio
993 2135 1093 2189 πρός
1120 2137 1181 2174 hic
1202 2150 1246 2173 eo
1275 2137 1355 2172 fere
1374 2147 1486 2172 sensu

829 2193 1013 2245 capienda
1050 2193 1222 2240 videtur,
1267 2205 1343 2243 quo
1384 2192 1484 2237 VIII,

829 2252 896 2292 85.
939 2253 989 2288 Et
1008 2251 1107 2288 conf.
1128 2249 1366 2301 potissimum
1385 2248 1485 2296 VIII,

828 2310 893 2348 20.

884 2382 1061 2436 φέρουσα
1081 2381 1239 2435 ἐνέβαλε
1258 2381 1330 2431 νηῒ
1348 2379 1482 2428 φιλίη]

827 2441 1021 2490 „Adiuvat
1040 2440 1102 2478 hio
1121 2437 1303 2477 incitandi
1332 2450 1374 2472 ac
1394 2448 1481 2486 pro·

825 2498 992 2549 pellendi
1024 2499 1103 2535 vim
1129 2495 1369 2547 participium
1408 2490 1482 2540 φέ-

827 2567 972 2605 ρουσα,
1021 2555 1109 2591 alibi
1139 2554 1329 2601 eleganter
1357 2549 1481 2584 abun-

827 2610 933 2647 dans.
990 2610 1173 2660 Egregie,
1202 2606 1260 2643 his
1297 2604 1481 2641 Herodoti

826 2680 904 2703 non
925 2639 1156 2716 posthoabitiffi
1176 2660 1481 2700 He1nste1husius

827 2722 875 2758 ad
904 2724 1061 2759 Lucian.
1094 2722 1191 2758 Dial.
1218 2721 1331 2756 Mort.
1364 2719 1415 2754 VI
1442 2731 1482 2767 p.

827 2777 908 2819 349
945 2780 1023 2827 (T.
1039 2780 1074 2815 II
1093 2791 1133 2829 p.
1155 2776 1233 2817 4523
1253 2788 1333 2827 seq.
1353 2774 1481 2825 Bip.).

1301 377 1445 421 ἐδόκεέ
1456 383 1499 419 65
