1839 3292
544 230 887 268 URANIA.
946 228 1072 265 V111.

1358 230 1440 270 127

188 355 266 388 στα
299 341 545 395 Αἰγινῆται·
588 337 658 381 ἐπὶ
688 337 747 388 δὲ,
775 335 1017 392 Ἀθηναῖοι·
1048 333 1225 389 ἀνδρῶν
1250 334 1323 385 δὲ,
1354 339 1442 379 Πο-

185 408 390 462 λύκριτός
426 422 470 449 τε
510 403 534 448 ὁ
565 405 819 461 Αἰγινήτης,
851 405 924 448 καὶ
959 403 1202 459 Ἀθηναῖοι,
1246 401 1498 458 Εὕμένης70

184 492 228 519 τε
258 474 281 519 ὁ
308 472 636 528 Ἀναγυράσιος,
666 473 739 515 καὶ
764 470 975 527 Ἀμεινίης
994 469 1262 526 Παλληνεύς·
1293 470 1340 522 ὃς
1369 472 1444 515 καὶ

154 541 448 597 2Ἀρτεμισίην
477 541 687 592 ἐπεδίωξε.
719 541 754 582 εἰ
783 539 863 594 μέν
891 555 975 581 νυν
1005 538 1136 592 ἔμαθε
1167 537 1233 581 ὅτι
1264 538 1311 589 ἐν
1338 539 1442 582 ταύ-

185 627 237 666 τῃ
273 608 402 651 πλώει
431 607 458 664 ἡ
484 607 738 662 Ἀρτεμισίη,
773 605 856 650 οὐκ
893 605 948 648 ἄν
979 604 1197 648 ἐπαύσατο
1228 606 1443 661 πρότερον

161 677 224 733 3ἢ
254 674 335 720 εἷλέ
364 692 448 732 μιν,
478 676 505 731 ἢ
535 676 609 719 καὶ
639 672 768 724 αὐτὸς
795 674 898 729 ἥλω.
938 677 1050 715 τοῖσι
1088 672 1172 727 γὰρ
1200 670 1443 729 Ἀθηναίων

185 744 481 800 τριηράρχοισι
509 733 904 796 τταρακεκέλευστο·
934 740 1046 794 πρὸς
1077 739 1136 793 δὲ,
1171 741 1243 783 καὶ
1281 740 1443 784 ἄεθλον

187 811 320 855 ἔκειτο
351 809 506 866 μύριαι
536 811 742 866 δραχμαὶ,
794 808 843 861 ὃς
873 809 926 853 ἄν
955 825 1030 865 μιν
1069 808 1182 866 ζωήν
1219 808 1308 866 ἕλῃ.
1360 811 1498 853 δει-75

127 1024 182 1054 tas
203 1012 363 1056 α’παίτεε
376 1012 424 1055 τοὶ
448 1011 633 1068 ἄριστήϊα
653 1017 724 1065 τῆς
740 1014 782 1054 ἐν

125 1076 324 1124 Σαλαμῖνι
335 1074 572 1124 ναυμαχίης,
595 1079 687 1108 teste
703 1074 784 1108 He-

125 1129 261 1167 rodoto
288 1131 386 1166 iufra
416 1143 446 1166 c.
478 1132 577 1174 122,
608 1129 673 1164 ubi
700 1142 783 1178 cap.

128 1188 206 1226 123
237 1187 471 1223 Graecorum
498 1185 685 1235 principes
707 1186 785 1221 Co-

126 1241 297 1278 rinthum
335 1244 502 1292 ablegat,
534 1242 610 1277 illic
637 1241 785 1277 iudica-

125 1305 228 1335 turos
251 1300 332 1350 quis
344 1312 440 1335 unus
455 1310 544 1349 prae
565 1299 695 1333 ceteris
711 1296 783 1334 hoc

127 1356 271 1404 proelio
292 1356 422 1392 fuisset
437 1354 783 1391 excellentissimus.

127 1412 171 1447 In
185 1410 258 1448 hoc
278 1413 452 1458 concilio,
466 1411 618 1461 publico
641 1409 784 1446 ducum

127 1467 265 1506 iudicio
296 1469 498 1518 Aeginetas
543 1467 647 1503 velut
689 1467 783 1502 istoc

125 1525 269 1573 proelio
299 1524 633 1574 praestantissimos
670 1523 783 1559 fuisse

126 1579 342 1627 declaratos,
365 1579 467 1632 quod
487 1592 677 1631 nusquam
708 1586 783 1616 tra-

124 1635 178 1672 dit
201 1636 423 1683 Herodotus,
451 1643 607 1673 testatur
625 1635 783 1673 Diodor.

125 1693 241 1732 Sicul.
264 1695 336 1741 XI,
368 1697 434 1733 27.
486 1693 664 1744 Κρίσεως
683 1708 783 1743 προ-

124 1750 307 1800 τεθείσης
337 1748 427 1801 περὶ
449 1752 528 1788 τῶν
560 1745 781 1799 α’ριστείων,

124 1803 250 1857 χάριτι
262 1802 560 1857 κατισχύσαντες
571 1805 784 1855 (Lacedae-

124 1863 267 1911 monii)
311 1863 503 1913 ἐποίησαν
567 1865 783 1914 κριθῆναι,

125 1914 245 1957 πόλιν
268 1917 313 1969 μὲ
298 1934 339 1957 cv
366 1915 592 1970 α’ριστεῦσαι
612 1934 683 1968 την
711 1919 783 1958 Αἰ-

125 1990 324 2025 μνητων,
356 1973 483 2026 α’νδρα
512 1975 550 2014 δὲ
579 1971 782 2041 Ἀμεινίαν

123 2028 362 2081 Ἀθηναῖονε
381 2031 427 2068 de
438 2032 590 2078 invidia,
606 2045 668 2083 qu
658 2032 678 2068 ἒι
692 2046 731 2068 er
733 2045 781 2082 ga

127 2086 377 2125 Athenienses
422 2088 545 2125 affecti
574 2089 712 2125 fuerint
746 2088 787 2127 οἱ

125 2139 258 2195 κύριοι
271 2147 341 2195 τῆς
354 2154 512 2194 ψηφου,
527 2146 659 2182 clarius
672 2147 785 2182 etiam

128 2201 296 2252 loquitur
315 2215 346 2237 c.
362 2202 427 2242 55.
468 2203 582 2238 Istam
605 2204 784 2238 Graeciae

127 2259 341 2308 principum
370 2257 552 2294 iuvidiam
583 2260 785 2295 verisimil-

128 2314 258 2349 limam
295 2321 531 2364 posterorum
569 2316 665 2352 forte
699 2329 786 2351 me-

130 2372 272 2406 moriae
292 2370 511 2407 subtrahere
543 2371 686 2408 studuit
704 2374 785 2408 He-

131 2425 308 2474 rodotus3
340 2429 403 2478 qui
432 2427 492 2464 hic
525 2442 573 2464 ex
592 2430 695 2478 vulgi
724 2430 786 2464 iu-

133 2481 229 2517 dicio
242 2485 379 2532 primas
399 2485 496 2520 inter
515 2486 678 2535 privatos
694 2499 785 2535 pro-

131 2545 357 2587 pugnatores
407 2539 527 2577 defert
574 2543 784 2591 Aeginetae

130 2595 321 2644 Polycrito
339 2623 350 2641 ‚
408 2604 444 2632 et
489 2596 784 2635 Atheniensibus

130 2651 295 2686 Eumeni
316 2658 426 2702 atque
442 2654 638 2702 Aminiae3
661 2669 680 2690 e
702 2656 784 2706 qui-

132 2707 200 2743 bus
229 2708 422 2743 Aminiam
441 2708 510 2747 hoc
530 2709 674 2747 honore
695 2712 784 2761 plu-

127 2775 186 2799 res
229 2762 457 2812 dignantur:
488 2766 564 2806 vid.
605 2769 782 2804 Perizon.

127 2820 165 2855 in
185 2821 336 2857 Aelian.
356 2821 403 2858 V.
420 2823 469 2860 H.
485 2823 529 2870 V,
562 2826 651 2865 19.“
682 2825 783 2862 Vat-

840 1015 888 1053 ck
904 1028 967 1054 en.
1019 1013 1204 1052 Eiusdem
1249 1015 1304 1052 rei
1346 1029 1499 1068 quoque

840 1072 1015 1109 meminit
1061 1072 1215 1109 Pindar.
1260 1071 1393 1110 Istlnn.
1435 1073 1500 1118 IV,

841 1130 889 1170 51
915 1129 1000 1165 coll.
1035 1127 1166 1166 Schol.
1196 1127 1244 1165 ad
1270 1130 1330 1176 V,
1361 1131 1412 1169 63
1444 1128 1500 1180 (p.

840 1187 916 1225 221
931 1182 1073 1234 Ephor.
1085 1186 1264 1235 fregmm.
1282 1184 1341 1224 ed.
1357 1187 1500 1235 Marx).

839 1242 896 1277 Ac
924 1242 1058 1278 merito
1080 1243 1194 1277 etiam
1227 1242 1270 1278 G.
1301 1243 1343 1278 Ο.
1363 1243 1501 1278 M'uller

840 1298 1030 1346 Aeginett.
1052 1311 1090 1347 p.
1117 1297 1194 1337 125
1226 1311 1340 1348 aegre
1370 1299 1502 1334 feren-

841 1352 934 1389 dum
956 1360 1093 1402 censet,
1113 1353 1353 1391 Herodotum
1374 1356 1501 1391 aPlu-

840 1409 970 1446 tarcho
1004 1411 1074 1447 l.l.
1114 1409 1280 1447 invidiae
1319 1412 1358 1447 in
1379 1410 1503 1448 Athe-

839 1468 988 1502 nienses
1028 1479 1106 1502 esse
1145 1467 1384 1516 incusatum3
1435 1468 1502 1519 qui

841 1535 939 1574 quae
976 1529 1103 1558 narrat
1137 1523 1246 1571 VIII,
1279 1526 1357 1564 122
1402 1531 1503 1561 certe

839 1581 919 1616 sine
940 1578 1027 1616 dolo
1040 1580 1141 1615 malo
1164 1587 1200 1616 et
1220 1581 1344 1617 verius
1364 1582 1503 1632 scripta

840 1637 1039 1672 arbitratur
1056 1635 1158 1673 idem
1169 1637 1362 1685 Mtsslerm,
1384 1651 1502 1689 quam

841 1707 938 1745 quae
958 1691 1205 1742 Plutarchus,
1237 1695 1318 1730 iure
1349 1701 1501 1731 notatus

839 1751 917 1786 iam
954 1763 974 1786 a
999 1749 1274 1787 Valckeuaerio
1315 1752 1503 1802 scripserit

841 1814 878 1843 et
893 1821 940 1843 ue
961 1805 1049 1843 huic
1071 1806 1228 1858 quidem
1248 1822 1288 1844 se
1311 1807 1503 1845 concede-

839 1877 879 1900 re
909 1877 1018 1914 posse
1043 1864 1165 1911 addit,
1196 1865 1303 1913 vulgi
1325 1865 1436 1901 solum
1461 1865 1504 1902 cle

832 1920 955 1970 palma
981 1921 1117 1957 iudicia
1142 1920 1268 1970 referre
1285 1921 1500 1959 Herodotum

839 1990 929 2013 cum
959 1984 1088 2013 contra
1128 1976 1210 2025 hic,
1253 1985 1294 2014 ut
1323 1979 1501 2026 Plataeis‚

841 2033 981 2083 λέσχην
1001 2034 1141 2070 factam
1173 2047 1251 2071 esse
1292 2035 1500 2083 civitatum,

841 2091 1092 2127 certissimum
1112 2092 1170 2127 sit.

898 2145 961 2185 ἐπὶ
984 2144 1045 2197 δὲ]
1092 2148 1115 2184 i.
1137 2161 1171 2183 e.
1207 2151 1287 2197 post
1328 2147 1431 2194 illos,
1457 2152 1501 2184 ut

841 2204 939 2252 Vm,
970 2205 1043 2250 67,
1078 2206 1170 2243 113.
1208 2205 1258 2240 Et
1279 2204 1380 2243 conf.
1403 2217 1502 2255 quo-

842 2274 916 2311 que
947 2261 1057 2295 allata
1090 2259 1139 2295 ad
1167 2260 1255 2306 VII,
1292 2261 1384 2299 219.
1444 2262 1502 2296 De

840 2319 983 2354 Amz'm'a
1006 2315 1082 2352 vid.
1105 2317 1209 2363 VIII,
1232 2314 1297 2357 84.
1318 2338 1375 2343 —-
1395 2315 1503 2353 Mille

841 2373 1026 2410 drachmae
1048 2373 1281 2409 constituunt
1308 2386 1500 2409 summam

841 2438 997 2466 centum
1034 2430 1227 2465 minarum
1271 2430 1349 2465 sive
1389 2431 1502 2467 unius

840 2488 970 2523 talenti
1000 2485 1134 2522 additis
1157 2485 1404 2536 quadraginta
1425 2487 1503 2522 mi-

840 2545 920 2590 nis,
950 2545 974 2579 i.
999 2556 1032 2579 e.
1064 2545 1103 2588 (e
1129 2543 1301 2578 VVurmii
1332 2542 1502 2593 calculis)

839 2599 950 2640 2412
988 2599 1186 2649 imperiall.
1233 2599 1402 2635 Saxonn.
1451 2601 1500 2639 19

839 2669 955 2705 gross.
977 2656 1054 2691 sive
1095 2654 1202 2694 4343
1236 2654 1334 2691 florr.
1370 2658 1394 2695 3
1416 2669 1502 2692 cru-

839 2713 939 2761 cigg.
960 2712 1038 2747 sive
1060 2712 1166 2751 9268
1183 2711 1302 2748 franc.
1324 2713 1423 2752 Gall.
1449 2715 1500 2752 17

839 2775 958 2805 centt.

894 2820 1018 2875 ζωήν]
1035 2821 1232 2862 Adiectivo
1254 2821 1349 2872 ζωὸς
1367 2826 1503 2861 Noster
