1839 3292
51 834 117 882 96

561 252 905 290 URANIA.
961 251 1088 290 V111.

184 363 339 418 ἀνδρὸς
367 361 560 416 ἀρίστου,
589 356 719 412 οὗτος
748 360 794 404 ἐν
822 362 882 418 τῷ
902 359 1087 416 θορύβῳ
1107 357 1248 415 τούτῳ
1277 363 1338 416 τῷ
1352 375 1427 403 πε·-

155 433 230 486 202
265 434 492 484 Σαλαμῖνα
534 428 751 485 γενομένῳ
788 428 888 472 τάδε
933 429 1082 472 ἐποίεε.

182 497 372 549 πολλούς
399 500 486 540 τῶν
515 495 746 547 ὁπλιτέων,
787 500 830 539 οἳ
857 495 1175 551 παρατετάχατο
1205 495 1323 551 παρα
1351 495 1430 552 τὴν

1347 253 1427 293 131

1483 370 1501 422 E

1484 429 1501 454 d

1160 428 1428 483 παραλαβών
1482 469 1502 497 g

181 566 320 622 ἀκτὴν
358 568 433 621 τῆς
469 566 740 620 Σαλαμινίης
768 564 926 620 χώρης,
971 564 1095 619 γένος
1131 562 1271 614 ἐόντες
1312 563 1434 620 Ἀθη-

181 639 325 685 valon,
354 634 396 684 ἐς
425 630 504 687 τήν
542 631 810 674 Ψυττάλειαν
839 635 974 687 νῆσον
1002 630 1185 685 ἀπέβησε
1215 630 1356 685 ἄγων,
1391 635 1435 675 οἳ

181 702 282 752 τοὺς
319 700 490 755 Πέρσας
527 697 633 749 τούς
676 698 724 742 έν
752 703 804 756 τῇ
834 701 979 756 νησίδι
1006 698 1141 754 ταύτῃ
1173 699 1434 755 κατεφόνευ-
1447 708 1490 742 10

183 781 265 813 σαν
292 763 466 818 πάντας.

286 835 360 886 Ὡς
401 835 446 878 δὲ
474 834 501 889 ἦ
530 835 744 890 ναυμαχίη
775 833 1000 885 διελέλυτο,
1029 833 1357 889 κατειρύσαντες
1385 835 1428 886 ἐς

179 903 256 961 τήν
292 906 521 958 Σαλαμῖνα
562 901 827 958 οἷ’Έλληνες
856 905 943 944 τῶν
973 904 1193 957 ναυηγίων
1223 901 1304 945 ὅσα
1333 902 1431 945 ταύ-

179 988 232 1028 τῃ
255 970 454 1026 ἐτύγχανε
485 971 545 1013 ἔτι
574 968 722 1021 ἐόντα,
755 969 918 1023 ἑτοῖμοι
946 963 1059 1025 ἦσαν
1088 970 1129 1020 ές
1159 969 1294 1025 ἄλλην
1323 987 1431 1013 ναυ-

151 1039 360 1094 Ξμαχίην,
392 1039 626 1091 ἐλπίζοντες
651 1041 749 1094 τῇσι
778 1035 1058 1093 περιεούσῃσι
1086 1038 1212 1093 νηυσὶ
1243 1037 1304 1080 ἔτι
1333 1037 1431 1093 χρή-

1486 912 1505 964 fi

1489 1013 1506 1031 ΙΙ

182 1112 335 1150 σεσθαι
364 1107 553 1162 βασιλέα.
592 1109 679 1149 τῶν
710 1105 754 1148 δὲ
784 1106 1005 1160 ναυηγίων
1034 1105 1171 1148 πολλοὶ
1201 1102 1436 1160 ὑπολαβών
1448 1114 1488 1147 15

183 1172 340 1229 ἄνεμος
379 1175 584 1229 ζέφυρος,
629 1174 754 1228 ἔφερε
783 1175 856 1227 τῆς
881 1171 1070 1228 Ἀττικῆς
1101 1173 1168 1215 ἐπὶ
1196 1171 1276 1227 τήν
1304 1172 1434 1228 η’ϊόνα

181 1241 261 1297 τήν
277 1241 538 1298 καλεομένην
560 1239 786 1284 Κωλιάδα·

126 1433 188 1463 tur
207 1427 319 1463 Persa
347 1424 447 1476 apud
475 1423 707 1476 Aeschylum
735 1425 774 1461 in

127 1484 248 1519 Perss.
270 1480 349 1522 454
370 1495 447 1533 seq.
469 1483 527 1518 Bl.
566 1483 616 1518 Et
646 1488 776 1518 auctor

128 1546 183 1575 est
194 1537 414 1574 Plutarchus
434 1538 495 1576 1.1.
518 1539 660 1584 Persas,
683 1550 777 1588 quos

126 1596 229 1632 vivos
250 1595 388 1644 ceperit
398 1593 588 1639 Aristides,
613 1593 660 1630 ad
669 1592 779 1630 The-

124 1651 334 1688 mistoclem
354 1652 485 1687 missos
506 1664 583 1687 esse
596 1680 605 1698 ,
630 1651 695 1701 qui
718 1663 780 1687 eos

126 1705 277 1743 Baccho
299 1708 449 1744 Omesto
470 1708 494 1744 i.
511 1721 543 1744 e.
566 1707 699 1743 crudas
711 1705 780 1743 de-

127 1764 274 1800 voranti
331 1776 460 1799 carnes
483 1792 494 1811 ‚
564 1764 779 1800 immolarit.

127 1818 296 1856 Aristidis
354 1820 499 1856 facinus
557 1819 781 1871 clademque

127 1877 329 1912 Persarum
349 1877 469 1925 attigit
485 1889 636 1927 quoque
650 1874 780 1914 Schol.

127 1930 279 1969 Aristid.
299 1945 337 1982 p.
359 1932 410 1972 64
429 1934 634 1970 Frommel.

334 2021 424 2072 cap.
444 2022 580 2060 xcw.

184 2095 479 2151 κατειρύσαντες
501 2099 519 2150 ]
577 2101 603 2139 i.
637 2113 669 2137 e.
706 2112 783 2137 cum

132 2155 180 2193 ad
205 2157 289 2193 litus
310 2170 338 2193 s.
373 2160 503 2193 terram
536 2157 782 2193 detraxissent.

134 2236 183 2240 --
214 2212 274 2249 Ad
304 2214 542 2263 participium
568 2211 783 2263 ’ὑπολαβών

130 2267 206 2306 vid.
227 2276 321 2308 nott.
343 2268 391 2305 ad
411 2270 498 2318 Vll,
524 2272 613 2309 170.
674 2269 784 2314 Quod

132 2327 299 2375 sequitur
319 2324 355 2372 ό,
387 2324 507 2361 delevi
528 2339 615 2362 cum
629 2333 784 2363 recentt.

133 2379 218 2416 edd.
238 2382 404 2432 plurium
427 2381 536 2418 codd.
560 2395 607 2418 ex
622 2384 788 2419 auetori-

134 2442 221 2472 tate.
244 2460 293 2465 —
315 2439 458 2474 Vocem
480 2436 625 2488 ἄνεμος
652 2438 788 2475 eodem

136 2491 252 2528 modo
290 2492 350 2530 hic
379 2496 592 2531 invenimus
620 2494 788 2531 additam

137 2561 212 2599 quo
233 2549 282 2585 IV
295 2577 305 2595 ,
327 2552 379 2589 22
393 2580 401 2596 ‚
422 2552 487 2587 ubi
508 2551 608 2591 conf.
629 2556 727 2590 nott.

193 2603 257 2643 ἐπὶ
279 2602 350 2654 τήν
372 2602 491 2654 η’ϊόνα
510 2605 582 2658 τὴν
599 2606 785 2658 καλεομέ-

136 2675 212 2709 νην
237 2658 446 2711 Κωλιάδα]
499 2663 645 2700 Eadem
673 2663 787 2701 tradit

135 2717 297 2753 Pausan.
318 2718 354 2763 Ι,
387 2720 406 2756 1
431 2719 468 2762 ξ.
498 2718 535 2757 4.
556 2721 640 2756 coll.
663 2721 788 2757 Strab.

136 2774 193 2808 IX
227 2786 264 2823 p.
285 2774 365 2813 398
393 2786 479 2823 pag.
507 2777 582 2815 611
614 2777 684 2823 A„
723 2777 790 2813 ubi

138 2836 293 2867 vocatur
303 2826 576 2882 ἅκραΚωλιάς.
584 2831 684 2870 Add.
696 2835 791 2869 Har-

829 1239 935 1283 ὥστε
971 1236 1215 1295 ἄποπλῆσαι
1242 1239 1319 1283 τόν
1334 1256 1434 1296 χρη-

831 1430 975 1475 pocrat.
1003 1437 1033 1460 s.
1052 1437 1091 1461 v.
1116 1422 1301 1473 Stephan.
1329 1427 1493 1476 Byzant-

833 1494 863 1518 s.
882 1495 920 1518 v.
949 1494 986 1531 p.
1007 1479 1117 1524 497,
1155 1481 1221 1530 qui
1258 1480 1362 1517 addit
1392 1477 1491 1532 οἶκτὴ

835 1550 955 1588 aeque
987 1542 1099 1587 atque
1131 1535 1345 1573 Herodotus
1378 1533 1494 1587 η’ϊών.

835 1594 1146 1630 Promontorium
1178 1591 1270 1642 hoc,
1310 1593 1413 1645 quod
1434 1595 1496 1631 vi-

837 1651 933 1700 ginti
962 1649 1082 1685 ferme
1113 1648 1238 1686 stadiis
1275 1662 1297 1685 a
1332 1649 1495 1687 Phalero

838 1707 947 1743 distat
965 1706 1186 1757 temploque
1198 1707 1352 1743 Veneris
1369 1707 1496 1744 Colia-

839 1762 893 1800 dis
919 1769 1097 1799 ornatum
1128 1763 1219 1810 fuit,
1261 1776 1364 1799 nunc
1391 1764 1496 1801 Tris-

832 1822 945 1870 pyrgi
963 1817 1036 1855 dici
1055 1826 1222 1855 narrant.
1245 1820 1353 1858 Conf.
1376 1821 1496 1857 Kruse

838 1877 965 1912 Hellas
983 1876 1038 1922 ΙΙ,
1064 1877 1082 1914 1
1107 1889 1144 1925 p.
1167 1875 1261 1915 215.
1300 1876 1367 1915 Cr.
1401 1889 1496 1914 con-

837 1933 926 1968 ferri
969 1944 1121 1983 quoque
1157 1932 1238 1968 vult
1276 1932 1417 1970 Stuart.
1460 1940 1498 1970 et

839 1991 986 2025 Revett.
1006 1989 1162 2039 Autiqq.
1184 1986 1324 2027 Athen.
1358 1989 1397 2037 (e
1407 2003 1497 2027 ver-

839 2046 975 2082 nacula
1011 2058 1108 2081 vers.
1137 2045 1451 2094 Darmstadiensi)
1480 2047 1498 2082 I

839 2116 876 2153 p.
910 2102 988 2141 119
1016 2108 1053 2137 et
1076 2102 1316 2151 potissimum
1343 2116 1381 2152 p.
1403 2105 1496 2142 137.

896 2153 992 2195 ὥστε
1032 2152 1264 2208 ἄποπλῆσαι
1303 2156 1373 2196 τόν
1400 2173 1498 2208 χρη-

842 2209 960 2262 σμόν]
995 2209 1222 2262 οἷποπλῆσαι
1250 2213 1311 2250 hio
1338 2213 1384 2250 de
1410 2227 1498 2250 ora-

841 2272 939 2317 culo,
970 2269 1072 2321 quod
1093 2271 1266 2320 expletur
1292 2277 1334 2307 ut
1366 2272 1404 2317 I,
1444 2271 1496 2311 43

842 2327 1032 2374 ἐκπλῆσαι
1059 2327 1142 2365 coll.
1171 2328 1246 2373 111,
1291 2327 1380 2368 142.
1399 2322 1499 2365 ἄνοι’

843 2386 991 2433 πλῆσαι
1034 2383 1090 2430 V,
1133 2382 1171 2422 4.
1212 2384 1284 2430 VI,
1327 2386 1389 2423 12.
1448 2384 1499 2419 At

843 2442 1123 2476 Buttmannum
1163 2440 1226 2478 Gr.
1270 2441 1334 2478 Gr.
1372 2441 1429 2486 ΙΙ,
1459 2453 1499 2489 p.

844 2495 924 2536 215
945 2502 1023 2534 not.
1047 2495 1205 2532 offendit
1226 2497 1381 2532 aoristus
1402 2509 1500 2531 neu-

844 2553 927 2588 trali
950 2550 1136 2588 adhibitus
1157 2565 1288 2598 sensu,
1321 2565 1409 2588 cum
1431 2551 1502 2589 dif-

842 2609 1055 2644 ficillimum
1083 2609 1127 2644 sit
1155 2607 1297 2658 aliquid
1325 2609 1499 2659 supplere

845 2663 892 2700 ad
923 2664 1115 2712 complendi
1137 2665 1358 2711 notionem,
1389 2664 1500 2701 inde-

846 2734 920 2771 que
935 2726 1148 2769 suspectam
1158 2718 1272 2757 habet
1284 2722 1499 2770 lectionem,

848 2789 1030 2828 quaerens
1051 2805 1061 2823 ,
1091 2789 1184 2812 num
1211 2779 1366 2814 aoristus
1396 2775 1500 2827 πτλῆ-

848 2837 957 2880 σθαι,
977 2832 1041 2883 qui
1055 2831 1104 2869 ad
1122 2833 1265 2871 Atticos
1276 2835 1500 2885 plerumque

1162 2886 1225 2929 9*

1505 363 1596 390 roelio
1615 371 1706 398 opera

1504 396 1676 423 arbarorum
1694 383 1754 423 cla-

1505 436 1550 454 em
1563 429 1685 457 multum
1701 437 1755 456 au-

1505 469 1566 489 ens.

1485 837 1600 877 Naufra
1624 839 1654 867 {a
1692 848 1761 876 par-

1486 875 1538 898 um
1570 872 1608 899 Sa
1623 873 1760 908 afflinem,

1509 906 1595 932 anim
1610 906 1762 935 Coliadem

1509 939 1603 967 elata:
1627 941 1730 975 imple-

1487 976 1610 1006 tumque
1629 978 1714 1000 vetus
1725 974 1763 1002 de

1508 1007 1662 1034 unieribus
1682 1007 1738 1035 Co-

1488 1039 1615 1068 liadibus
1640 1048 1704 1069 ora-

1488 1073 1595 1102 culum.
