1839 3292
544 202 889 243 URANIA.
945 202 1073 240 VIII.

1341 205 1425 246 191

188 329 289 373 μος·
322 312 354 370 ἡ
391 312 437 356 δὲ
475 309 586 368 γυνὴ
617 314 698 355 τοῦ
727 310 924 367 βασιλέος
940 342 950 361 ,
989 308 1109 365 αὐτὴ
1128 309 1181 353 τὰ
1211 309 1324 353 σιτία
1347 319 1427 365 σφι

159 387 181 424 4
193 384 348 426 ἔπεσσε.
381 380 492 431 ὅκως
513 381 558 424 δὲ
571 377 735 435 ὄπτῷτο
747 377 770 421 ὁ
786 377 916 433 ἄρτος
929 382 1009 421 τοῦ
1018 377 1172 429 παιδὸς
1193 380 1273 421 τοῦ
1291 377 1428 432 θητὸς

186 450 446 503 Περδίκκεω,
478 447 702 504 διπλήσιος
723 446 882 501 ἐγίνετο
910 444 1039 495 αὐτὸς
1055 444 1234 489 ἑωυτοῦ.
1268 445 1356 487 ἐπεὶ
1378 444 1454 487 &sl

157 523 178 557 5
191 517 272 560 αἰεὶ
282 515 420 559 τωύτό
432 520 560 558 τοῦτο
572 516 745 570 ἐγίνετο,
763 511 851 556 εἶπε
863 511 973 566 πρὸς
984 511 1060 555 τὸν
1079 510 1217 566 ἄνδρα
1228 512 1305 555 τὸν
1325 511 1429 555 ἑωυ-

183 588 269 640 τῆς.
301 583 378 627 τὸν
399 584 443 627 δὲ
454 582 701 626 ἀκούσαντα
719 580 870 636 ἐσῆλθε
881 578 1047 629 αὐτίκα,
1061 579 1117 629 ὦς
1127 581 1189 634 εἴη
1209 578 1344 633 τέρας,
1355 579 1429 623 καὶ

185 652 314 708 φέροι
342 650 384 702 ἐς
413 650 519 707 μέγα
547 666 599 692 τι.

656 646 837 698 καλέσας
867 647 912 690 δὲ
932 646 1039 698 τούς
1058 651 1205 702 θῆτας,
1236 645 1426 702 προηγό-

184 720 282 775 ρευέ
304 730 382 774 σφι
400 715 756 760 ἀπαλλάσσεσθαι
772 714 818 757 ἐκ
836 717 914 770 γῆς
930 718 1004 769 τῆς
1019 713 1198 757 ἑωυτοῦ.
1227 713 1327 756 οἶδὲ
1348 713 1454 756 τόν5

154 785 344 843 ὅμισθὸν
387 784 553 838 ἔφασαν
595 783 756 824 δίκαιοι
794 779 904 824 εἶναι
946 779 1261 836 ἀπολαβόντες,
1310 779 1426 823 οὕτω

181 851 348 905 ἐξιέναι.
377 850 568 893 ἐνθαῦτα
588 847 612 892 ὁ
642 848 864 905 βασιλεὺς,
894 852 977 892 τοῦ
994 852 1158 903 μισθοῦ
1177 848 1276 902 πέρι
1297 847 1430 891 οἰκού-

184 930 281 972 σας,
324 914 379 973 ἦν
415 917 500 974 γάρ
530 916 640 959 κατὰ
677 916 757 971 τὴν
793 916 1075 973 καπνοδόκην
1121 916 1164 968 ἐς
1195 915 1273 960 τὸν
1303 913 1428 959 οἷκον

126 1046 174 1084 da
185 1048 307 1099 potius
319 1058 433 1098 quam
442 1041 671 1081 subiicienda
682 1043 776 1080 fuis-

126 1100 578 1154 sffiobservaWfflck.‚aliis
590 1101 706 1136 allatis
716 1101 776 1136 lo-

126 1161 230 1208 cis‚in
244 1161 376 1212 quibus
388 1156 599 1194 Herodotus
611 1169 665 1203 ea,
679 1169 775 1207 quae

127 1229 278 1253 causam
299 1214 528 1252 continentia
537 1225 775 1263 praeponen-

128 1271 175 1309 da
196 1273 347 1320 fuerint,
371 1270 619 1321 postposue1it
642 1276 676 1304 et
696 1269 778 1304 reli-

128 1324 666 1396 quissubiecerit.Vid.119tt.ad
676 1323 774 1372 Ι,24.

184 1380 283 1434 αὕτη
315 1399 362 1422 τα
390 1383 491 1421 σιτία
517 1393 587 1430 σφι
618 1379 770 1428 ε’πεσσε]

126 1441 150 1477 i.
180 1454 213 1478 e.
244 1442 321 1490 ipsa
341 1440 431 1476 cibos
457 1438 530 1475 illas
555 1436 718 1485 coquebat
744 1449 772 1473 5.

120 1509 259 1547 panem,
279 1503 319 1532 ut
341 1496 450 1532 vertit
469 1491 771 1540 Valckenaerius,

123 1560 258 1589 notans
277 1549 432 1590 πέσσειν
456 1563 485 1587 5.
504 1548 653 1588 πέττειν
672 1549 773 1585 Aeo-

122 1609 204 1645 lum
214 1615 325 1660 atque
339 1610 475 1644 Ionum
489 1618 595 1642 more
612 1604 685 1642 dici
704 1617 772 1654 pro

122 1665 227 1714 vulg.
260 1662 440 1710 πέπτειν,
476 1675 625 1713 coquere.
693 1663 772 1698 Nec

123 1721 232 1758 valde
267 1719 355 1757 hinc
397 1718 587 1756 discedere
624 1717 773 1755 videtur

123 1772 270 1825 σ’πτοῖν,
307 1775 410 1828 quod
437 1789 525 1813 sane
550 1781 602 1812 est
632 1778 771 1822 torrere,

121 1835 183 1870 vel
220 1833 323 1885 quod
367 1833 599 1884 frequentius
638 1831 773 1868 dicitur

123 1902 263 1939 coquere
275 1902 412 1939 panem,
439 1894 672 1925 monstrante
693 1889 774 1924 Ga-

121 1944 241 1984 taker.
267 1945 313 1982 ad
327 1946 509 1983 Antonin.
531 1946 596 1992 ΙΙΙ,
617 1947 655 1983 2.
675 1945 773 1980 Hinc

123 2000 223 2051 apud
242 2000 378 2038 Athen.
400 2003 451 2037 ΙΙΙ
471 2015 507 2051 p.
535 1999 609 2040 114
630 2002 678 2036 D.
703 1997 775 2051 ἅρ-

122 2072 214 2104 τους
264 2053 515 2108 ὀπτωμένους
559 2057 773 2093 invenimus

122 2114 290 2164 itemque
337 2113 437 2163 apud
489 2112 648 2150 Suidam
685 2126 773 2163 pag.

126 2172 204 2209 102
214 2171 329 2206 Tom.
342 2171 395 2206 ΙΙΙ
404 2176 558 2207 notante
574 2168 775 2220 Schweig-

123 2223 329 2263 haeusero:
394 2223 612 2275 πεσσόμενα
672 2228 774 2265 σιτία

123 2278 212 2333 παρ’
236 2280 459 2336 ἹΙροδότῳ·
480 2281 526 2320 τά
551 2278 773 2333 ὀπτώμενα.

124 2338 173 2372 Et
200 2340 296 2376 conf.
322 2340 445 2389 ipsum
476 2338 710 2375 Herodotum
743 2340 774 2385 I,

130 2395 427 2458 161.1taque
457 2396 570 2432 verba
601 2391 700 2441 όκως
732 2393 774 2434 δὲ

128 2443 274 2501 ὄπτῷτο
299 2466 318 2490 ο
357 2448 473 2502 ἄρτος
505 2452 655 2488 valent:
687 2465 776 2501 quo-

125 2506 190 2540 ties
218 2518 247 2541 s.
268 2507 401 2554 quando
425 2521 530 2557 panzs
555 2508 773 2558 coquebatur.

125 2561 199 2596 Ubi
228 2574 294 2611 pro
325 2558 476 2616 ὄπτῷτο
508 2565 719 2601 Gronovius
754 2578 775 2601 e

124 2616 295 2653 mediceo
320 2620 418 2655 male
452 2617 646 2658 dederat'
624 2620 774 2674 οπτωή.

128 2673 232 2717 Quae
247 2682 453 2725 sequuntur
474 2689 583 2713 voces
602 2692 672 2716 του
694 2682 775 2727 θη-

126 2725 189 2774 τὸς
209 2732 280 2768 τοῦ
298 2731 534 2781 Περδίκκεω,
559 2746 618 2770 eas
639 2734 774 2769 imme-

125 2786 196 2823 rito
230 2794 417 2837 suspectas
451 2786 583 2826 habuit
612 2788 774 2827 Valcke-

829 1044 991 1081 naerius.
1046 1044 1179 1095 Itaque
1193 1043 1300 1080 uncis
1313 1072 1323 1090 ‚
1348 1042 1484 1095 quibus

830 1102 1029 1137 incluserat
1050 1098 1286 1146 Schaeferus,
1308 1106 1420 1151 atque
1430 1107 1483 1136 et-

830 1158 906 1192 iam
943 1156 1087 1205 Negris‚
1122 1155 1299 1207 equidem
1326 1157 1483 1194 liberavi

830 1214 911 1249 illas
940 1225 1050 1249 voces
1078 1225 1166 1248 cum
1195 1219 1352 1249 recentt.
1381 1212 1480 1261 edd„

836 1270 979 1305 abiecto
1000 1269 1111 1304 simul
1126 1269 1281 1305 articulo
1301 1271 1372 1307 τοῦ
1393 1276 1481 1305 ante

832 1325 1082 1375 Περδίκκεω,
1115 1326 1180 1375 qui
1210 1337 1232 1361 a
1263 1326 1482 1362 Florentino

830 1382 955 1424 abest,
1003 1393 1194 1431 quemque
1231 1387 1360 1417 tamen
1394 1394 1483 1418 cum

829 1435 1033 1474 Schaefero
1078 1439 1314 1474 retinuerunt
1345 1436 1483 1475 Matth.

829 1500 865 1530 et
884 1491 1052 1529 Bekker.

886 1544 1093 1598 διπλήσιος
1125 1548 1271 1600 ἐγίνετο
1295 1543 1414 1595 αὐτὸς
1441 1547 1481 1588 ἕ-

830 1603 982 1657 ωυτοῦ]
993 1607 1049 1641 De
1057 1606 1247 1642 locutione
1257 1605 1333 1644 vid.
1344 1605 1483 1644 Matth.

829 1663 895 1699 Gr.
918 1663 984 1698 Gr.
1010 1663 1045 1707 ξ.
1066 1662 1147 1702 452
1168 1676 1205 1713 Ρ.
1223 1663 1318 1704 848.
1352 1663 1482 1713 Ipsum

828 1725 1045 1769 portentum
1061 1720 1181 1768 attigit
1208 1720 1237 1755 I.
1253 1721 1315 1755 Fr.
1330 1720 1484 1756 Grono-

828 1776 909 1811 vius
930 1774 978 1811 ad
997 1776 1080 1815 Liv.
1092 1777 1197 1823 XXI,
1210 1778 1274 1815 62.
1304 1775 1365 1812 Ad
1375 1789 1483 1828 seqq.

829 1830 974 1882 ἐσῆλθε
1006 1831 1084 1869 vid.
1114 1839 1209 1869 nott.
1236 1831 1284 1868 ad
1323 1833 1388 1879 ΙΙΙ,
1414 1832 1482 1872 42.

831 1887 966 1939 φέρειν
985 1886 1024 1934 ἐς
1047 1903 1094 1934 τι,
1117 1887 1219 1940 quod
1239 1890 1325 1925 satis
1346 1895 1484 1925 notum

831 1951 896 1990 est,
932 1944 1032 1980 valet
1070 1949 1223 1993 spectare
1250 1946 1299 1982 ad
1330 1945 1481 1995 aliquid,

828 2000 992 2051 indeque
1002 2002 1203 2050 portendere
1220 2002 1370 2051 aliquid.

886 2057 1034 2096 δίκαιοι
1063 2055 1162 2096 εἶναι
1192 2054 1480 2109 ἀπολαβόντες]

827 2113 912 2151 vid.
945 2112 1078 2151 Matth.
1100 2115 1164 2152 Gr.
1188 2115 1254 2151 Gr.
1276 2116 1313 2159 ς.
1336 2113 1414 2154 536
1443 2127 1484 2163 p.

832 2169 937 2210 1053
960 2171 1042 2206 coll.
1071 2169 1290 2207 Botticher:
1331 2171 1388 2206 De
1415 2171 1482 2207 vit.

829 2227 970 2277 scriptt.
1001 2227 1125 2263 Taciti
1145 2240 1231 2277 pag.
1254 2228 1318 2266 90.
1347 2227 1483 2276 Attigit

827 2282 867 2319 h.
888 2283 913 2319 l.
936 2282 1315 2334 Schweighaeuserus
1345 2282 1393 2319 ad
1412 2284 1482 2330 IX,

831 2341 882 2378 60
919 2340 1048 2392 ibique
1079 2339 1265 2377 reddidit:
1304 2339 1479 2385 dicebant,

829 2397 958 2433 austum
988 2410 1057 2434 esse
1088 2401 1128 2434 ut
1163 2400 1217 2435 ita
1249 2397 1403 2445 abeant,
1447 2397 1482 2432 si

829 2452 1011 2490 mercedem
1043 2456 1253 2504 accepissent
1285 2453 1312 2489 i.
1343 2465 1376 2488 e.
1410 2465 1481 2502 par

835 2521 923 2556 esse,
973 2514 1015 2546 ut
1054 2511 1237 2547 mercedem
1287 2510 1480 2559 accipiant,

826 2578 1035 2614 prmsquam
1055 2568 1192 2603 abeant.
1215 2567 1280 2602 Tu
1298 2564 1376 2604 vid.
1382 2571 1480 2604 nott.

830 2620 925 2668 adl,
948 2625 1000 2662 32
1020 2623 1086 2659 fin.
1106 2624 1174 2670 ΙΧ,
1195 2624 1262 2662 27.
1284 2624 1350 2663 60·

884 2679 937 2727 ἠν
957 2693 1031 2730 γαρ
1057 2675 1156 2717 κατοὶ
1185 2676 1259 2728 τήν
1277 2673 1479 2718 καπνοδο-

828 2748 903 2782 κην
917 2732 954 2780 ἐς
965 2731 1030 2772 τὸν
1044 2731 1179 2773 οἶκονε
1165 2733 1306 2785 ἐσέχων
1317 2751 1336 2775 ο
1325 2731 1481 2784 η’λιος]

828 2791 935 2826 Bene
986 2790 1265 2841 Sclzweiaglz
1321 2790 1483 2843 Namque
