1839 3292
382 186 465 227 176

783 182 1244 221 HERODOTI

380 301 494 348 ψαι,
538 292 566 350 ἢ
607 290 867 348 ’Λρτάβαζος
906 292 1026 345 παρά
1061 289 1341 347 Τιμόξεινον,
1386 288 1647 345 τοξεύματος

384 362 482 417 περὶ
525 362 603 411 τοὶς
632 362 847 415 γλυφίδας
876 362 1208 412 περιειλίξαντες
1243 359 1316 401 καὶ
1353 355 1649 411 πτερώσαντες

355 431 441 474 3τὸ
471 430 666 485 βυβλίον,
698 426 898 478 ἐτόξευον
927 427 969 477 ἐς
1000 428 1285 482 συγκείμενον
1317 427 1492 479 χωρίον.
1527 424 1648 467 ἐπάῖ-

386 511 485 548 στος
516 496 561 539 δὲ
591 495 754 550 ἐγίνετο
786 493 809 538 ὁ
847 495 1097 549 Τιμόξεινος
1124 492 1364 546 προδιδούς
1400 492 1480 547 τὴν
1511 493 1647 535 Ποτί-

386 568 526 610 δαιαν.
583 563 771 614 τοξεύων
799 562 881 617 γὰρ
915 560 936 604 ὁ
967 561 1226 617 Ἀρτάβαζος
1271 561 1312 612 ἐς
1350 559 1398 603 τὸ
1430 561 1701 614 συγκείμε-35

383 649 492 683 νον,
532 629 739 686 ἁμαρτών
778 634 855 672 τοῦ
895 632 1058 684 χωρίου
1088 629 1270 681 τούτου,
1303 627 1450 683 βάλλει
1481 624 1648 680 ἀνδρὸς

357 698 690 754 4Ποτιδαιήτεω
720 698 797 740 τόν
821 694 952 751 ὦμον.
985 697 1062 740 τόν
1084 698 1129 740 δὲ
1159 696 1373 753 βληθέντα
1387 694 1647 749 περιέδραμε

391 768 566 824 ὅμιλος,
609 763 679 809 οἷα
709 766 846 819 φιλέει
876 767 1076 821 γίνεσθαι
1105 765 1151 808 ἐν
1180 764 1372 821 πολέμῳ·
1418 766 1461 805 οἳ
1489 761 1646 805 αὐτίκα

383 836 433 881 τὸ
463 835 648 889 τόξευμα
663 835 880 889 λαβόντες,
912 832 969 884 ὡς
1000 834 1167 887 ἔμαθον
1188 833 1235 874 τό
1258 833 1454 887 βυβλίον,
1484 831 1702 884 ἔφερον4ο

385 905 453 948 ἐπὶ
497 903 600 953 τούς
641 899 922 957 στρατηγούς.
980 904 1126 956 παρῆν
1169 900 1214 943 δὲ
1254 900 1325 942 καὶ
1365 902 1455 942 τῶν
1503 898 1646 941 ἄλλων

355 971 684 1027 5Παλληναίων
713 970 944 1024 συμμαχίη.
984 973 1099 1011 τοῖσι
1129 968 1174 1010 δὲ
1203 971 1480 1022 στρατηγοῖσι
1508 965 1645 1009 ἐπιλε-

386 1040 608 1094 ξαμένοισι
637 1037 685 1080 τὸ
717 1039 913 1093 βυβλίον,
942 1037 1016 1078 καὶ
1045 1039 1242 1090 μαθοῦσι
1280 1035 1357 1077 τὸν
1394 1037 1535 1077 α’ίτιον
1571 1039 1647 1090 τῆς

381 1108 636 1160 προδοσίης,
667 1105 784 1157 ἔδοξε
814 1103 872 1159 μὴ
900 1104 1158 1154 καταπλέξαι
1193 1100 1446 1156 Τιμόξεινον
1485 1104 1646 1156 προδο-

384 1175 479 1230 σίῃ,
527 1177 603 1228 τῆς
643 1173 904 1214 Σκιωναίων
934 1170 1086 1220 πόλιος
1117 1171 1278 1220 εἵνεκα,
1308 1168 1366 1224 μὴ
1396 1172 1700 1224 νομιζοίατο45

382 1239 496 1284 εἶναι
523 1244 767 1284 Σκιωναῖοι
805 1239 846 1290 ἐς
874 1237 954 1281 τόν
983 1238 1204 1293 μετέπειτα
1233 1236 1393 1292 χρόνον
1423 1239 1506 1281 αἰεὶ
1534 1254 1645 1293 προ-

381 1309 519 1353 δόται.
576 1308 600 1352 ὁ
631 1307 710 1364 μὲν
739 1306 792 1364 δὴ
823 1306 1009 1365 τοιούτῳ
1037 1303 1184 1363 τρόπῳ
1214 1304 1413 1357 ἐπάιστος
1440 1305 1643 1362 ἐγεγόνεε.

325 1472 398 1519 IX,
427 1474 493 1512 31.
527 1474 592 1512 32.
622 1472 689 1511 96.
746 1471 908 1519 Monuit,
929 1469 987 1508 his

325 1529 419 1566 locis
440 1529 559 1564 allatis
580 1528 775 1564 WVentzel.
797 1531 853 1564 De
874 1541 987 1579 prae-

325 1598 408 1636 pos.
431 1585 542 1621 tmesi
571 1597 632 1634 ap.
654 1584 836 1623 Herodot.
859 1599 896 1635 p.
920 1587 986 1624 30.

383 1636 624 1690 τοξεύματος
661 1640 751 1692 περὶ
787 1639 858 1688 τοῖς
894 1643 987 1692 γλυ-

328 1698 449 1747 φίδας
467 1697 789 1748 περιειλίξαντες]
818 1697 907 1747 περὶ
928 1711 987 1733 re-

326 1756 436 1805 posui
457 1755 610 1790 iubente
643 1753 915 1791 Valckenaerio
938 1767 986 1790 ex

325 1812 458 1847 Aenea
489 1811 636 1847 Tactic.
665 1812 749 1859 l.1.‚
778 1818 819 1847 ut
853 1824 984 1847 sensus

325 1874 546 1904 enascatur:
589 1869 683 1904 circa
711 1870 870 1916 sagittae
907 1880 985 1904 cre·

322 1938 390 1961 nas
429 1924 607 1974 epistolam
635 1924 804 1961 volventes
837 1928 870 1961 et
904 1923 984 1960 alas

321 1983 356 2017 ei
387 1980 618 2030 applicantes.
687 1981 812 2031 Vulgo
859 1977 981 2029 παροῖ,

323 2038 427 2088 quod
448 2044 602 2073 tuentur
615 2035 825 2083 Sohaefer„
846 2035 982 2076 Matth.

324 2101 361 2130 et
379 2092 549 2130 Bekker.
581 2089 752 2143 τόξευμα
783 2093 845 2131 hic
865 2096 984 2141 sagit-

324 2154 399 2187 tam
430 2149 597 2193 denotat,
629 2157 670 2186 ut
693 2152 756 2198 lv,
790 2153 869 2191 132
897 2151 984 2187 coll.

327 2209 402 2247 131
421 2235 430 2253 ,
461 2207 669 2258 γλυφίδας,
691 2220 782 2258 quas
795 2208 909 2257 vulgo
921 2220 985 2243 ac-

325 2264 469 2312 cipiunt
485 2276 617 2310 crenas,
649 2276 748 2314 quae
762 2271 849 2301 sunt
869 2265 906 2299 in
924 2265 982 2299 iu-

323 2319 416 2355 fima
437 2327 473 2355 et
496 2327 665 2356 extrema
687 2322 845 2369 sagittae
862 2327 980 2370 parte,

325 2374 680 2426 Schweighaeuser.
706 2377 745 2412 in
757 2378 887 2413 Lexic.
901 2378 983 2412 He-

324 2431 407 2469 rod.
449 2446 476 2472 s.
519 2446 556 2470 v,
601 2435 775 2482 πτεροῦν
822 2433 983 2482 intelligi

323 2490 404 2525 vult
428 2493 577 2538 quatuor
601 2489 686 2526 illas
713 2492 910 2535 incisuras,
943 2491 982 2525 in

324 2545 500 2581 inferiore
532 2547 690 2595 sagittae
709 2554 816 2597 parte
840 2548 878 2583 iu
900 2547 983 2582 lou-

324 2614 419 2651 gum
441 2601 694 2650 decurrentes,
730 2605 866 2654 quibus
883 2616 981 2653 peu-

324 2670 396 2694 nae
427 2671 456 2694 S.
489 2659 568 2694 alae
597 2659 829 2706 inserantur,
877 2658 981 2696 uude

325 2713 426 2764 apud
442 2714 613 2765 Euripid.
635 2716 751 2754 orest.
765 2715 867 2758 274:
889 2730 983 2756 πτε-

324 2769 445 2822 ρωταὶ
463 2772 665 2823 γλυφίδες.

1100 1465 1285 1515 ἒπᾰϊστος
1316 1467 1358 1508 δὲ
1397 1468 1574 1522 ἐγίνετο]
1623 1470 1705 1508 Ae-

1042 1540 1134 1564 neas
1156 1527 1335 1563 Tacticus
1355 1527 1381 1562 l.
1404 1527 1428 1565 l.
1452 1525 1567 1564 habet
1586 1542 1704 1566 κατα-

1044 1580 1190 1633 φανής.
1249 1584 1313 1619 Tu
1346 1583 1393 1619 cf.
1426 1585 1472 1631 11,
1514 1585 1604 1623 119.
1637 1585 1702 1633 VI,

1043 1639 1110 1681 74.
1142 1640 1290 1691 ἐγίνετο
1322 1639 1481 1677 debetur
1513 1640 1704 1678 Florenti-

1042 1709 1115 1743 1¹03
1164 1698 1360 1746 vulgatam
1413 1696 1563 1750 ἐγένετο
1613 1711 1702 1734 cum

1044 1753 1251 1790 Schaefero
1296 1760 1428 1791 teuent
1483 1751 1621 1792 Matth.
1665 1761 1703 1792 et

1041 1809 1210 1847 Bekker.

1099 1922 1139 1962 οἳ
1171 1916 1313 1961 αὐτίκα
1349 1918 1393 1961 τὸ
1433 1918 1606 1972 τόξευμα
1631 1924 1702 1961 λα-

1039 1974 1195 2031 βόντες]
1228 1979 1266 2017 οἳ
1296 1977 1344 2015 ad
1374 1991 1636 2029 praegressum
1665 1975 1704 2018 ‘o'-

1042 2039 1153 2086 μιλος
1183 2042 1352 2086 spectat,
1401 2035 1587 2072 structura
1615 2037 1702 2073 satis

1040 2092 1145 2132 notst,
1203 2094 1261 2128 De
1297 2092 1413 2128 verbo
1452 2091 1702 2142 ἐπιλέγεσθαι

1044 2149 1189 2197 (legere)
1234 2149 1334 2185 conf.
1368 2150 1446 2184 citt.
1480 2147 1528 2184 ad
1548 2149 1613 2195 111,
1633 2149 1701 2187 41.

1041 2207 1150 2240 —In
1171 2218 1278 2256 seqq.
1307 2203 1394 2241 dedi
1422 2217 1510 2241 cum
1543 2211 1698 2242 receutt.

1041 2261 1291 2308 καταπλέξαι,
1313 2259 1418 2313 quod
1438 2261 1591 2311 praebet
1603 2261 1700 2298 San-

1041 2319 1150 2354 crol'ti
1180 2319 1296 2363 liber,
1343 2331 1411 2368 pro
1443 2319 1546 2366 vulg.
1579 2333 1700 2356 κατα-

1039 2376 1206 2424 πλῆξαι,
1238 2373 1341 2425 quod
1363 2381 1492 2410 tenent
1514 2373 1699 2411 Schaese-

1040 2445 1102 2467 rus
1124 2438 1159 2467 et
1181 2429 1319 2476 Bekk„
1341 2431 1525 2481 probante
1535 2429 1700 2468 Schnei-

1042 2487 1132 2524 dero
1155 2489 1192 2523 in
1219 2489 1361 2524 Lexico
1388 2489 1453 2524 Gr.
1512 2489 1700 2538 Interpre-

1039 2551 1168 2581 tantur
1182 2556 1191 2580 :
1217 2545 1397 2593 implicare
1405 2543 1616 2593 proditionis
1626 2546 1699 2581 cri-

1037 2604 1138 2646 mine,
1162 2601 1373 2650 proditionis
1391 2601 1485 2638 litem
1507 2601 1700 2639 intendere.

1039 2659 1149 2694 Conf.
1175 2659 1270 2705 xm,
1293 2661 1344 2698 83
1366 2659 1566 2709 ibiq,nott.
1582 2678 1631 2684 —
1653 2657 1698 2692 In

1038 2715 1115 2751 fine
1164 2728 1245 2765 cap.
1282 2727 1349 2765 pro
1392 2715 1494 2764 vulg.
1534 2711 1697 2765 ἐγένετο,

1041 2769 1146 2824 quod
1194 2784 1284 2808 cum
1331 2769 1537 2809 Schaefero
1571 2776 1698 2806 tuetur
