1839 3292
207 837 304 882 102

37 898 110 935 quid
125 901 265 931 tumuerit.

370 214 453 257 140

769 214 1226 252 HERODOTI

368 327 532 377 ,,ταῦτα
570 321 732 366 κελεύει
766 322 953 375 ποιέειν,
994 322 1022 378 ἢ
1061 320 1191 373 αὐτὸς
1219 323 1356 367 ἐθέλει
1389 324 1623 380 τριήκοντα

369 391 612 448 ,,μυριάδας
650 389 966 443 α’πολεξάμενος
1005 394 1087 433 τοῦ
1125 396 1337 444 στρατοῦ,
1386 398 1623 449 παρασχεῖν

368 478 471 516 ,,μοι
499 459 578 515 τήν
601 457 784 500 Ἑλλάδα
811 459 1137 513 δεδουλωμένην
1155 471 1164 480 ·

1214 457 1348 501 αὐτὸν
1386 459 1431 502 δέ
1469 476 1520 514 με
1549 476 1623 503 κε-

369 528 513 581 ,,λεύει
554 524 814 569 ἀπελαύνειν
852 525 935 569 σὺν
964 531 1025 583 τῷ
1059 529 1199 582 λοιπῷ
1229 529 1400 581 στρατῷ
1439 525 1481 576 ἐς
1508 526 1623 582 ἤθεα

345 601 366 635 5
378 593 457 646 ,,τά
497 592 592 648 ἐμά.

656 593 725 636 Σύ
765 589 829 636 ὦν
857 592 974 647 ἐμοὶ,
1014 593 1087 636 καὶ
1116 593 1198 648 γὰρ
1227 593 1324 646 περὶ
1353 596 1429 648 τῆς
1457 601 1680 648 vetvsta-20

366 663 485 716 ,,χίης
521 656 570 704 εὖ
609 660 957 717 συνεβούλευσας
997 665 1072 716 τῆς
1101 660 1354 717 γενομένης,
1392 658 1476 704 οὐκ
1508 660 1624 704 ἐῶσα

368 728 642 782 ,,ποιεέσθαι,
680 733 762 771 νῦν
798 745 841 771 τε
865 728 1212 784 συμβούλευσον,
1253 728 1436 781 ὁκότερα
1461 727 1624 771 ποιέων

367 796 580 851 ,,έπιτυ’χω
611 791 658 838 εὖ
689 796 1084 852 βουλευσάμενος.“

365 863 607 920 βουλεύετο.
636 862 691 905 ‘H
717 863 761 906 δὲ
783 863 893 919 λέγει
921 865 1045 907 τάδε·

1136 796 1191 839 ‘0
1220 797 1298 851 μὲν
1327 801 1463 839 ταῦτα
1494 807 1624 839 συνε-

1078 868 1307 915 ,,Βασιλεῦ,
1337 863 1523 919 χαλεπόν
1545 864 1624 919 μέν
1635 871 1681 906 25

343 932 493 984 2,,έστι
537 931 926 988 συμβουλευομένῳ
967 937 1110 987 τυχεῖν
1148 933 1201 976 τοὶ
1242 932 1397 987 ἄριστα
1423 934 1622 976 εἴπασαν.

369 997 468 1050 »ἐπὶ
497 996 642 1052 μέντοι
681 1003 793 1041 τοῖσι
828 998 1066 1054 κατήκουσι
1103 1000 1337 1055 πρήγμασι,
1379 1000 1517 1044 δοκέει
1547 1016 1625 1055 μοι

369 1063 536 1117 ,,αὐτὸν
574 1065 653 1119 μὲν
692 1065 738 1108 σὲ
778 1063 1036 1109 ἀπελαύνειν
1068 1065 1225 1126 ὀπίσῳ·
1264 1067 1526 1122 Μαρδόνιον
1564 1067 1623 1121 δὲ,

368 1134 433 1184 ,,εἰ
462 1132 598 1174 ἐθέλει
627 1148 670 1174 τε
698 1133 771 1174 καὶ
799 1132 1055 1176 ὑποδέκεται
1083 1138 1220 1176 ταῦτα
1241 1136 1452 1190 ποιήσειν,
1482 1135 1624 1178 αὐτοῦ

338 1203 646 1250 3,,καταλιπεῖν
665 1199 747 1241 σύν
776 1204 888 1243 τοῖσι
917 1200 1065 1244 ἐθέλει.
1095 1205 1225 1244 τοῦτο
1256 1201 1444 1257 μὲνγὰρ,
1474 1200 1530 1256 ἦν
1548 1218 1625 1244 κα-

365 1265 678 1321 ,,ταστρέψηται
718 1266 770 1309 τά
808 1278 917 1323 φησι
954 1269 1141 1321 ἐθέλειν,
1182 1270 1256 1312 καί
1287 1271 1331 1312 οἱ
1358 1267 1681 1324 προχωρήσῃ30

365 1333 442 1384 ,πά
471 1335 609 1376 νοέων
642 1333 764 1389 λέγει,
797 1335 876 1378 σόν
904 1334 952 1379 τό
984 1337 1125 1391 ἔργον,
1157 1332 1191 1380 ὦ
1221 1338 1418 1387 δέσποτα,
1447 1338 1622 1391 γίνεται·

338 1403 443 1453 4,,οῑ
470 1401 552 1456 γὰρ
582 1402 651 1445 σοὶ
681 1404 832 1446 δοῦλοι
860 1405 1191 1458 κατεργάσαντο.

363 1470 568 1522 ,,έναντία
597 1474 672 1525 τῆς
702 1473 964 1525 Μαρδονίου
992 1472 1167 1528 γνώμης
1204 1471 1400 1527 γένηται,
1442 1470 1625 1526 ου’δεμία

359 1538 596 1594 ,,συμφορή
619 1539 780 1596 μεγάλη
810 1540 937 1593 ἔσται,
973 1541 1044 1583 σέο
1073 1557 1117 1583 τε
1136 1539 1393 1595 περιεόντος,
1424 1541 1497 1583 καὶ
1524 1539 1627 1583 ἐκεί-

360 1623 479 1661 ,,νων
507 1610 596 1650 τῶν
627 1607 891 1664 πρηγμάτων
921 1609 1019 1662 περὶ
1049 1606 1174 1651 οἶκον
1203 1608 1280 1652 τόν
1311 1608 1405 1652 σόν.

1465 1606 1523 1663 ἦν
1541 1606 1624 1662 γάρ
1635 1613 1680 1649 35

362 1675 447 1728 ,,σύ
481 1690 526 1718 τε
560 1679 738 1733 περιῇς,
772 1677 845 1720 καὶ
876 1673 996 1728 οἶκος
1024 1675 1047 1720 ὁ
1079 1676 1171 1729 σὸς,
1201 1676 1389 1728 πολλοὺς
1417 1674 1622 1726 πολλάκις

309 1837 452 1876 λευσον
481 1853 517 1876 κ.
545 1854 578 1876 τ.
598 1841 630 1878 λ.
655 1840 895 1889 conferatur,
925 1841 965 1878 in

310 1894 445 1944 quibus
491 1894 625 1932 iisdem
681 1899 966 1935 coniunctivum

310 1948 597 1988 deliberativum
636 1954 675 1989 in
717 1955 878 2005 obliquis
905 1955 966 1990 in-

307 2009 622 2057 terrogationibus
653 2017 689 2046 et
720 2009 966 2048 dubitationi-

308 2062 379 2099 bus
400 2062 612 2101 adhibitum
634 2069 778 2104 notavit
800 2069 845 2104 G.
869 2070 967 2104 Her-

309 2131 440 2156 mann.
473 2122 631 2172 Opuscc.
670 2123 905 2161 Acadcl.xIV
926 2139 965 2175 p.

309 2177 364 2215 90
383 2190 489 2229 seqq.
519 2178 566 2215 de
593 2192 688 2217 voce
710 2176 898 2228 άπόδεξις
921 2182 969 2218 cf.

309 2239 404 2270 nott.
427 2234 475 2270 ad
494 2236 531 2282 Ι,
558 2239 591 2275 1.

539 2293 632 2342 Cap.
655 2293 732 2330 CII.

362 2343 534 2396 χαλεπόν
570 2347 641 2399 μέν
679 2348 759 2387 ἐστι
791 2349 969 2398 συμβου-

309 2401 505 2456 λευομένῳ
538 2419 574 2445 κ.
597 2420 628 2443 τ.
646 2406 699 2452 λ.]
731 2406 864 2441 Merito
884 2406 969 2441 lau-

310 2457 401 2494 dant
432 2458 617 2510 Stephani
650 2463 881 2498 versionem:
917 2475 968 2499 me

309 2515 375 2551 tibi
394 2517 586 2554 consulenti
605 2520 767 2568 optimum
787 2518 869 2554 (lare
882 2532 965 2556 con-

309 2570 438 2609 ετίίνηι.
495 2575 594 2611 Nam
639 2580 769 2625 τυχεῖν
798 2575 964 2614 εἷ’-τασαν

314 2625 361 2662 ad
384 2629 485 2665 idem
509 2631 624 2678 redit,
660 2632 707 2669 ad
728 2631 831 2684 quod
850 2645 965 2683 supla

309 2683 531 2731 V111,68:
576 2704 622 2726 τα
651 2685 831 2741 τυγχάνω
863 2704 966 2740 φρο-

310 2738 454 2780 νέουσα
474 2741 612 2794 ἕὶοιστα
630 2744 668 2791 ἒς
688 2743 800 2797 πρήγ
797 2761 896 2784 aaut
916 2742 964 2784 τά

310 2796 374 2838 σά.
420 2801 586 2838 Verbum
616 2799 965 2854 συμβουλεύεσθαι

1023 1841 1128 1891 attigi
1149 1839 1196 1877 ad
1211 1841 1302 1888 VII,
1324 1839 1418 1880 235.
1435 1841 1540 1884 237,
1562 1844 1599 1874 et
1618 1838 1679 1874 10-

1023 1900 1214 1934 cntionem
1241 1896 1303 1937 ἐπὶ
1332 1901 1434 1935 τοῖσι
1462 1891 1681 1944 κατήκουσι

1022 1952 1226 2006 πρήγμασι
1252 1955 1418 2005 explicui
1454 1951 1502 1989 ad
1531 1952 1582 1998 V,
1612 1950 1682 1990 49.

1021 2013 1079 2047 De
1110 2012 1225 2048 verbo
1266 2010 1394 2050 δοκέει
1431 2008 1507 2047 vid.
1546 2006 1682 2045 Matth.

1023 2069 1089 2104 Gr.
1112 2069 1177 2106 Gr.
1196 2069 1233 2113 ξ.
1257 2068 1332 2108 531
1357 2079 1444 2117 pag.
1471 2067 1585 2106 1036.

1085 2124 1126 2162 οἷ
1149 2120 1225 2175 γάρ
1254 2123 1315 2162 σοὶ
1347 2123 1500 2170 δοῦλοι]
1533 2121 1683 2157 Similia

1027 2182 1189 2216 excitavi
1227 2179 1274 2216 ad
1303 2180 1392 2225 vll,
1430 2179 1468 2219 5.
1509 2178 1554 2213 In
1574 2190 1681 2228 seqq.

1027 2235 1074 2272 ad
1091 2250 1226 2273 vocem
1257 2232 1369 2274 οἶκον
1399 2233 1476 2271 vid.
1506 2239 1603 2270 nott.
1633 2232 1683 2269 ad

1026 2293 1080 2340 V,
1125 2296 1191 2333 31.
1227 2294 1283 2328 Ac
1321 2293 1412 2329 scite
1449 2290 1683 2340 WVesseling.
1734 2290 1737 2293 “

1025 2362 1093 2399 pro
1133 2349 1293 2388 ἐκείνων
1331 2351 1412 2386 τῶν
1438 2344 1682 2412 πρηγμάτων

1025 2407 1177 2442 coniicit
1218 2400 1263 2444 εὖ
1291 2404 1482 2451 κειμένων
1520 2406 1544 2440 i.
1577 2416 1611 2439 e.
1648 2406 1682 2439 te

1023 2463 1120 2499 salvo
1151 2469 1187 2499 et
1218 2463 1300 2499 bene
1330 2461 1533 2498 Ιιαὸιηΐιῠιιε
1562 2460 1682 2496 (lomus

1022 2523 1103 2556 tuae
1125 2520 1243 2566 rebus,
1273 2525 1313 2554 ut
1344 2517 1445 2568 apud
1466 2516 1683 2554 Philostrat.

1020 2577 1065 2612 V.
1087 2576 1211 2626 Apoll.
1232 2576 1319 2611 Ylll
1333 2604 1342 2621 ,
1373 2578 1396 2614 7
1418 2588 1456 2625 p.
1476 2574 1571 2614 352.
1601 2571 1681 2610 Sed

1021 2631 1116 2668 nihil
1147 2631 1376 2668 mutandum
1403 2632 1500 2668 bene
1529 2630 1681 2666 monuit

1021 2691 1170 2739 Kriiger
1206 2688 1253 2725 ad
1289 2690 1446 2739 Dionys.
1486 2687 1683 2723 Halicarn-

1021 2747 1140 2797 Epist.
1163 2745 1210 2782 ad
1232 2747 1299 2783 Cn.
1321 2745 1494 2795 Pompei.
1511 2742 1683 2794 pag-46.

1077 2797 1471 2854 πολλοὺς-α’γῶνας
1492 2797 1681 2853 δραμέον-

1249 1409 1379 1448 τοῦτο
1406 1404 1463 1451 δὲ,
1495 1403 1550 1459 ἢν
1570 1401 1622 1446 τὰ
1679 1410 1762 1450 667
