1839 3292
278 499 344 544 92

71 564 238 599 foedusque
256 563 293 591 ad
312 564 349 590 1ἰ-

47 608 50 612 ’
70 599 239 632 beu-tatem,
270 598 349 625 Iuni-

70 632 125 660 bus
153 632 316 667 parandam

71 666 154 693 inter
191 664 349 699 Leotychi-

72 732 196 761 factum.

405 180 490 220 336

810 181 1273 219 HERODOTI

372 288 615 343 8,,οἷωνόν,
651 290 730 333 τὸν
757 288 1117 345 Ἡγησίστρατον,
1148 284 1184 332 ὦ
1213 289 1320 340 ξεῖνε
1349 289 1508 346 Σάμιε·
1540 289 1594 334 σύ
1628 290 1674 336 δὲ

405 356 538 412 »ἡμῖν
583 359 702 400 ποίεε
739 356 853 407 ὅκως
894 355 1028 406 αὐτός
1056 372 1100 398 τε
1131 355 1236 407 δοὺς
1272 359 1416 400 πίστιν
1453 357 1675 402 α’ποπλεύ-

405 437 550 480 ,,σεαι,
587 425 660 467 καὶ
692 426 736 467 οἱ
779 424 863 468 σύν
892 424 964 467 σοὶ
992 423 1135 475 ἐόντες
1166 425 1274 475 οἵδε,
1314 420 1344 480 ἦ
1369 426 1447 480 μὲν
1475 429 1675 482 Σαμίους

403 493 536 548 ,,ἡμῖν
566 491 825 546 προθύμους
864 492 1038 535 ἔσεσθαι
1077 490 1371 546 συμμάχους.“

1440 497 1585 538 Ταῦτά
1628 512 1674 539 τε

408 561 496 615 ἅμα
525 558 733 615 ἠγόρευε,
761 559 834 603 καὶ
863 559 912 604 τό
946 560 1073 616 ἔργον
1102 563 1305 615 προσῆγε.
1338 557 1493 603 αὐτίκα
1511 562 1597 617 γάρ
1628 565 1673 606 οἷ

407 629 572 683 Σάμιοι
611 629 757 670 πίστιν
795 644 838 670 τε
883 628 957 671 καὶ
994 627 1120 682 ὅρκια
1166 629 1390 671 ἐποιεῦντο
1438 631 1732 686 συμμαχίης4ο

72 699 138 726 ‘¹0¹¹'
167 707 202 726 ³⁰
232 699 349 734 ¹2g³t⁰⁸
379 697 508 750 Ξπὲρι
536 694 648 748 πρός
682 695 785 746 τοὺς
810 694 1032 752 ”Ελληνας.
1090 699 1228 740 ταῦτα
1247 698 1291 740 δὲ
1321 694 1596 753 ποιήσαντες,
1635 699 1678 741 οἱ

405 765 486 821 μὲν
518 762 756 807 ἀπέπλεον·
795 764 898 819 μετὰ
931 764 1077 819 σφέων
1106 763 1188 820 γὰρ
1219 764 1382 808 ἐκέλευε
1419 764 1563 808 πλέειν
1600 763 1677 808 τὸν

377 832 771 888 3“Ηγησίστρατον,
802 831 966 874 οἰωνὸν
994 831 1043 875 τό
1073 832 1243 888 οὔνομα
1264 831 1534 888 ποιεύμενος.
1566 835 1610 876 οῐ
1632 832 1678 876 δὲ

397 900 614 955 ’Έλληνες,
644 897 888 953 ἐπισχόντες
915 898 1080 956 ταύτην
1100 901 1178 956 τὴν
1200 898 1376 956 ἡμέρην,
1407 904 1457 957 τῇ
1472 899 1678 957 ὑστεραίῃ
1689 904 1733 941 45

409 966 748 1020 ἐκαλλιερέοντο,
779 967 1105 1023 μαντευομένου
1128 980 1207 1024 σφι
1220 967 1453 1024 Ληϊφόνου
1470 973 1551 1012 τοῦ
1566 967 1680 1025 Εὐη-

409 1038 530 1088 νίου,
587 1032 745 1088 ἀνδρὸς
782 1032 1146 1093 Ἀπολλωνιήτεω,
1195 1033 1483 1093 Ἀπολλωνίης
1518 1037 1564 1080 δὲ
1601 1040 1679 1094 τῆς

411 1104 459 1149 ἓν
488 1106 547 1160 τῷ
566 1101 702 1162 Ἰονίῳ
732 1100 894 1161 κόλπῳ.

355 1292 449 1330 boni
467 1291 582 1329 fuisse
611 1289 748 1328 ominis
774 1288 1020 1326 manifestum

357 1356 424 1398 est,
446 1349 570 1401 quale,
592 1355 635 1385 ut
651 1349 701 1384 ait
729 1347 1029 1396 Wesseliugius‚.

356 1408 531 1456 Augusto
553 1405 600 1442 ad
615 1406 770 1442 Actium
791 1411 878 1440 ante
898 1405 1020 1440 aciem

359 1465 494 1500 asellus
515 1476 604 1499 cum
621 1463 781 1499 asinario
811 1459 915 1497 dedit
934 1459 1020 1496 Ειι-

358 1520 485 1571 tychus
502 1519 642 1567 homini,
667 1519 795 1555 bestiae
818 1515 933 1554 Nicon
944 1519 1020 1553 erat

357 1589 489 1624 nomen,
527 1577 650 1629 iuquit
687 1576 848 1612 Suetou.
876 1575 917 1610 in
936 1574 1022 1609 Au-

359 1641 458 1685 gust.
490 1636 558 1675 96.
615 1631 764 1668 Eadem
803 1644 851 1667 ex·
887 1643 1000 1681 super

358 1692 521 1738 stitione,
544 1703 625 1727 rem
646 1688 936 1726 memorabilem
952 1699 1022 1736 ag-

359 1748 545 1798 gressuri,
588 1760 650 1783 eos
682 1746 920 1796 potissimum
952 1743 1023 1779 ad-

358 1805 579 1850 sciscebant,
607 1803 742 1855 quibus
756 1802 888 1853 fausta
909 1801 1023 1837 nomi-

359 1875 429 1908 ηας
480 1862 536 1897 uti
565 1861 836 1910 Vespasianus,
869 1858 1021 1907 Capito-

359 1918 455 1955 lium
472 1916 726 1965 dedicaturus,
755 1918 795 1952 in
816 1915 940 1951 Taciti
960 1912 1021 1949 hi-

359 1981 449 2012 stor.
485 1975 548 2021 lv,
571 1975 622 2014 53
651 1987 740 2011 cum
767 1973 884 2023 Lipsii
913 1970 1022 2011 not,“

359 2053 417 2059 —-—
445 2032 503 2068 De
521 2032 637 2068 verbo
660 2029 823 2080 δέκομαι
843 2028 943 2068 conf.
966 2027 1024 2063 al-

360 2089 437 2127 lata
476 2087 524 2125 ad
553 2088 652 2134 VIII,
697 2086 789 2126 114.
851 2082 1023 2132 Οἰωνόν,

361 2158 461 2198 quae
481 2145 577 2181 iufra
599 2143 696 2181 redit
715 2143 863 2189 vocula,
884 2144 923 2178 in
937 2141 1025 2177 uni-

361 2215 515 2241 versum
548 2215 616 2252 pro
651 2202 758 2237 omine
786 2200 900 2251 poni,
936 2198 1022 2234 satis

361 2266 465 2311 patet
517 2272 565 2295 ex
602 2256 775 2308 Euripid.
824 2255 1023 2294 Phoeniss.

361 2315 465 2356 865:
499 2328 615 2367 quem
634 2316 763 2351 locum
794 2314 917 2349 attulit
930 2312 1023 2348 Val-

362 2371 543 2410 ckenaer.
599 2372 686 2408 Alia
726 2368 814 2406 dedi
849 2368 897 2406 ad
921 2369 1022 2405 Plut.

359 2431 480 2468 Flam.
504 2432 529 2470 7
551 2442 589 2479 p.
603 2430 672 2469 96.

415 2481 443 2538 ἦ
469 2483 556 2536 μὲν]
589 2485 724 2521 Merito
745 2483 797 2520 sic
815 2481 1024 2533 repositum

357 2556 427 2594 pro
460 2537 488 2594 ἦ
523 2538 627 2592 μήν,
662 2548 705 2578 ut
738 2542 811 2587 ΙΙΙ,
853 2541 920 2579 66.
958 2538 1022 2586 lv,

361 2599 451 2639 154.
478 2598 579 2635 Add.
596 2601 783 2648 Hartung.
798 2594 922 2632 Lehre
937 2610 975 2634 v.
988 2594 1024 2631 d.

365 2655 517 2693 Griech.
535 2655 678 2693 Parlik.
704 2657 739 2692 II
758 2666 847 2706 pag.
865 2655 960 2694 391.

568 2736 660 2786 Cap.
695 2735 813 2774 xcn.

413 2786 536 2830 ταῦτα’
565 2807 605 2831 τε
636 2789 719 2845 ἅμα
741 2816 791 2820 -
827 2789 1024 2844 προσῆγε]

1074 1290 1137 1328 Ad
1177 1290 1354 1328 orationis
1392 1295 1619 1327 structuram
1655 1286 1734 1327 vid.

1073 1350 1150 1397 ΙΙΙ,
1176 1348 1268 1389 135.
1315 1346 1564 1384 Valckenaer.
1595 1353 1734 1383 contu-

1076 1407 1171 1443 lerat
1191 1406 1289 1452 vlu,
1313 1404 1351 1445 5.
1373 1407 1439 1445 97.
1462 1405 1536 1440 Pro
1557 1405 1734 1454 προσῆγε

1076 1476 1174 1500 uuus
1197 1461 1387 1499 Sancrofti
1418 1460 1542 1498 codex
1571 1462 1734 1511 προῆγε,

1077 1518 1181 1572 quod
1200 1518 1303 1555 idem
1331 1519 1370 1554 in
1391 1524 1562 1554 mentem
1582 1522 1738 1554 venerat

1078 1574 1442 1626 Schweighaeusero
1453 1575 1614 1612 vertenti
1627 1586 1636 1610 :
1649 1586 1737 1624 pro-

1079 1635 1180 1671 cessit
1203 1634 1393 1681 negotium.
1416 1630 1632 1681 Sedpostea
1651 1642 1738 1666 ma-

1078 1692 1147 1727 luit
1166 1691 1207 1726 in
1227 1690 1331 1739 vulg.
1348 1690 1598 1740 acquiescere,
1621 1699 1738 1739 quam

1076 1749 1129 1784 ita
1162 1747 1451 1796 interpretatur:
1490 1746 1638 1781 sermoni
1668 1756 1739 1780 rem

1078 1807 1191 1855 ipsam
1217 1803 1344 1840 adiecit
1374 1804 1399 1838 i.
1423 1815 1456 1838 e.
1478 1805 1510 1838 et
1533 1814 1604 1838 rem
1626 1802 1739 1851 ipsam

1076 1862 1271 1912 praestitit.
1304 1858 1413 1895 Idem
1435 1859 1557 1908 placet
1574 1859 1740 1894 Letrou-

1077 1920 1142 1954 nio
1177 1917 1328 1963 (Jouru.
1351 1914 1388 1952 d.
1410 1916 1500 1952 Sav.
1524 1917 1630 1955 1817
1651 1926 1738 1965 pag.

1080 1973 1152 2020 44)
1173 1975 1224 2010 sic
1244 1971 1437 2009 reddenti:
1461 1972 1490 2012 il
1499 1971 1636 2020 jov'gnz't
1654 1984 1740 2008 aus-

1079 2031 1164 2068 sz'tat
1230 2030 1312 2079 effet
1339 2043 1414 2066 aux
1434 2028 1591 2079 paretes,
1635 2026 1740 2079 quod

1079 2086 1184 2124 idem
1205 2088 1277 2124 alio
1293 2086 1410 2123 modo
1432 2084 1647 2122 Herodotus
1668 2097 1739 2120 ex-

1080 2145 1212 2195 pressit
1239 2145 1313 2191 111,
1352 2143 1453 2189 1353
1493 2153 1660 2192 namque
1690 2139 1739 2177 ad

1079 2203 1255 2252 προσῆγε
1275 2199 1380 2236 idem
1398 2199 1613 2236 subiectum
1633 2196 1739 2250 quod

1078 2257 1127 2293 ad
1147 2251 1330 2308 ἠγόρευε.

1136 2324 1268 2363 πίστιν
1288 2338 1327 2362 τε
1343 2320 1409 2361 καὶ
1428 2318 1563 2374 ὅρκια]
1587 2318 1739 2358 Eodem

1078 2381 1195 2418 modo
1236 2381 1364 2417 iuncta
1393 2380 1640 2416 inveniuntur
1672 2378 1737 2425 111,

1078 2437 1146 2479 74.
1191 2439 1266 2485 IX,
1300 2439 1391 2477 106.
1415 2456 1471 2464 —
1510 2437 1612 2472 Ante
1640 2428 1740 2473 οἷπέ-

1079 2497 1201 2534 πλεον
1221 2492 1391 2533 Bekker.
1413 2491 1597 2529 excidisse
1620 2491 1738 2528 conii-

1080 2552 1130 2589 cit
1161 2548 1232 2602 μὲν
1266 2546 1354 2589 δύο.
1390 2573 1442 2579 -—
1482 2548 1545 2586 Ad
1577 2560 1738 2600 sequens

1080 2606 1369 2658 ἐκαλλιερέοντο
1417 2604 1495 2644 vid.
1543 2611 1640 2646 nott.
1691 2602 1738 2640 ad

1080 2666 1170 2712 Vll,
1196 2664 1287 2705 134.

1136 2728 1401 2781 Ἀπολλωνίης
1426 2727 1468 2769 δὲ
1508 2731 1580 2780 τῆς
1611 2726 1653 2766 ἒν
1684 2728 1738 2779 τῷ

1078 2785 1203 2844 Ἰονίῳ
1223 2785 1379 2842 κόλπῳ]
1399 2789 1457 2824 De
1477 2786 1642 2838 genitivo
1662 2781 1738 2820 hoc
