1839 3292
506 179 967 214 CALLIOPE.
1027 180 1106 214 IX.
1364 183 1451 223 295

151 286 320 332 Ξαύτοῦ
349 284 617 340 Εὐρύπυλον
651 287 722 329 καὶ
750 285 1052 341 Θρασυδήιον,
1084 286 1198 341 ἔλεγε
1217 299 1225 309 ·
1258 280 1334 337 ,,Ὦ
1353 294 1447 330 παῖ-

178 357 275 408 ,,δες
298 353 506 402 Ἀλεύεω,
546 354 606 396 ἔτι
636 356 676 397 τί
705 356 861 406 λέξετε,
905 354 1009 397 τάδε
1050 352 1247 408 ὁρέοντες
1278 353 1443 409 έρῆμα;

176 421 327 475 „figitis
355 422 437 475 γὰρ
466 423 510 464 οἱ
544 422 836 477 πλησιόχωροι
876 422 1035 476 ἐλέγετε
1072 423 1444 476 Λακεδαιμονίους

175 488 259 543 ,,οὕ
290 488 468 545 φεύγειν
499 489 546 532 ἐκ
575 488 730 544 μάχης,
763 489 868 532 ἄλλα
899 487 1065 543 ἄνδρας
1095 487 1206 532 εἶναι
1234 488 1286 532 τὰ
1315 489 1442 531 πολέ-

176 575 279 613 ,,μια
308 556 533 610 πρώτους·
571 556 674 607 τούς
703 555 921 612 πρότερόν
960 573 1004 599 τε
1033 557 1366 612 μετισταμένους
1395 556 1497 599 έκ15

175 629 278 681 ,,τῆς
306 624 448 677 τάξιος
478 626 625 675 εἴδετε,
675 628 762 668 νῦν
800 641 842 668 τε
877 622 965 667 ὑπὸ
1001 623 1081 679 τήν
1120 624 1440 678 παροιχομένην

143 693 344 745 3,,νύκτα
371 692 444 735 καὶ
473 693 516 733 οἱ
544 690 702 743 πάντες
727 692 910 748 ὁρέομεν
932 691 1205 745 διαδράντας.
1247 690 1439 743 διέδεξάν

173 777 268 816 ,,τε,
308 760 399 803 ἐπεί
428 769 563 813 σφεας
590 758 678 801 ἔδεε
707 759 816 814 πρὸς
844 758 948 810 τοὺς
987 759 1207 811 ἀψευδέως
1234 757 1438 812 ἀρίστους

176 825 453 882 ,,ἀνθρώπων
482 825 595 882 μάχῃ
618 830 909 883 διακριθῆναι,
942 827 1009 871 ὅτι
1035 827 1211 879 οὐδένες
1238 826 1324 880 ἄρα
1346 826 1436 868 ἐόν-

173 910 291 946 ,,τες,
344 894 391 937 ἐν
428 894 660 948 οὐδαμοῖσι
700 896 820 939 ἐοῦσι
851 895 1026 949 ”Enna
1063 893 1490 939 ἐναπεδεικνύατο.ἓο

141 962 284 1013 4,.Καὶ
314 961 419 1015 ὑμῖν
449 962 548 1016 μὲν,
580 962 701 1006 ἐοῦσι
721 961 923 1017 Περσέων
946 963 1182 1019 ἀπείροισι,
1211 961 1349 1018 πολλή
1383 962 1429 1004 ἔκ

166 1045 239 1084 „ys
270 1030 371 1085 ἐμεῦ
401 1030 560 1085 ἐγίνετο
600 1030 857 1086 συγγνώμη,
899 1029 1188 1075 ἐπαινεόντων
1230 1029 1428 1082 τούτους,

113 1232 210 1262 nott.
231 1224 279 1261 ad
293 1226 366 1272 ΙΙΙ,
387 1224 426 1264 4.
455 1226 633 1261 Formam
651 1224 771 1263 εἴδετε

114 1281 202 1318 hinc
247 1283 333 1318 citat
366 1280 501 1318 Matth.
531 1283 597 1318 Gr.
633 1283 697 1319 Gr.
730 1283 768 1327 §-

113 1341 190 1378 231
214 1351 300 1388 pag.
318 1338 411 1385 449,
435 1339 498 1389 qui
517 1338 619 1374 idem
634 1339 670 1383 ξ.
687 1340 767 1377 ’266

111 1408 150 1445 p.
173 1394 253 1435 549
285 1395 498 1431 conseratur
527 1393 575 1431 ad
595 1407 705 1431 voces
729 1393 770 1432 οἱ

111 1447 268 1497 πάντες.
289 1472 344 1478 -
382 1452 439 1486 De
469 1452 584 1487 verbo
616 1451 768 1489 διαδει-

109 1503 258 1547 κνύναι
270 1508 489 1544 monuimus
510 1507 558 1544 ad
568 1508 647 1555 Vll,
673 1509 768 1547 172.

164 1582 223 1625 ’ὅτι
252 1582 412 1633 οὐδένες
449 1582 527 1638 ἄρα
557 1581 689 1632 ἐόντες
709 1606 765 1613 —

107 1637 457 1691 ἐναπεδεικνύατο]
498 1644 619 1679 Usum
662 1643 765 1680 vocis

108 1694 270 1746 ούδείνες
298 1700 420 1749 tangit
453 1698 587 1739 Matth.
611 1700 675 1736 Gr.
697 1700 762 1738 Gr.

109 1757 146 1801 §.
169 1755 269 1804 437,
299 1759 318 1795 1
342 1769 428 1806 pag.
451 1758 549 1804 817,
574 1757 637 1807 qui
657 1755 762 1792 idem

105 1814 142 1858 ξ-
164 1811 270 1860 549,
301 1812 324 1853 5
359 1825 446 1863 pag.
477 1815 581 1854 1077
611 1812 658 1848 de
690 1826 761 1849 usu

105 1869 290 1919 participii
315 1864 440 1914 ἐόντες
469 1871 544 1919 egit
565 1876 601 1905 et
622 1871 658 1914 ξ.
679 1867 760 1909 214

107 1937 191 1976 pag.
213 1924 293 1964 409
317 1924 364 1961 de
384 1925 507 1961 forma
528 1926 660 1962 tertiae
671 1939 761 1976 per-

103 1994 219 2019 sonae
250 1979 589 2020 ἐναπεδεικνύατο.
648 1981 759 2027 Quod

105 2037 153 2074 ad
173 2038 317 2089 reliqua
334 2039 492 2083 attinet,
520 2037 648 2075 durius
667 2052 758 2075 saue

103 2093 248 2131 dictum
280 2094 429 2131 videtur
464 2095 510 2131 ab
541 2094 758 2133 Herodoto:

105 2150 279 2197 διέδεξαν
302 2173 351 2178 -
384 2147 445 2190 ὅτι
464 2173 519 2178 -
547 2149 677 2198 ἐόντες
703 2174 753 2179 ——

105 2204 456 2254 ἐναπεδεικνύατο,
500 2221 520 2243 a
556 2207 757 2259 Schweig-

105 2262 283 2300 haeuser-0
303 2265 353 2300 ita
364 2265 497 2300 Latine
514 2276 755 2315 expressum:

107 2321 343 2368 ostenderunt,
378 2335 432 2368 se,
466 2334 568 2370 quum
596 2324 667 2358 sint
695 2325 756 2359 ηἰ-

106 2375 172 2411 hili
190 2376 359 2424 homines,
387 2380 477 2414 inter
494 2378 666 2426 Graecos,
696 2380 759 2428 qui

105 2444 164 2468 nec
187 2434 255 2481 ipsi
282 2434 390 2470 ullius
415 2436 485 2470 sint
501 2433 648 2483 frugis,
669 2448 757 2472 θηη-

105 2489 229 2526 unisse.
286 2491 329 2524 In
364 2491 456 2527 Lex.
478 2491 617 2528 Herod.
652 2490 756 2527 idem

106 2542 321 2594 Schweigh.
336 2547 450 2583 verbo
473 2545 755 2587 ἐναποδείκνυ-

104 2605 202 2638 σθαι
230 2602 413 2650 passivam
442 2604 554 2640 tribui
583 2605 663 2641 vult
682 2617 755 2641 uo-

104 2657 258 2703 tionem,
281 2658 330 2693 ita
351 2664 394 2694 ut
413 2662 560 2709 proprie
580 2659 619 2697 h.
639 2661 665 2697 l.
686 2674 756 2697 va-

103 2713 197 2749 leat:
240 2715 404 2750 ostentati
442 2720 521 2752 sunt
537 2746 546 2763 ‚
586 2721 754 2767 tanquam

99 2771 280 2820 praecipua
307 2774 339 2806 et
371 2772 491 2809 eximii
520 2773 687 2824 insigniti
721 2776 755 2810 et

825 1224 992 1261 celebrati
1008 1227 1110 1270 sunt3
1141 1237 1217 1274 quo
1238 1223 1376 1261 eodem
1394 1238 1484 1262 sen-

823 1294 867 1317 su
888 1281 934 1316 ab
971 1281 1050 1317 aliis
1078 1279 1182 1317 addit
1211 1282 1371 1318 verbum
1391 1282 1484 1332 poni

822 1336 1106 1376 ἐνδείκνυσθαι
1145 1337 1380 1385 (ostentari),
1441 1345 1482 1375 ut

822 1393 923 1444 apud
943 1392 1122 1431 Aeschin.
1145 1395 1182 1429 iu
1206 1393 1370 1443 Ctesiph.
1392 1407 1481 1444 pag.

824 1452 905 1490 610
917 1448 1045 1486 Reisk.
1064 1448 1258 1488 Plutarch.
1282 1452 1400 1490 Cicer,
1422 1464 1483 1501 cp.

827 1506 890 1544 14.
948 1505 1139 1557 Equidem
1174 1504 1277 1542 haud
1316 1507 1393 1542 scio
1433 1520 1483 1543 an

822 1563 981 1599 verbum
995 1562 1355 1602 ἐναποδείκνυσθαι
1371 1576 1481 1601 suam

820 1616 883 1655 hic
910 1632 1064 1671 quoque
1086 1620 1245 1656 retineat
1266 1621 1478 1669 notionem,

820 1676 872 1712 ita
893 1683 934 1713 ut
954 1677 1123 1726 scriptor,
1147 1677 1194 1712 ob
1216 1677 1377 1714 verbum
1399 1675 1479 1716 διέ-

820 1732 958 1780 δεξαν,
989 1734 1102 1769 nimis
1123 1731 1216 1769 illud
1238 1732 1394 1785 quidem
1414 1746 1477 1769 re-

815 1795 965 1826 motum
977 1819 987 1837 ‚
1009 1788 1178 1826 eiusdem
1197 1790 1480 1840 significationis

815 1846 975 1882 verbum
996 1847 1093 1882 infra
1114 1846 1239 1883 denuo
1251 1846 1474 1897 ponendum

816 1909 917 1939 ratus
945 1901 1019 1939 duo
1054 1904 1105 1939 ita
1144 1905 1311 1953 posuerit
1344 1905 1471 1951 verba,

817 1972 914 2010 quae
934 1960 974 1994 in
991 1960 1132 1995 Latinis
1154 1973 1230 1996 uno
1250 1959 1358 1996 reddi
1382 1973 1474 2012 que-

817 2023 893 2053 ant.
954 2016 1271 2052 commonstrarunt
1289 2017 1347 2052 illa·
1371 2020 1471 2064 satis,

815 2073 866 2108 ait
884 2071 1123 2119 Mardonius,
1166 2085 1200 2108 se
1220 2073 1273 2109 vel
1292 2075 1384 2108 inter
1405 2086 1471 2118 eos,

815 2131 878 2179 qui
903 2129 1012 2166 nihili
1035 2132 1139 2173 sunt,
1176 2129 1347 2177 Graecos,
1374 2129 1473 2165 nullo

814 2185 886 2222 loco
911 2199 979 2222 esse
1012 2184 1200 2222 censendos.
1257 2187 1334 2221 Nec
1364 2186 1471 2222 aliter

813 2243 1050 2278 intellexerat
1069 2242 1175 2277 Valla
1207 2242 1259 2278 ita
1284 2243 1470 2292 interpre-

812 2305 895 2336 tans
913 2311 923 2336 τ
945 2298 1062 2345 „unde
1090 2297 1222 2334 mallius
1241 2311 1311 2335 esse
1337 2311 1370 2334 se
1388 2311 1471 2348 pre-

813 2357 878 2403 tii,
907 2357 996 2392 inter
1021 2355 1193 2402 Graecos,
1214 2358 1248 2391 et
1273 2357 1366 2404 ipsos
1384 2355 1470 2391 nul-

813 2412 884 2449 lius
915 2413 1024 2461 pretii
1059 2413 1172 2457 viros,
1212 2411 1466 2447 ostenderuntf‘

814 2469 969 2505 Censori
988 2469 1137 2503 lenensi
1158 2469 1285 2512 (1828
1307 2480 1365 2504 nr.
1390 2469 1467 2507 185

811 2538 898 2576 pag.
920 2524 1014 2573 47),
1042 2536 1158 2575 quem
1179 2523 1382 2573 Stegerum
1409 2524 1468 2560 vi-

812 2581 892 2618 deri
916 2581 992 2616 iam
1024 2593 1136 2630 supra
1166 2578 1265 2627 dixi,
1300 2581 1468 2616 scriben—

811 2637 904 2675 dum
924 2636 1074 2673 videtur
1098 2633 1436 2676 ἐνεπεδεικνύατο.

868 2710 1128 2754 ἐπαινεόντων
1155 2709 1335 2764 τούτους]
1358 2714 1466 2755 ἔπαι-

811 2767 985 2813 νεόντων
1025 2770 1073 2808 ad
1111 2771 1336 2810 antecedens
1368 2770 1466 2823 ὑμῖν

1827 2521 1839 2712 m
1830 2188 1839 2456 mm
1836 2148 1838 2167 „-

1822 2739 1839 2848 ‘'‘fl
