<?xml version="1.0" encoding="UTF-8"?>
<!DOCTYPE html PUBLIC "-//W3C//DTD XHTML 1.0 Transitional//EN"
    "http://www.w3.org/TR/xhtml1/DTD/xhtml1-transitional.dtd">
<html xmlns="http://www.w3.org/1999/xhtml" xml:lang="en" lang="en">
 <head>
  <title>
</title>
<meta http-equiv="Content-Type" content="text/html;charset=utf-8" />
  <meta name='ocr-system' content='tesseract 3.04.00' />
  <meta name='ocr-capabilities' content='ocr_page ocr_carea ocr_par ocr_line ocrx_word'/>
</head>
<body>
  <div class='ocr_page' id='page_1' title='image "./musaeher04hero_0236.png"; bbox 0 0 1839 3292; ppageno 0'>
   <div class='ocr_carea' id='block_1_1' title="bbox 377 213 463 255">
    <p class='ocr_par' dir='ltr' id='par_1_1' title="bbox 377 213 463 255">
     <span class='ocr_line' id='line_1_1' title="bbox 377 213 463 255; baseline -0.023 0"><span class='ocrx_word' id='word_1_1' title='bbox 377 213 463 255; x_wconf 83' lang='lat'><strong><em>228</em></strong></span> 
     </span>
    </p>
   </div>
   <div class='ocr_carea' id='block_1_2' title="bbox 782 204 1242 246">
    <p class='ocr_par' dir='ltr' id='par_1_2' title="bbox 782 204 1242 246">
     <span class='ocr_line' id='line_1_2' title="bbox 782 204 1242 246; baseline -0.013 0"><span class='ocrx_word' id='word_1_2' title='bbox 782 204 1242 246; x_wconf 81' lang='lat' dir='ltr'>HERODOTI</span> 
     </span>
    </p>
   </div>
   <div class='ocr_carea' id='block_1_3' title="bbox 385 309 1638 377">
    <p class='ocr_par' dir='ltr' id='par_1_3' title="bbox 385 309 1638 377">
     <span class='ocr_line' id='line_1_3' title="bbox 405 309 1564 340; baseline -0.012 -5"><span class='ocrx_word' id='word_1_3' title='bbox 405 324 425 340; x_wconf 86' lang='grc'><strong><em>,,</em></strong></span> <span class='ocrx_word' id='word_1_4' title='bbox 655 318 666 333; x_wconf 83' lang='grc'><strong><em>,</em></strong></span> <span class='ocrx_word' id='word_1_5' title='bbox 705 319 714 332; x_wconf 70' lang='grc'>,</span> <span class='ocrx_word' id='word_1_6' title='bbox 790 315 802 330; x_wconf 49' lang='grc' dir='ltr'><em>ρ</em></span> <span class='ocrx_word' id='word_1_7' title='bbox 972 314 981 328; x_wconf 61' lang='lat'><em>1</em></span> <span class='ocrx_word' id='word_1_8' title='bbox 1034 314 1045 327; x_wconf 76' lang='lat'>‚</span> <span class='ocrx_word' id='word_1_9' title='bbox 1217 311 1227 325; x_wconf 77' lang='lat'><strong>.</strong></span> <span class='ocrx_word' id='word_1_10' title='bbox 1270 311 1278 323; x_wconf 69' lang='lat'><em>-</em></span> <span class='ocrx_word' id='word_1_11' title='bbox 1351 312 1361 324; x_wconf 48' lang='lat'>2</span> <span class='ocrx_word' id='word_1_12' title='bbox 1419 309 1430 323; x_wconf 49' lang='lat' dir='ltr'>r</span> <span class='ocrx_word' id='word_1_13' title='bbox 1555 309 1564 324; x_wconf 82' lang='lat'><em>,</em></span> 
     </span>
     <span class='ocr_line' id='line_1_4' title="bbox 385 314 1638 377; baseline -0.013 -11"><span class='ocrx_word' id='word_1_14' title='bbox 385 326 582 377; x_wconf 73' lang='grc' dir='ltr'><strong><em>ειρεσθαι</em></strong></span> <span class='ocrx_word' id='word_1_15' title='bbox 613 335 748 362; x_wconf 82' lang='grc' dir='ltr'><strong><em>αυτον</em></strong></span> <span class='ocrx_word' id='word_1_16' title='bbox 779 317 1004 365; x_wconf 87' lang='grc' dir='ltr'><strong><em>οποδαπος</em></strong></span> <span class='ocrx_word' id='word_1_17' title='bbox 1029 325 1139 365; x_wconf 83' lang='grc' dir='ltr'><strong><em>εστι,</em></strong></span> <span class='ocrx_word' id='word_1_18' title='bbox 1172 329 1304 362; x_wconf 84' lang='grc' dir='ltr'><strong><em>αυτος</em></strong></span> <span class='ocrx_word' id='word_1_19' title='bbox 1323 314 1368 354; x_wconf 87' lang='grc' dir='ltr'><strong><em>δε</em></strong></span> <span class='ocrx_word' id='word_1_20' title='bbox 1403 323 1638 363; x_wconf 84' lang='grc' dir='ltr'><strong><em>υποκρινα-</em></strong></span> 
     </span>
    </p>
   </div>
   <div class='ocr_carea' id='block_1_4' title="bbox 353 381 1019 440">
    <p class='ocr_par' dir='ltr' id='par_1_4' title="bbox 353 381 1019 440">
     <span class='ocr_line' id='line_1_5' title="bbox 353 381 1019 440; baseline -0.017 -6"><span class='ocrx_word' id='word_1_21' title='bbox 353 394 492 434; x_wconf 80' lang='grc' dir='ltr'><strong><em>4σθαι</em></strong></span> <span class='ocrx_word' id='word_1_22' title='bbox 533 388 591 438; x_wconf 79' lang='grc' dir='ltr'><strong><em>ὡς</em></strong></span> <span class='ocrx_word' id='word_1_23' title='bbox 633 388 697 440; x_wconf 81' lang='grc' dir='ltr'><strong><em>εἴη</em></strong></span> <span class='ocrx_word' id='word_1_24' title='bbox 735 381 1019 440; x_wconf 80' lang='grc' dir='ltr'><strong><em>Ὀρχομένιος.</em></strong></span> 
     </span>
    </p>
   </div>
   <div class='ocr_carea' id='block_1_5' title="bbox 1079 374 1700 429">
    <p class='ocr_par' dir='ltr' id='par_1_5' title="bbox 1079 374 1700 429">
     <span class='ocr_line' id='line_1_6' title="bbox 1079 374 1700 429; baseline -0.011 -7"><span class='ocrx_word' id='word_1_25' title='bbox 1079 379 1157 422; x_wconf 79' lang='grc' dir='ltr'><strong><em>τόν</em></strong></span> <span class='ocrx_word' id='word_1_26' title='bbox 1191 378 1237 421; x_wconf 76' lang='grc' dir='ltr'><strong><em>δὲ</em></strong></span> <span class='ocrx_word' id='word_1_27' title='bbox 1282 380 1443 420; x_wconf 82' lang='grc' dir='ltr'><strong><em>εἰπεῖν·</em></strong></span> <span class='ocrx_word' id='word_1_28' title='bbox 1502 374 1700 429; x_wconf 58' lang='lat' dir='ltr'><strong><em>„Emi-40</em></strong></span> 
     </span>
    </p>
   </div>
   <div class='ocr_carea' id='block_1_6' title="bbox 359 444 1703 1051">
    <p class='ocr_par' dir='ltr' id='par_1_6' title="bbox 359 444 1703 1051">
     <span class='ocr_line' id='line_1_7' title="bbox 387 444 1642 513; baseline -0.013 -11"><span class='ocrx_word' id='word_1_29' title='bbox 387 462 498 513; x_wconf 85' lang='grc' dir='ltr'><strong><em>,.,νῦν</em></strong></span> <span class='ocrx_word' id='word_1_30' title='bbox 532 451 828 510; x_wconf 73' lang='grc' dir='ltr'><strong><em>ὁμοτράπεζός</em></strong></span> <span class='ocrx_word' id='word_1_31' title='bbox 867 465 912 492; x_wconf 90' lang='grc' dir='ltr'><strong><em>τε</em></strong></span> <span class='ocrx_word' id='word_1_32' title='bbox 952 465 1028 505; x_wconf 91' lang='grc' dir='ltr'><strong><em>μοι</em></strong></span> <span class='ocrx_word' id='word_1_33' title='bbox 1060 447 1133 490; x_wconf 83' lang='grc' dir='ltr'><strong><em>καὶ</em></strong></span> <span class='ocrx_word' id='word_1_34' title='bbox 1177 444 1451 500; x_wconf 82' lang='grc' dir='ltr'><em>ὁμόσπονδος</em></span> <span class='ocrx_word' id='word_1_35' title='bbox 1488 444 1642 499; x_wconf 81' lang='grc' dir='ltr'><strong><em>ἐγένεο,</em></strong></span> 
     </span>
     <span class='ocr_line' id='line_1_8' title="bbox 388 511 1643 581; baseline -0.011 -14"><span class='ocrx_word' id='word_1_36' title='bbox 388 519 678 581; x_wconf 55' lang='grc' dir='ltr'><strong><em>,μνημόσυνά</em></strong></span> <span class='ocrx_word' id='word_1_37' title='bbox 709 535 777 562; x_wconf 84' lang='grc' dir='ltr'><strong><em>τοι</em></strong></span> <span class='ocrx_word' id='word_1_38' title='bbox 805 518 980 574; x_wconf 74' lang='grc' dir='ltr'><strong><em>γνώμης</em></strong></span> <span class='ocrx_word' id='word_1_39' title='bbox 1010 519 1086 571; x_wconf 84' lang='grc' dir='ltr'><strong><em>τῆς</em></strong></span> <span class='ocrx_word' id='word_1_40' title='bbox 1118 514 1220 569; x_wconf 75' lang='grc' dir='ltr'><strong><em>ἐμῆς</em></strong></span> <span class='ocrx_word' id='word_1_41' title='bbox 1240 512 1554 555; x_wconf 81' lang='grc' dir='ltr'><strong><em>καταλιπέσθαι</em></strong></span> <span class='ocrx_word' id='word_1_42' title='bbox 1571 511 1643 555; x_wconf 81' lang='grc' dir='ltr'><strong><em>θέ-</em></strong></span> 
     </span>
     <span class='ocr_line' id='line_1_9' title="bbox 387 577 1645 647; baseline -0.012 -12"><span class='ocrx_word' id='word_1_43' title='bbox 387 598 495 647; x_wconf 76' lang='grc' dir='ltr'>,,λω·</span> <span class='ocrx_word' id='word_1_44' title='bbox 528 592 601 633; x_wconf 84' lang='grc' dir='ltr'><strong><em>ἴνα</em></strong></span> <span class='ocrx_word' id='word_1_45' title='bbox 620 588 693 631; x_wconf 87' lang='grc' dir='ltr'><strong><em>καὶ</em></strong></span> <span class='ocrx_word' id='word_1_46' title='bbox 716 585 932 643; x_wconf 78' lang='grc' dir='ltr'><strong><em>προειδώς</em></strong></span> <span class='ocrx_word' id='word_1_47' title='bbox 957 583 1090 634; x_wconf 82' lang='grc' dir='ltr'><strong><em>αὐτὸς</em></strong></span> <span class='ocrx_word' id='word_1_48' title='bbox 1110 582 1207 634; x_wconf 84' lang='grc' dir='ltr'><strong><em>περὶ</em></strong></span> <span class='ocrx_word' id='word_1_49' title='bbox 1229 583 1423 624; x_wconf 81' lang='grc' dir='ltr'><strong><em>σεωυτοῦ</em></strong></span> <span class='ocrx_word' id='word_1_50' title='bbox 1440 577 1645 634; x_wconf 85' lang='grc' dir='ltr'><strong><em>βουλεύε-</em></strong></span> 
     </span>
     <span class='ocr_line' id='line_1_10' title="bbox 359 646 1646 714; baseline -0.009 -11"><span class='ocrx_word' id='word_1_51' title='bbox 359 665 525 712; x_wconf 84' lang='grc' dir='ltr'><strong><em>5,,σθαι</em></strong></span> <span class='ocrx_word' id='word_1_52' title='bbox 562 657 658 714; x_wconf 76' lang='grc' dir='ltr'><strong><em>ἔχῃς</em></strong></span> <span class='ocrx_word' id='word_1_53' title='bbox 693 655 746 698; x_wconf 73' lang='grc' dir='ltr'><strong><em>τοὶ</em></strong></span> <span class='ocrx_word' id='word_1_54' title='bbox 791 651 1086 710; x_wconf 84' lang='grc' dir='ltr'><strong><em>συμφέροντα.</em></strong></span> <span class='ocrx_word' id='word_1_55' title='bbox 1141 649 1269 707; x_wconf 78' lang='grc' dir='ltr'><strong><em>Ὁρᾷς</em></strong></span> <span class='ocrx_word' id='word_1_56' title='bbox 1311 646 1499 698; x_wconf 84' lang='grc' dir='ltr'><strong><em>τούτους</em></strong></span> <span class='ocrx_word' id='word_1_57' title='bbox 1540 646 1646 699; x_wconf 74' lang='grc' dir='ltr'><strong><em>τοὺς</em></strong></span> 
     </span>
     <span class='ocr_line' id='line_1_11' title="bbox 388 714 1703 781; baseline -0.008 -10"><span class='ocrx_word' id='word_1_58' title='bbox 388 726 712 781; x_wconf 80' lang='grc' dir='ltr'><strong><em>,,δαινυμε’νους</em></strong></span> <span class='ocrx_word' id='word_1_59' title='bbox 747 723 932 777; x_wconf 81' lang='grc' dir='ltr'><em>Πέρσας,</em></span> <span class='ocrx_word' id='word_1_60' title='bbox 966 720 1039 764; x_wconf 76' lang='grc' dir='ltr'><strong><em>καὶ</em></strong></span> <span class='ocrx_word' id='word_1_61' title='bbox 1068 718 1145 763; x_wconf 82' lang='grc' dir='ltr'><strong><em>τὸν</em></strong></span> <span class='ocrx_word' id='word_1_62' title='bbox 1174 716 1373 771; x_wconf 82' lang='grc' dir='ltr'><strong><em>στρατόν,</em></strong></span> <span class='ocrx_word' id='word_1_63' title='bbox 1403 715 1482 760; x_wconf 84' lang='grc' dir='ltr'><strong><em>τὸν</em></strong></span> <span class='ocrx_word' id='word_1_64' title='bbox 1505 714 1646 760; x_wconf 79' lang='grc' dir='ltr'><strong><em>ἐλίπο-</em></strong></span> <span class='ocrx_word' id='word_1_65' title='bbox 1658 719 1703 760; x_wconf 86' lang='grc'><strong><em>45</em></strong></span> 
     </span>
     <span class='ocr_line' id='line_1_12' title="bbox 390 783 1652 851; baseline -0.008 -13"><span class='ocrx_word' id='word_1_66' title='bbox 390 811 497 851; x_wconf 52' lang='grc' dir='ltr'><strong><em>»μεν</em></strong></span> <span class='ocrx_word' id='word_1_67' title='bbox 541 794 611 836; x_wconf 77' lang='grc' dir='ltr'><strong><em>ἐπὶ</em></strong></span> <span class='ocrx_word' id='word_1_68' title='bbox 648 795 709 848; x_wconf 81' lang='grc' dir='ltr'><strong><em>τῷ</em></strong></span> <span class='ocrx_word' id='word_1_69' title='bbox 739 793 919 847; x_wconf 81' lang='grc' dir='ltr'><strong><em>ποταμῷ</em></strong></span> <span class='ocrx_word' id='word_1_70' title='bbox 965 784 1441 842; x_wconf 79' lang='grc' dir='ltr'><strong><em>στρατοπεδευόμενονς</em></strong></span> <span class='ocrx_word' id='word_1_71' title='bbox 1482 783 1652 828; x_wconf 78' lang='grc' dir='ltr'><strong><em>τούτων</em></strong></span> 
     </span>
     <span class='ocr_line' id='line_1_13' title="bbox 391 851 1653 914; baseline -0.008 -9"><span class='ocrx_word' id='word_1_72' title='bbox 391 862 597 914; x_wconf 83' lang='grc' dir='ltr'><strong><em>,,πάντων</em></strong></span> <span class='ocrx_word' id='word_1_73' title='bbox 627 859 769 910; x_wconf 73' lang='grc' dir='ltr'><strong><em>ὄψεαι,</em></strong></span> <span class='ocrx_word' id='word_1_74' title='bbox 795 857 944 911; x_wconf 76' lang='grc' dir='ltr'><strong><em>ὀλίγου</em></strong></span> <span class='ocrx_word' id='word_1_75' title='bbox 965 855 1082 906; x_wconf 83' lang='grc' dir='ltr'><strong><em>τινὸς</em></strong></span> <span class='ocrx_word' id='word_1_76' title='bbox 1102 853 1263 910; x_wconf 86' lang='grc' dir='ltr'><strong><em>χρόνου</em></strong></span> <span class='ocrx_word' id='word_1_77' title='bbox 1284 853 1545 905; x_wconf 79' lang='grc' dir='ltr'><strong><em>διελθόντος,</em></strong></span> <span class='ocrx_word' id='word_1_78' title='bbox 1569 851 1653 896; x_wconf 82' lang='grc' dir='ltr'><strong><em>ὀλί-</em></strong></span> 
     </span>
     <span class='ocr_line' id='line_1_14' title="bbox 363 919 1653 985; baseline -0.006 -12"><span class='ocrx_word' id='word_1_79' title='bbox 363 939 531 985; x_wconf 77' lang='grc' dir='ltr'><strong><em>6,,γους</em></strong></span> <span class='ocrx_word' id='word_1_80' title='bbox 559 928 681 978; x_wconf 78' lang='grc' dir='ltr'><strong><em>τινὰς</em></strong></span> <span class='ocrx_word' id='word_1_81' title='bbox 711 926 815 976; x_wconf 84' lang='grc' dir='ltr'><strong><em>τοὺς</em></strong></span> <span class='ocrx_word' id='word_1_82' title='bbox 843 922 1248 978; x_wconf 74' lang='grc' dir='ltr'><strong><em>περιγενομέτόυς.“</em></strong></span> <span class='ocrx_word' id='word_1_83' title='bbox 1310 919 1457 964; x_wconf 82' lang='grc' dir='ltr'><strong><em>Ταῦτά</em></strong></span> <span class='ocrx_word' id='word_1_84' title='bbox 1488 937 1532 964; x_wconf 85' lang='grc' dir='ltr'><strong><em>τε</em></strong></span> <span class='ocrx_word' id='word_1_85' title='bbox 1563 921 1653 978; x_wconf 80' lang='grc' dir='ltr'><strong><em>ἅμα</em></strong></span> 
     </span>
     <span class='ocr_line' id='line_1_15' title="bbox 392 988 1655 1051; baseline -0.006 -10"><span class='ocrx_word' id='word_1_86' title='bbox 392 997 473 1041; x_wconf 84' lang='grc' dir='ltr'><strong><em>τὸν</em></strong></span> <span class='ocrx_word' id='word_1_87' title='bbox 497 996 674 1051; x_wconf 81' lang='grc' dir='ltr'><strong><em>Πέρσην</em></strong></span> <span class='ocrx_word' id='word_1_88' title='bbox 703 995 864 1049; x_wconf 82' lang='grc' dir='ltr'><strong><em>λέγειν,</em></strong></span> <span class='ocrx_word' id='word_1_89' title='bbox 895 991 968 1035; x_wconf 80' lang='grc' dir='ltr'><strong><em>καὶ</em></strong></span> <span class='ocrx_word' id='word_1_90' title='bbox 997 991 1187 1047; x_wconf 85' lang='grc' dir='ltr'><strong><em>μετιέναι</em></strong></span> <span class='ocrx_word' id='word_1_91' title='bbox 1215 988 1355 1031; x_wconf 79' lang='grc' dir='ltr'><strong><em>πολλὰ</em></strong></span> <span class='ocrx_word' id='word_1_92' title='bbox 1375 992 1464 1031; x_wconf 76' lang='grc' dir='ltr'><strong><em>τῶν</em></strong></span> <span class='ocrx_word' id='word_1_93' title='bbox 1494 989 1655 1042; x_wconf 80' lang='grc' dir='ltr'><strong><em>δακρύ-</em></strong></span> 
     </span>
    </p>
   </div>
   <div class='ocr_carea' id='block_1_7' title="bbox 395 1081 468 1109">
    <p class='ocr_par' dir='ltr' id='par_1_7' title="bbox 395 1081 468 1109">
     <span class='ocr_line' id='line_1_16' title="bbox 395 1081 468 1109; baseline -0.055 0"><span class='ocrx_word' id='word_1_94' title='bbox 395 1081 468 1109; x_wconf 74' lang='grc' dir='ltr'><strong><em>ων.</em></strong></span> 
     </span>
    </p>
   </div>
   <div class='ocr_carea' id='block_1_8' title="bbox 529 1054 1712 1115">
    <p class='ocr_par' dir='ltr' id='par_1_8' title="bbox 529 1054 1712 1115">
     <span class='ocr_line' id='line_1_17' title="bbox 529 1054 1712 1115; baseline -0.006 -8"><span class='ocrx_word' id='word_1_95' title='bbox 529 1063 660 1114; x_wconf 80' lang='grc' dir='ltr'><strong><em>αὐτὸς</em></strong></span> <span class='ocrx_word' id='word_1_96' title='bbox 694 1062 740 1106; x_wconf 82' lang='grc' dir='ltr'><strong><em>δὲ</em></strong></span> <span class='ocrx_word' id='word_1_97' title='bbox 774 1058 1019 1115; x_wconf 81' lang='grc' dir='ltr'><strong><em>θωυμάσας</em></strong></span> <span class='ocrx_word' id='word_1_98' title='bbox 1060 1058 1138 1100; x_wconf 85' lang='grc' dir='ltr'><strong><em>τόν</em></strong></span> <span class='ocrx_word' id='word_1_99' title='bbox 1168 1054 1320 1110; x_wconf 83' lang='grc' dir='ltr'><strong><em>λόγον,</em></strong></span> <span class='ocrx_word' id='word_1_100' title='bbox 1360 1057 1495 1099; x_wconf 84' lang='grc' dir='ltr'><strong><em>εἰπεῖν</em></strong></span> <span class='ocrx_word' id='word_1_101' title='bbox 1541 1057 1651 1113; x_wconf 74' lang='grc' dir='ltr'><strong><em>πρὸς</em></strong></span> <span class='ocrx_word' id='word_1_102' title='bbox 1667 1068 1712 1101; x_wconf 87' lang='grc'><strong><em>50</em></strong></span> 
     </span>
    </p>
   </div>
   <div class='ocr_carea' id='block_1_9' title="bbox 365 1123 1660 1391">
    <p class='ocr_par' dir='ltr' id='par_1_9' title="bbox 365 1123 1660 1391">
     <span class='ocr_line' id='line_1_18' title="bbox 365 1123 1656 1184; baseline -0.006 -7"><span class='ocrx_word' id='word_1_103' title='bbox 365 1131 556 1176; x_wconf 81' lang='grc' dir='ltr'><strong><em>7αὐτόν·</em></strong></span> <span class='ocrx_word' id='word_1_104' title='bbox 587 1128 780 1184; x_wconf 80' lang='grc' dir='ltr'><strong><em>,,Οὐκῶν</em></strong></span> <span class='ocrx_word' id='word_1_105' title='bbox 799 1127 1047 1182; x_wconf 84' lang='grc' dir='ltr'><strong><em>Μαρδονίῳ</em></strong></span> <span class='ocrx_word' id='word_1_106' title='bbox 1075 1140 1120 1168; x_wconf 86' lang='grc' dir='ltr'><strong><em>τε</em></strong></span> <span class='ocrx_word' id='word_1_107' title='bbox 1149 1128 1284 1166; x_wconf 83' lang='grc' dir='ltr'><strong><em>ταῦτα</em></strong></span> <span class='ocrx_word' id='word_1_108' title='bbox 1314 1123 1442 1179; x_wconf 83' lang='grc' dir='ltr'><strong><em>χρεόν</em></strong></span> <span class='ocrx_word' id='word_1_109' title='bbox 1471 1125 1559 1168; x_wconf 78' lang='grc' dir='ltr'><strong><em>ἐστι</em></strong></span> <span class='ocrx_word' id='word_1_110' title='bbox 1591 1127 1656 1169; x_wconf 82' lang='grc' dir='ltr'><strong><em>λέ-</em></strong></span> 
     </span>
     <span class='ocr_line' id='line_1_19' title="bbox 393 1191 1656 1256; baseline -0.005 -13"><span class='ocrx_word' id='word_1_111' title='bbox 393 1216 537 1256; x_wconf 56' lang='lat' dir='ltr'><strong><em>„ysam</em></strong></span> <span class='ocrx_word' id='word_1_112' title='bbox 567 1198 642 1243; x_wconf 81' lang='grc' dir='ltr'><strong><em>καὶ</em></strong></span> <span class='ocrx_word' id='word_1_113' title='bbox 670 1201 783 1240; x_wconf 88' lang='grc' dir='ltr'><strong><em>τοῖσι</em></strong></span> <span class='ocrx_word' id='word_1_114' title='bbox 811 1194 893 1250; x_wconf 80' lang='grc' dir='ltr'><strong><em>μετ’</em></strong></span> <span class='ocrx_word' id='word_1_115' title='bbox 925 1195 1092 1238; x_wconf 79' lang='grc' dir='ltr'><strong><em>ἐκεῖνον</em></strong></span> <span class='ocrx_word' id='word_1_116' title='bbox 1126 1192 1172 1235; x_wconf 77' lang='grc' dir='ltr'><strong><em>ἐν</em></strong></span> <span class='ocrx_word' id='word_1_117' title='bbox 1212 1193 1312 1248; x_wconf 78' lang='grc' dir='ltr'><strong><em>αἴνῃ</em></strong></span> <span class='ocrx_word' id='word_1_118' title='bbox 1344 1191 1466 1234; x_wconf 80' lang='grc' dir='ltr'><strong><em>ἐοῦσι</em></strong></span> <span class='ocrx_word' id='word_1_119' title='bbox 1497 1194 1656 1247; x_wconf 85' lang='grc' dir='ltr'><strong><em>Περσέ-</em></strong></span> 
     </span>
     <span class='ocr_line' id='line_1_20' title="bbox 394 1258 1660 1321; baseline -0.004 -11"><span class='ocrx_word' id='word_1_120' title='bbox 394 1271 531 1321; x_wconf 83' lang='grc' dir='ltr'><strong><em>,,ων.“</em></strong></span> <span class='ocrx_word' id='word_1_121' title='bbox 595 1265 684 1310; x_wconf 81' lang='grc' dir='ltr'><strong><em>Τὸν</em></strong></span> <span class='ocrx_word' id='word_1_122' title='bbox 715 1264 761 1309; x_wconf 79' lang='grc' dir='ltr'><strong><em>δὲ</em></strong></span> <span class='ocrx_word' id='word_1_123' title='bbox 792 1262 896 1320; x_wconf 79' lang='grc' dir='ltr'><strong><em>μετοέ</em></strong></span> <span class='ocrx_word' id='word_1_124' title='bbox 917 1264 1052 1304; x_wconf 81' lang='grc' dir='ltr'><strong><em>ταῦτα</em></strong></span> <span class='ocrx_word' id='word_1_125' title='bbox 1069 1261 1223 1303; x_wconf 83' lang='grc' dir='ltr'><strong><em>εἰπεῖν·</em></strong></span> <span class='ocrx_word' id='word_1_126' title='bbox 1255 1260 1437 1313; x_wconf 77' lang='grc' dir='ltr'><strong><em>,,Ξεῖνε,</em></strong></span> <span class='ocrx_word' id='word_1_127' title='bbox 1473 1258 1498 1303; x_wconf 82' lang='grc' dir='ltr'>ὅ</span> <span class='ocrx_word' id='word_1_128' title='bbox 1518 1277 1559 1303; x_wconf 91' lang='grc' dir='ltr'><strong><em>τι</em></strong></span> <span class='ocrx_word' id='word_1_129' title='bbox 1591 1263 1660 1305; x_wconf 85' lang='grc' dir='ltr'><strong><em>δεῖ</em></strong></span> 
     </span>
     <span class='ocr_line' id='line_1_21' title="bbox 394 1326 1657 1391; baseline -0.005 -12"><span class='ocrx_word' id='word_1_130' title='bbox 394 1335 630 1391; x_wconf 76' lang='grc' dir='ltr'><strong><em>,,γενε’σθαι</em></strong></span> <span class='ocrx_word' id='word_1_131' title='bbox 668 1333 714 1378; x_wconf 80' lang='grc' dir='ltr'><strong><em>ἐκ</em></strong></span> <span class='ocrx_word' id='word_1_132' title='bbox 746 1336 827 1376; x_wconf 84' lang='grc' dir='ltr'><strong><em>τοῦ</em></strong></span> <span class='ocrx_word' id='word_1_133' title='bbox 863 1333 1004 1382; x_wconf 78' lang='grc' dir='ltr'><strong><em>θεοῦ,</em></strong></span> <span class='ocrx_word' id='word_1_134' title='bbox 1049 1327 1276 1385; x_wconf 82' lang='grc' dir='ltr'><strong><em>ἀμήχανον</em></strong></span> <span class='ocrx_word' id='word_1_135' title='bbox 1306 1326 1548 1384; x_wconf 72' lang='grc' dir='ltr'><strong><em>ἀποτρέψαι</em></strong></span> <span class='ocrx_word' id='word_1_136' title='bbox 1578 1328 1657 1373; x_wconf 82' lang='grc' dir='ltr'><strong><em>α’ν-</em></strong></span> 
     </span>
    </p>
   </div>
   <div class='ocr_carea' id='block_1_10' title="bbox 338 1480 1008 2825">
    <p class='ocr_par' dir='ltr' id='par_1_10' title="bbox 338 1480 1007 2552">
     <span class='ocr_line' id='line_1_22' title="bbox 394 1480 997 1534; baseline -0.007 -11"><span class='ocrx_word' id='word_1_137' title='bbox 394 1481 601 1530; x_wconf 83' lang='grc' dir='ltr'><strong><em>ὁποδαπός</em></strong></span> <span class='ocrx_word' id='word_1_138' title='bbox 625 1483 722 1534; x_wconf 82' lang='grc' dir='ltr'><strong><em>ἔστι]</em></strong></span> <span class='ocrx_word' id='word_1_139' title='bbox 753 1484 850 1521; x_wconf 81' lang='lat' dir='ltr'><strong>Tres</strong></span> <span class='ocrx_word' id='word_1_140' title='bbox 883 1480 997 1520; x_wconf 90' lang='lat' dir='ltr'><strong>codd.</strong></span> 
     </span>
     <span class='ocr_line' id='line_1_23' title="bbox 338 1538 998 1592; baseline -0.006 -12"><span class='ocrx_word' id='word_1_141' title='bbox 338 1538 523 1587; x_wconf 73' lang='grc' dir='ltr'><strong><em>ποδαπός</em></strong></span> <span class='ocrx_word' id='word_1_142' title='bbox 554 1547 596 1577; x_wconf 88' lang='lat' dir='ltr'><strong><em>ut</em></strong></span> <span class='ocrx_word' id='word_1_143' title='bbox 614 1542 696 1589; x_wconf 73' lang='lat' dir='ltr'><strong>VII,</strong></span> <span class='ocrx_word' id='word_1_144' title='bbox 722 1544 820 1582; x_wconf 86' lang='lat'>118:</span> <span class='ocrx_word' id='word_1_145' title='bbox 842 1553 918 1592; x_wconf 86' lang='lat' dir='ltr'><strong><em>quo</em></strong></span> <span class='ocrx_word' id='word_1_146' title='bbox 938 1546 998 1576; x_wconf 78' lang='lat' dir='ltr'><strong><em>ta-</em></strong></span> 
     </span>
     <span class='ocr_line' id='line_1_24' title="bbox 339 1595 999 1649; baseline -0.002 -16"><span class='ocrx_word' id='word_1_147' title='bbox 339 1610 430 1634; x_wconf 83' lang='lat' dir='ltr'><strong><em>men</em></strong></span> <span class='ocrx_word' id='word_1_148' title='bbox 454 1605 616 1649; x_wconf 85' lang='lat' dir='ltr'>utroque</span> <span class='ocrx_word' id='word_1_149' title='bbox 638 1599 721 1635; x_wconf 85' lang='lat' dir='ltr'>loco</span> <span class='ocrx_word' id='word_1_150' title='bbox 755 1595 999 1634; x_wconf 85' lang='lat' dir='ltr'>scribendum</span> 
     </span>
     <span class='ocr_line' id='line_1_25' title="bbox 341 1651 999 1702; baseline -0.006 -9"><span class='ocrx_word' id='word_1_151' title='bbox 341 1651 570 1702; x_wconf 78' lang='grc' dir='ltr'><strong><em>ὁποδαπὸς,</em></strong></span> <span class='ocrx_word' id='word_1_152' title='bbox 602 1661 756 1692; x_wconf 77' lang='lat' dir='ltr'>auctore</span> <span class='ocrx_word' id='word_1_153' title='bbox 793 1653 999 1691; x_wconf 79' lang='lat' dir='ltr'>Schaefero</span> 
     </span>
     <span class='ocr_line' id='line_1_26' title="bbox 340 1710 1001 1761; baseline 0.002 -15"><span class='ocrx_word' id='word_1_154' title='bbox 340 1711 485 1761; x_wconf 79' lang='lat' dir='ltr'><strong>Appar.</strong></span> <span class='ocrx_word' id='word_1_155' title='bbox 508 1710 704 1748; x_wconf 81' lang='lat' dir='ltr'><strong>Demosth.</strong></span> <span class='ocrx_word' id='word_1_156' title='bbox 723 1711 772 1747; x_wconf 93' lang='lat' dir='ltr'><strong><em>T.</em></strong></span> <span class='ocrx_word' id='word_1_157' title='bbox 794 1712 826 1747; x_wconf 93' lang='lat' dir='ltr'>V</span> <span class='ocrx_word' id='word_1_158' title='bbox 852 1725 886 1761; x_wconf 93' lang='lat' dir='ltr'><strong><em>p.</em></strong></span> <span class='ocrx_word' id='word_1_159' title='bbox 909 1712 1001 1750; x_wconf 81' lang='lat'><strong><em>308.</em></strong></span> 
     </span>
     <span class='ocr_line' id='line_1_27' title="bbox 341 1766 1001 1820; baseline -0.005 -16"><span class='ocrx_word' id='word_1_160' title='bbox 341 1768 391 1804; x_wconf 88' lang='lat' dir='ltr'><strong><em>Et</em></strong></span> <span class='ocrx_word' id='word_1_161' title='bbox 410 1766 497 1804; x_wconf 71' lang='lat' dir='ltr'>vide</span> <span class='ocrx_word' id='word_1_162' title='bbox 524 1781 675 1820; x_wconf 85' lang='lat' dir='ltr'>quoque</span> <span class='ocrx_word' id='word_1_163' title='bbox 697 1768 748 1815; x_wconf 85' lang='lat' dir='ltr'><strong><em>V,</em></strong></span> <span class='ocrx_word' id='word_1_164' title='bbox 774 1770 836 1807; x_wconf 79' lang='lat'><strong><em>13.</em></strong></span> <span class='ocrx_word' id='word_1_165' title='bbox 866 1768 1001 1803; x_wconf 86' lang='lat' dir='ltr'>Blom-</span> 
     </span>
     <span class='ocr_line' id='line_1_28' title="bbox 342 1822 1001 1875; baseline -0.002 -15"><span class='ocrx_word' id='word_1_166' title='bbox 342 1823 446 1861; x_wconf 85' lang='lat' dir='ltr'><strong>field.</strong></span> <span class='ocrx_word' id='word_1_167' title='bbox 475 1825 637 1864; x_wconf 78' lang='lat' dir='ltr'><strong>Glossar.</strong></span> <span class='ocrx_word' id='word_1_168' title='bbox 673 1823 722 1860; x_wconf 85' lang='lat' dir='ltr'><strong><em>ad</em></strong></span> <span class='ocrx_word' id='word_1_169' title='bbox 751 1822 929 1875; x_wconf 84' lang='lat' dir='ltr'><strong>Aeschyl.</strong></span> <span class='ocrx_word' id='word_1_170' title='bbox 958 1823 1001 1860; x_wconf 85' lang='lat' dir='ltr'><strong><em>S.</em></strong></span> 
     </span>
     <span class='ocr_line' id='line_1_29' title="bbox 343 1878 1002 1922; baseline -0.005 -4"><span class='ocrx_word' id='word_1_171' title='bbox 343 1894 377 1919; x_wconf 89' lang='lat' dir='ltr'><strong><em>c.</em></strong></span> <span class='ocrx_word' id='word_1_172' title='bbox 406 1878 484 1918; x_wconf 90' lang='lat' dir='ltr'><strong><em>Th.</em></strong></span> <span class='ocrx_word' id='word_1_173' title='bbox 520 1882 614 1922; x_wconf 81' lang='lat'><strong><em>351.</em></strong></span> <span class='ocrx_word' id='word_1_174' title='bbox 643 1901 699 1908; x_wconf 51' lang='lat'><strong><em>*—</em></strong></span> <span class='ocrx_word' id='word_1_175' title='bbox 748 1880 1002 1917; x_wconf 77' lang='lat' dir='ltr'>Indicativum</span> 
     </span>
     <span class='ocr_line' id='line_1_30' title="bbox 342 1935 1002 1987; baseline -0.002 -14"><span class='ocrx_word' id='word_1_176' title='bbox 342 1944 474 1974; x_wconf 84' lang='lat' dir='ltr'><strong>autem</strong></span> <span class='ocrx_word' id='word_1_177' title='bbox 492 1939 701 1974; x_wconf 80' lang='lat' dir='ltr'>necessario</span> <span class='ocrx_word' id='word_1_178' title='bbox 731 1935 791 1973; x_wconf 71' lang='lat' dir='ltr'><strong><em>hic</em></strong></span> <span class='ocrx_word' id='word_1_179' title='bbox 812 1938 904 1987; x_wconf 84' lang='lat' dir='ltr'>poni</span> <span class='ocrx_word' id='word_1_180' title='bbox 925 1943 1002 1973; x_wconf 87' lang='lat' dir='ltr'>tra—</span> 
     </span>
     <span class='ocr_line' id='line_1_31' title="bbox 345 1993 1002 2044; baseline -0.002 -13"><span class='ocrx_word' id='word_1_181' title='bbox 345 1993 400 2031; x_wconf 83' lang='lat' dir='ltr'><strong><em>dit</em></strong></span> <span class='ocrx_word' id='word_1_182' title='bbox 435 1994 483 2032; x_wconf 89' lang='lat' dir='ltr'><strong><em>G.</em></strong></span> <span class='ocrx_word' id='word_1_183' title='bbox 515 1996 726 2031; x_wconf 83' lang='lat' dir='ltr'><strong>Hermann.</strong></span> <span class='ocrx_word' id='word_1_184' title='bbox 758 1995 916 2044; x_wconf 84' lang='lat' dir='ltr'><strong>Opuscc.</strong></span> <span class='ocrx_word' id='word_1_185' title='bbox 951 1993 1002 2030; x_wconf 90' lang='lat' dir='ltr'><strong><em>IV</em></strong></span> 
     </span>
     <span class='ocr_line' id='line_1_32' title="bbox 343 2050 1005 2101; baseline -0.003 -14"><span class='ocrx_word' id='word_1_186' title='bbox 343 2064 383 2101; x_wconf 86' lang='lat' dir='ltr'><strong><em>p.</em></strong></span> <span class='ocrx_word' id='word_1_187' title='bbox 405 2051 458 2089; x_wconf 79' lang='lat'><strong><em>92</em></strong></span> <span class='ocrx_word' id='word_1_188' title='bbox 473 2080 483 2098; x_wconf 92' lang='lat'>‚</span> <span class='ocrx_word' id='word_1_189' title='bbox 512 2057 554 2088; x_wconf 85' lang='lat' dir='ltr'><strong><em>ut</em></strong></span> <span class='ocrx_word' id='word_1_190' title='bbox 574 2053 614 2088; x_wconf 85' lang='lat' dir='ltr'><strong><em>in</em></strong></span> <span class='ocrx_word' id='word_1_191' title='bbox 635 2051 834 2099; x_wconf 81' lang='lat' dir='ltr'>omuibus,</span> <span class='ocrx_word' id='word_1_192' title='bbox 868 2050 933 2087; x_wconf 84' lang='lat' dir='ltr'><strong><em>ubi</em></strong></span> <span class='ocrx_word' id='word_1_193' title='bbox 956 2062 1005 2086; x_wconf 85' lang='lat' dir='ltr'><strong><em>an</em></strong></span> 
     </span>
     <span class='ocr_line' id='line_1_33' title="bbox 345 2106 1006 2160; baseline -0.003 -16"><span class='ocrx_word' id='word_1_194' title='bbox 345 2108 393 2144; x_wconf 89' lang='lat' dir='ltr'><strong><em>sit</em></strong></span> <span class='ocrx_word' id='word_1_195' title='bbox 413 2106 578 2158; x_wconf 79' lang='lat' dir='ltr'>aliquid,</span> <span class='ocrx_word' id='word_1_196' title='bbox 608 2114 821 2160; x_wconf 77' lang='lat' dir='ltr'><strong>quaeratur.</strong></span> <span class='ocrx_word' id='word_1_197' title='bbox 839 2129 891 2135; x_wconf 91' lang='lat'><strong><em>——-</em></strong></span> <span class='ocrx_word' id='word_1_198' title='bbox 912 2108 1006 2143; x_wconf 83' lang='lat' dir='ltr'><strong><em>Mox</em></strong></span> 
     </span>
     <span class='ocr_line' id='line_1_34' title="bbox 344 2163 1006 2204; baseline -0.006 0"><span class='ocrx_word' id='word_1_199' title='bbox 344 2163 489 2200; x_wconf 66' lang='lat' dir='ltr'><strong><em>restitui</em></strong></span> <span class='ocrx_word' id='word_1_200' title='bbox 522 2164 647 2204; x_wconf 81' lang='grc' dir='ltr'><strong><em>εἰπεῖν</em></strong></span> <span class='ocrx_word' id='word_1_201' title='bbox 682 2165 867 2201; x_wconf 87' lang='lat' dir='ltr'>librorum</span> <span class='ocrx_word' id='word_1_202' title='bbox 890 2164 1006 2200; x_wconf 86' lang='lat' dir='ltr'><strong>iussu.</strong></span> 
     </span>
     <span class='ocr_line' id='line_1_35' title="bbox 347 2219 1006 2267; baseline -0.002 -10"><span class='ocrx_word' id='word_1_203' title='bbox 347 2220 458 2257; x_wconf 85' lang='lat' dir='ltr'><strong>Conf.</strong></span> <span class='ocrx_word' id='word_1_204' title='bbox 487 2228 583 2258; x_wconf 87' lang='lat' dir='ltr'><strong>nott.</strong></span> <span class='ocrx_word' id='word_1_205' title='bbox 605 2220 653 2258; x_wconf 83' lang='lat' dir='ltr'><strong><em>ad</em></strong></span> <span class='ocrx_word' id='word_1_206' title='bbox 674 2222 761 2259; x_wconf 82' lang='lat' dir='ltr'><strong><em>Vm</em></strong></span> <span class='ocrx_word' id='word_1_207' title='bbox 776 2249 792 2267; x_wconf 85' lang='lat'><em>,</em></span> <span class='ocrx_word' id='word_1_208' title='bbox 828 2219 879 2261; x_wconf 88' lang='lat'><strong><em>65</em></strong></span> <span class='ocrx_word' id='word_1_209' title='bbox 902 2227 938 2257; x_wconf 84' lang='lat' dir='ltr'><strong><em>et</em></strong></span> <span class='ocrx_word' id='word_1_210' title='bbox 959 2219 1006 2256; x_wconf 88' lang='lat' dir='ltr'><strong><em>de</em></strong></span> 
     </span>
     <span class='ocr_line' id='line_1_36' title="bbox 346 2274 1007 2328; baseline 0.003 -15"><span class='ocrx_word' id='word_1_211' title='bbox 346 2277 540 2313; x_wconf 85' lang='lat' dir='ltr'>locutione</span> <span class='ocrx_word' id='word_1_212' title='bbox 575 2274 812 2328; x_wconf 85' lang='grc' dir='ltr'><strong><em>μνημόσυνα</em></strong></span> <span class='ocrx_word' id='word_1_213' title='bbox 847 2279 1007 2316; x_wconf 78' lang='grc' dir='ltr'><strong><em>καταλι-</em></strong></span> 
     </span>
     <span class='ocr_line' id='line_1_37' title="bbox 346 2331 1003 2382; baseline -0.006 -9"><span class='ocrx_word' id='word_1_214' title='bbox 346 2331 496 2373; x_wconf 83' lang='grc' dir='ltr'><strong><em>πέσθαι</em></strong></span> <span class='ocrx_word' id='word_1_215' title='bbox 514 2341 609 2372; x_wconf 80' lang='lat' dir='ltr'><strong>nott.</strong></span> <span class='ocrx_word' id='word_1_216' title='bbox 626 2333 674 2371; x_wconf 86' lang='lat' dir='ltr'><strong><em>ad</em></strong></span> <span class='ocrx_word' id='word_1_217' title='bbox 685 2335 748 2382; x_wconf 90' lang='lat' dir='ltr'><strong><em>IV,</em></strong></span> <span class='ocrx_word' id='word_1_218' title='bbox 770 2337 861 2375; x_wconf 88' lang='lat'><strong><em>166.</em></strong></span> <span class='ocrx_word' id='word_1_219' title='bbox 882 2335 1003 2370; x_wconf 88' lang='lat' dir='ltr'>Usum</span> 
     </span>
     <span class='ocr_line' id='line_1_38' title="bbox 347 2386 1004 2442; baseline 0.005 -17"><span class='ocrx_word' id='word_1_220' title='bbox 347 2390 619 2441; x_wconf 76' lang='lat' dir='ltr'>particularum</span> <span class='ocrx_word' id='word_1_221' title='bbox 639 2392 679 2427; x_wconf 88' lang='lat' dir='ltr'><strong><em>iu</em></strong></span> <span class='ocrx_word' id='word_1_222' title='bbox 693 2391 816 2429; x_wconf 82' lang='lat' dir='ltr'>verbis</span> <span class='ocrx_word' id='word_1_223' title='bbox 838 2386 863 2428; x_wconf 73' lang='grc' dir='ltr'>ἅ</span> <span class='ocrx_word' id='word_1_224' title='bbox 875 2405 938 2442; x_wconf 86' lang='grc' dir='ltr'><strong><em>μα</em></strong></span> <span class='ocrx_word' id='word_1_225' title='bbox 958 2404 1004 2428; x_wconf 85' lang='grc' dir='ltr'><strong><em>τε</em></strong></span> 
     </span>
     <span class='ocr_line' id='line_1_39' title="bbox 347 2445 1005 2499; baseline -0.005 -14"><span class='ocrx_word' id='word_1_226' title='bbox 347 2445 544 2498; x_wconf 80' lang='grc' dir='ltr'><strong><em>λέγειν-</em></strong></span> <span class='ocrx_word' id='word_1_227' title='bbox 582 2445 667 2487; x_wconf 86' lang='grc' dir='ltr'><strong><em>καὶ</em></strong></span> <span class='ocrx_word' id='word_1_228' title='bbox 696 2445 869 2499; x_wconf 84' lang='grc' dir='ltr'><strong><em>μετιέναι</em></strong></span> <span class='ocrx_word' id='word_1_229' title='bbox 898 2447 1005 2497; x_wconf 82' lang='lat' dir='ltr'>attigi</span> 
     </span>
     <span class='ocr_line' id='line_1_40' title="bbox 349 2502 607 2552; baseline 0.008 -13"><span class='ocrx_word' id='word_1_230' title='bbox 349 2502 398 2539; x_wconf 88' lang='lat' dir='ltr'><strong><em>ad</em></strong></span> <span class='ocrx_word' id='word_1_231' title='bbox 417 2504 489 2552; x_wconf 88' lang='lat' dir='ltr'><strong><em>IV,</em></strong></span> <span class='ocrx_word' id='word_1_232' title='bbox 513 2504 607 2545; x_wconf 89' lang='grc'><strong>150.</strong></span> 
     </span>
    </p>

    <p class='ocr_par' dir='ltr' id='par_1_11' title="bbox 350 2555 1008 2825">
     <span class='ocr_line' id='line_1_41' title="bbox 405 2555 1008 2612; baseline 0.002 -15"><span class='ocrx_word' id='word_1_233' title='bbox 405 2555 549 2598; x_wconf 75' lang='grc' dir='ltr'><strong><em>Ούκῶν</em></strong></span> <span class='ocrx_word' id='word_1_234' title='bbox 572 2559 799 2612; x_wconf 79' lang='grc' dir='ltr'><strong><em>Μαρδονίῳ</em></strong></span> <span class='ocrx_word' id='word_1_235' title='bbox 823 2573 864 2598; x_wconf 89' lang='grc' dir='ltr'><strong><em>τε</em></strong></span> <span class='ocrx_word' id='word_1_236' title='bbox 884 2560 1008 2598; x_wconf 82' lang='grc' dir='ltr'><strong><em>ταῦτα</em></strong></span> 
     </span>
     <span class='ocr_line' id='line_1_42' title="bbox 350 2616 1008 2665; baseline 0 -13"><span class='ocrx_word' id='word_1_237' title='bbox 350 2629 384 2652; x_wconf 84' lang='grc' dir='ltr'><strong><em>κ.</em></strong></span> <span class='ocrx_word' id='word_1_238' title='bbox 407 2630 427 2652; x_wconf 89' lang='grc' dir='ltr'><strong><em>τ</em></strong></span> <span class='ocrx_word' id='word_1_239' title='bbox 464 2617 517 2664; x_wconf 58' lang='lat' dir='ltr'><strong><em>L]</em></strong></span> <span class='ocrx_word' id='word_1_240' title='bbox 558 2617 581 2654; x_wconf 89' lang='lat' dir='ltr'><strong><em>i.</em></strong></span> <span class='ocrx_word' id='word_1_241' title='bbox 605 2630 638 2653; x_wconf 88' lang='lat' dir='ltr'><strong><em>e.</em></strong></span> <span class='ocrx_word' id='word_1_242' title='bbox 668 2616 862 2654; x_wconf 75' lang='lat' dir='ltr'><strong><em>Mardonia</em></strong></span> <span class='ocrx_word' id='word_1_243' title='bbox 895 2617 1008 2665; x_wconf 77' lang='lat' dir='ltr'><strong><em>igitur</em></strong></span> 
     </span>
     <span class='ocr_line' id='line_1_43' title="bbox 352 2671 1006 2723; baseline 0.005 -17"><span class='ocrx_word' id='word_1_244' title='bbox 352 2671 436 2707; x_wconf 79' lang='lat' dir='ltr'><em>haec</em></span> <span class='ocrx_word' id='word_1_245' title='bbox 475 2676 506 2707; x_wconf 74' lang='lat' dir='ltr'><strong><em>te</em></strong></span> <span class='ocrx_word' id='word_1_246' title='bbox 540 2673 650 2710; x_wconf 79' lang='lat' dir='ltr'><em>dicere</em></span> <span class='ocrx_word' id='word_1_247' title='bbox 685 2677 836 2723; x_wconf 81' lang='lat' dir='ltr'><em>oportet,</em></span> <span class='ocrx_word' id='word_1_248' title='bbox 882 2674 1006 2722; x_wconf 79' lang='lat' dir='ltr'><strong><em>iisque,</em></strong></span> 
     </span>
     <span class='ocr_line' id='line_1_44' title="bbox 353 2729 1008 2779; baseline 0.008 -18"><span class='ocrx_word' id='word_1_249' title='bbox 353 2729 415 2776; x_wconf 82' lang='lat' dir='ltr'><strong><em>qui</em></strong></span> <span class='ocrx_word' id='word_1_250' title='bbox 430 2732 506 2776; x_wconf 81' lang='lat' dir='ltr'><em>post</em></span> <span class='ocrx_word' id='word_1_251' title='bbox 527 2729 625 2766; x_wconf 74' lang='lat' dir='ltr'><em>illum</em></span> <span class='ocrx_word' id='word_1_252' title='bbox 650 2731 775 2767; x_wconf 80' lang='lat' dir='ltr'><strong><em>honore</em></strong></span> <span class='ocrx_word' id='word_1_253' title='bbox 808 2733 912 2779; x_wconf 79' lang='lat' dir='ltr'><strong><em>atque</em></strong></span> <span class='ocrx_word' id='word_1_254' title='bbox 937 2743 1008 2766; x_wconf 83' lang='lat' dir='ltr'><strong><em>au-</em></strong></span> 
     </span>
     <span class='ocr_line' id='line_1_45' title="bbox 355 2786 1004 2825; baseline 0.005 -4"><span class='ocrx_word' id='word_1_255' title='bbox 355 2786 516 2821; x_wconf 65' lang='lat' dir='ltr'><em>ctoritate</em></span> <span class='ocrx_word' id='word_1_256' title='bbox 556 2787 645 2823; x_wconf 72' lang='lat' dir='ltr'>inter</span> <span class='ocrx_word' id='word_1_257' title='bbox 686 2786 814 2825; x_wconf 84' lang='lat' dir='ltr'><em>Persas</em></span> <span class='ocrx_word' id='word_1_258' title='bbox 849 2788 1004 2825; x_wconf 78' lang='lat' dir='ltr'><strong><em>eminent.</em></strong></span> 
     </span>
    </p>
   </div>
   <div class='ocr_carea' id='block_1_11' title="bbox 1052 1478 1723 2780">
    <p class='ocr_par' dir='ltr' id='par_1_12' title="bbox 1052 1478 1718 1871">
     <span class='ocr_line' id='line_1_46' title="bbox 1052 1478 1716 1532; baseline 0 -12"><span class='ocrx_word' id='word_1_259' title='bbox 1052 1478 1166 1532; x_wconf 80' lang='grc' dir='ltr'><strong><em>χρεὸν</em></strong></span> <span class='ocrx_word' id='word_1_260' title='bbox 1193 1480 1402 1518; x_wconf 80' lang='lat' dir='ltr'>offerebant</span> <span class='ocrx_word' id='word_1_261' title='bbox 1423 1482 1661 1519; x_wconf 80' lang='lat' dir='ltr'>Florentinus</span> <span class='ocrx_word' id='word_1_262' title='bbox 1678 1488 1716 1520; x_wconf 86' lang='lat' dir='ltr'><strong><em>et</em></strong></span> 
     </span>
     <span class='ocr_line' id='line_1_47' title="bbox 1055 1538 1713 1590; baseline 0.006 -16"><span class='ocrx_word' id='word_1_263' title='bbox 1055 1538 1248 1575; x_wconf 78' lang='lat' dir='ltr'>Sancrofti</span> <span class='ocrx_word' id='word_1_264' title='bbox 1276 1539 1383 1575; x_wconf 76' lang='lat' dir='ltr'>liber.</span> <span class='ocrx_word' id='word_1_265' title='bbox 1427 1539 1551 1588; x_wconf 79' lang='lat' dir='ltr'>Vulgo</span> <span class='ocrx_word' id='word_1_266' title='bbox 1573 1538 1713 1590; x_wconf 70' lang='grc' dir='ltr'><strong><em>χρεών.</em></strong></span> 
     </span>
     <span class='ocr_line' id='line_1_48' title="bbox 1056 1594 1716 1643; baseline 0.002 -13"><span class='ocrx_word' id='word_1_267' title='bbox 1056 1595 1115 1632; x_wconf 81' lang='lat' dir='ltr'><strong><em>Cf.</em></strong></span> <span class='ocrx_word' id='word_1_268' title='bbox 1144 1595 1256 1631; x_wconf 80' lang='lat' dir='ltr'>allata</span> <span class='ocrx_word' id='word_1_269' title='bbox 1291 1595 1339 1631; x_wconf 76' lang='lat' dir='ltr'><strong><em>ad</em></strong></span> <span class='ocrx_word' id='word_1_270' title='bbox 1367 1596 1418 1643; x_wconf 86' lang='lat' dir='ltr'><strong><em>V,</em></strong></span> <span class='ocrx_word' id='word_1_271' title='bbox 1459 1594 1526 1634; x_wconf 74' lang='lat'><strong><em>49.</em></strong></span> <span class='ocrx_word' id='word_1_272' title='bbox 1575 1598 1632 1631; x_wconf 84' lang='lat' dir='ltr'><strong><em>De</em></strong></span> <span class='ocrx_word' id='word_1_273' title='bbox 1662 1596 1716 1632; x_wconf 90' lang='grc' dir='ltr'><strong><em>Ιο-</em></strong></span> 
     </span>
     <span class='ocr_line' id='line_1_49' title="bbox 1057 1647 1718 1706; baseline 0 -18"><span class='ocrx_word' id='word_1_274' title='bbox 1057 1652 1210 1688; x_wconf 77' lang='lat' dir='ltr'>cutione</span> <span class='ocrx_word' id='word_1_275' title='bbox 1234 1651 1275 1690; x_wconf 80' lang='grc' dir='ltr'><strong><em>ἐν</em></strong></span> <span class='ocrx_word' id='word_1_276' title='bbox 1302 1651 1396 1706; x_wconf 78' lang='grc' dir='ltr'><strong><em>αἴνῃ</em></strong></span> <span class='ocrx_word' id='word_1_277' title='bbox 1428 1647 1532 1690; x_wconf 79' lang='grc' dir='ltr'><strong><em>εἶναι</em></strong></span> <span class='ocrx_word' id='word_1_278' title='bbox 1559 1652 1636 1689; x_wconf 79' lang='lat' dir='ltr'><strong><em>vid.</em></strong></span> <span class='ocrx_word' id='word_1_279' title='bbox 1659 1653 1718 1688; x_wconf 86' lang='lat' dir='ltr'><strong><em>al-</em></strong></span> 
     </span>
     <span class='ocr_line' id='line_1_50' title="bbox 1056 1707 1717 1758; baseline 0.002 -14"><span class='ocrx_word' id='word_1_280' title='bbox 1056 1709 1129 1744; x_wconf 81' lang='lat' dir='ltr'>lata</span> <span class='ocrx_word' id='word_1_281' title='bbox 1152 1707 1200 1744; x_wconf 80' lang='lat' dir='ltr'><strong><em>ad</em></strong></span> <span class='ocrx_word' id='word_1_282' title='bbox 1220 1709 1294 1756; x_wconf 87' lang='grc' dir='ltr'>ΙΙΙ,</span> <span class='ocrx_word' id='word_1_283' title='bbox 1316 1712 1384 1749; x_wconf 74' lang='grc'><strong><em>74,</em></strong></span> <span class='ocrx_word' id='word_1_284' title='bbox 1435 1709 1560 1758; x_wconf 84' lang='lat' dir='ltr'>Ipsam</span> <span class='ocrx_word' id='word_1_285' title='bbox 1579 1722 1717 1746; x_wconf 79' lang='lat' dir='ltr'><strong>vocem</strong></span> 
     </span>
     <span class='ocr_line' id='line_1_51' title="bbox 1058 1763 1716 1815; baseline 0 -12"><span class='ocrx_word' id='word_1_286' title='bbox 1058 1764 1151 1815; x_wconf 80' lang='grc' dir='ltr'><strong><em>αἳνη</em></strong></span> <span class='ocrx_word' id='word_1_287' title='bbox 1183 1767 1304 1815; x_wconf 70' lang='lat' dir='ltr'><strong><em>attigit</em></strong></span> <span class='ocrx_word' id='word_1_288' title='bbox 1325 1763 1460 1802; x_wconf 79' lang='lat' dir='ltr'><strong>Mauh.</strong></span> <span class='ocrx_word' id='word_1_289' title='bbox 1496 1767 1562 1802; x_wconf 86' lang='lat' dir='ltr'><strong><em>Gr.</em></strong></span> <span class='ocrx_word' id='word_1_290' title='bbox 1589 1767 1656 1803; x_wconf 89' lang='lat' dir='ltr'><strong><em>Gr.</em></strong></span> <span class='ocrx_word' id='word_1_291' title='bbox 1677 1767 1716 1812; x_wconf 86' lang='lat'><strong><em>§.</em></strong></span> 
     </span>
     <span class='ocr_line' id='line_1_52' title="bbox 1059 1821 1336 1871; baseline 0.004 -10"><span class='ocrx_word' id='word_1_292' title='bbox 1059 1821 1111 1861; x_wconf 80' lang='lat'><strong><em>95</em></strong></span> <span class='ocrx_word' id='word_1_293' title='bbox 1135 1834 1220 1871; x_wconf 77' lang='lat' dir='ltr'><strong>pag.</strong></span> <span class='ocrx_word' id='word_1_294' title='bbox 1242 1825 1336 1862; x_wconf 81' lang='lat'><strong>207.</strong></span> 
     </span>
    </p>

    <p class='ocr_par' dir='ltr' id='par_1_13' title="bbox 1058 1873 1723 2780">
     <span class='ocr_line' id='line_1_53' title="bbox 1087 1873 1719 1932; baseline 0.002 -16"><span class='ocrx_word' id='word_1_295' title='bbox 1087 1873 1110 1916; x_wconf 74' lang='grc' dir='ltr'>ὅ</span> <span class='ocrx_word' id='word_1_296' title='bbox 1121 1892 1156 1916; x_wconf 85' lang='grc' dir='ltr'><strong><em>τι</em></strong></span> <span class='ocrx_word' id='word_1_297' title='bbox 1169 1877 1476 1929; x_wconf 77' lang='grc' dir='ltr'><strong><em>δεῖγενέσθαι-</em></strong></span> <span class='ocrx_word' id='word_1_298' title='bbox 1491 1874 1719 1932; x_wconf 65' lang='grc' dir='ltr'><strong><em>ἀνθρώπῳ]</em></strong></span> 
     </span>
     <span class='ocr_line' id='line_1_54' title="bbox 1058 1935 1719 1981; baseline 0.006 -12"><span class='ocrx_word' id='word_1_299' title='bbox 1058 1935 1182 1981; x_wconf 81' lang='lat' dir='ltr'>„Hinc</span> <span class='ocrx_word' id='word_1_300' title='bbox 1216 1936 1284 1971; x_wconf 77' lang='lat' dir='ltr'>isla</span> <span class='ocrx_word' id='word_1_301' title='bbox 1305 1936 1493 1973; x_wconf 85' lang='lat' dir='ltr'>Stobaeus</span> <span class='ocrx_word' id='word_1_302' title='bbox 1526 1936 1653 1973; x_wconf 83' lang='lat' dir='ltr'>retulit</span> <span class='ocrx_word' id='word_1_303' title='bbox 1678 1936 1719 1973; x_wconf 89' lang='lat' dir='ltr'><strong><em>in</em></strong></span> 
     </span>
     <span class='ocr_line' id='line_1_55' title="bbox 1059 1991 1719 2045; baseline 0.005 -19"><span class='ocrx_word' id='word_1_304' title='bbox 1059 1991 1115 2027; x_wconf 76' lang='lat' dir='ltr'><strong><em>tit.</em></strong></span> <span class='ocrx_word' id='word_1_305' title='bbox 1132 1992 1195 2028; x_wconf 88' lang='lat' dir='ltr'><strong><em>CV</em></strong></span> <span class='ocrx_word' id='word_1_306' title='bbox 1213 1993 1324 2041; x_wconf 87' lang='lat'>[107]</span> <span class='ocrx_word' id='word_1_307' title='bbox 1344 2007 1379 2043; x_wconf 88' lang='lat' dir='ltr'><strong><em>p.</em></strong></span> <span class='ocrx_word' id='word_1_308' title='bbox 1398 1992 1478 2033; x_wconf 85' lang='lat'><strong><em>567</em></strong></span> <span class='ocrx_word' id='word_1_309' title='bbox 1497 2005 1526 2032; x_wconf 88' lang='lat' dir='ltr'><strong><em>s.</em></strong></span> <span class='ocrx_word' id='word_1_310' title='bbox 1543 1995 1624 2033; x_wconf 80' lang='lat'><strong><em>372</em></strong></span> <span class='ocrx_word' id='word_1_311' title='bbox 1637 2005 1719 2045; x_wconf 89' lang='lat' dir='ltr'><strong>seq.</strong></span> 
     </span>
     <span class='ocr_line' id='line_1_56' title="bbox 1062 2048 1721 2086; baseline 0.005 -3"><span class='ocrx_word' id='word_1_312' title='bbox 1062 2048 1114 2084; x_wconf 90' lang='lat' dir='ltr'><strong><em>T.</em></strong></span> <span class='ocrx_word' id='word_1_313' title='bbox 1143 2049 1207 2085; x_wconf 90' lang='lat'><strong><em>111.</em></strong></span> <span class='ocrx_word' id='word_1_314' title='bbox 1234 2050 1350 2086; x_wconf 80' lang='lat' dir='ltr'><strong><em>Gaisf.</em></strong></span> <span class='ocrx_word' id='word_1_315' title='bbox 1367 2051 1614 2086; x_wconf 85' lang='lat' dir='ltr'>Homericam</span> <span class='ocrx_word' id='word_1_316' title='bbox 1629 2051 1721 2086; x_wconf 86' lang='lat' dir='ltr'><strong>Per-</strong></span> 
     </span>
     <span class='ocr_line' id='line_1_57' title="bbox 1062 2105 1720 2143; baseline 0.003 -3"><span class='ocrx_word' id='word_1_317' title='bbox 1062 2116 1124 2140; x_wconf 85' lang='lat' dir='ltr'><strong><em>sae</em></strong></span> <span class='ocrx_word' id='word_1_318' title='bbox 1165 2106 1293 2142; x_wconf 85' lang='lat' dir='ltr'>tribuit</span> <span class='ocrx_word' id='word_1_319' title='bbox 1313 2105 1528 2143; x_wconf 84' lang='lat' dir='ltr'>Herodotus</span> <span class='ocrx_word' id='word_1_320' title='bbox 1565 2113 1720 2142; x_wconf 82' lang='lat' dir='ltr'>senteu-</span> 
     </span>
     <span class='ocr_line' id='line_1_58' title="bbox 1061 2161 1723 2207; baseline 0.006 -12"><span class='ocrx_word' id='word_1_321' title='bbox 1061 2161 1152 2196; x_wconf 81' lang='lat' dir='ltr'>tiam</span> <span class='ocrx_word' id='word_1_322' title='bbox 1169 2189 1180 2207; x_wconf 88' lang='grc'>,</span> <span class='ocrx_word' id='word_1_323' title='bbox 1241 2163 1347 2199; x_wconf 90' lang='lat' dir='ltr'>cuius</span> <span class='ocrx_word' id='word_1_324' title='bbox 1413 2169 1545 2198; x_wconf 86' lang='lat' dir='ltr'>auctor</span> <span class='ocrx_word' id='word_1_325' title='bbox 1601 2163 1723 2200; x_wconf 78' lang='lat' dir='ltr'>fertur</span> 
     </span>
     <span class='ocr_line' id='line_1_59' title="bbox 1062 2217 1720 2269; baseline 0.008 -16"><span class='ocrx_word' id='word_1_326' title='bbox 1062 2218 1201 2267; x_wconf 86' lang='lat' dir='ltr'>Apollo</span> <span class='ocrx_word' id='word_1_327' title='bbox 1239 2217 1398 2269; x_wconf 77' lang='lat' dir='ltr'>Pythius</span> <span class='ocrx_word' id='word_1_328' title='bbox 1433 2219 1594 2255; x_wconf 84' lang='lat' dir='ltr'>Aeliano</span> <span class='ocrx_word' id='word_1_329' title='bbox 1628 2217 1720 2269; x_wconf 75' lang='grc' dir='ltr'><strong><em>περὶ</em></strong></span> 
     </span>
     <span class='ocr_line' id='line_1_60' title="bbox 1065 2274 1719 2325; baseline 0.006 -15"><span class='ocrx_word' id='word_1_330' title='bbox 1065 2274 1268 2324; x_wconf 80' lang='grc' dir='ltr'><strong><em>Προνοίας</em></strong></span> <span class='ocrx_word' id='word_1_331' title='bbox 1289 2274 1391 2325; x_wconf 78' lang='lat' dir='ltr'><strong>apud</strong></span> <span class='ocrx_word' id='word_1_332' title='bbox 1410 2274 1584 2312; x_wconf 86' lang='lat' dir='ltr'><strong>Eustath.</strong></span> <span class='ocrx_word' id='word_1_333' title='bbox 1613 2277 1652 2312; x_wconf 87' lang='lat' dir='ltr'><strong><em>iu</em></strong></span> <span class='ocrx_word' id='word_1_334' title='bbox 1672 2276 1719 2315; x_wconf 89' lang='lat'><strong><em>11.</em></strong></span> 
     </span>
     <span class='ocr_line' id='line_1_61' title="bbox 1062 2326 1718 2380; baseline 0.006 -15"><span class='ocrx_word' id='word_1_335' title='bbox 1062 2326 1102 2376; x_wconf 83' lang='grc' dir='ltr'><strong><em>ζ’,</em></strong></span> <span class='ocrx_word' id='word_1_336' title='bbox 1122 2343 1208 2380; x_wconf 78' lang='lat' dir='ltr'><strong>pag.</strong></span> <span class='ocrx_word' id='word_1_337' title='bbox 1232 2332 1334 2379; x_wconf 72' lang='lat'><strong>522,</strong></span> <span class='ocrx_word' id='word_1_338' title='bbox 1374 2334 1441 2373; x_wconf 85' lang='lat'><strong><em>53.</em></strong></span> <span class='ocrx_word' id='word_1_339' title='bbox 1510 2334 1620 2369; x_wconf 89' lang='lat' dir='ltr'>Hanc</span> <span class='ocrx_word' id='word_1_340' title='bbox 1649 2346 1718 2370; x_wconf 89' lang='lat' dir='ltr'><strong><em>suo</em></strong></span> 
     </span>
     <span class='ocr_line' id='line_1_62' title="bbox 1060 2387 1720 2440; baseline 0.008 -18"><span class='ocrx_word' id='word_1_341' title='bbox 1060 2387 1220 2438; x_wconf 85' lang='lat' dir='ltr'>quisque</span> <span class='ocrx_word' id='word_1_342' title='bbox 1252 2401 1360 2425; x_wconf 86' lang='lat' dir='ltr'>more</span> <span class='ocrx_word' id='word_1_343' title='bbox 1389 2389 1536 2440; x_wconf 83' lang='lat' dir='ltr'>saepius</span> <span class='ocrx_word' id='word_1_344' title='bbox 1563 2403 1720 2440; x_wconf 87' lang='lat' dir='ltr'><strong>expres-</strong></span> 
     </span>
     <span class='ocr_line' id='line_1_63' title="bbox 1060 2447 1720 2497; baseline 0.005 -18"><span class='ocrx_word' id='word_1_345' title='bbox 1060 2450 1190 2480; x_wconf 70' lang='lat' dir='ltr'><strong>serunt</strong></span> <span class='ocrx_word' id='word_1_346' title='bbox 1216 2451 1361 2495; x_wconf 78' lang='lat' dir='ltr'><strong>poetae.</strong></span> <span class='ocrx_word' id='word_1_347' title='bbox 1419 2447 1532 2483; x_wconf 83' lang='lat' dir='ltr'><strong>Velut</strong></span> <span class='ocrx_word' id='word_1_348' title='bbox 1563 2447 1720 2497; x_wconf 83' lang='lat' dir='ltr'>vulgare</span> 
     </span>
     <span class='ocr_line' id='line_1_64' title="bbox 1063 2499 1722 2540; baseline 0.006 -4"><span class='ocrx_word' id='word_1_349' title='bbox 1063 2499 1207 2537; x_wconf 80' lang='lat' dir='ltr'>dictum</span> <span class='ocrx_word' id='word_1_350' title='bbox 1237 2503 1458 2540; x_wconf 83' lang='lat' dir='ltr'>mulieribus</span> <span class='ocrx_word' id='word_1_351' title='bbox 1493 2503 1558 2539; x_wconf 86' lang='lat' dir='ltr'><strong><em>ubi</em></strong></span> <span class='ocrx_word' id='word_1_352' title='bbox 1591 2504 1722 2540; x_wconf 86' lang='lat' dir='ltr'>tribuit</span> 
     </span>
     <span class='ocr_line' id='line_1_65' title="bbox 1064 2556 1720 2611; baseline 0.011 -19"><span class='ocrx_word' id='word_1_353' title='bbox 1064 2558 1117 2593; x_wconf 83' lang='lat' dir='ltr'><strong><em>M.</em></strong></span> <span class='ocrx_word' id='word_1_354' title='bbox 1139 2559 1321 2596; x_wconf 86' lang='lat' dir='ltr'><strong><em>Antonin.</em></strong></span> <span class='ocrx_word' id='word_1_355' title='bbox 1344 2560 1432 2607; x_wconf 74' lang='lat' dir='ltr'>vll,</span> <span class='ocrx_word' id='word_1_356' title='bbox 1452 2558 1528 2599; x_wconf 84' lang='lat'><strong><em>46:</em></strong></span> <span class='ocrx_word' id='word_1_357' title='bbox 1559 2556 1620 2599; x_wconf 76' lang='grc' dir='ltr'><strong><em>ὅτι</em></strong></span> <span class='ocrx_word' id='word_1_358' title='bbox 1647 2557 1720 2611; x_wconf 70' lang='grc' dir='ltr'><strong><em>τήν</em></strong></span> 
     </span>
     <span class='ocr_line' id='line_1_66' title="bbox 1066 2611 1718 2668; baseline 0.002 -16"><span class='ocrx_word' id='word_1_359' title='bbox 1066 2614 1302 2665; x_wconf 79' lang='grc' dir='ltr'><strong><em>εἱμαρμένην</em></strong></span> <span class='ocrx_word' id='word_1_360' title='bbox 1316 2612 1450 2662; x_wconf 76' lang='grc' dir='ltr'><strong><em>οὐδεὶς</em></strong></span> <span class='ocrx_word' id='word_1_361' title='bbox 1465 2611 1515 2654; x_wconf 66' lang='grc' dir='ltr'><strong><em>ἂν</em></strong></span> <span class='ocrx_word' id='word_1_362' title='bbox 1525 2613 1718 2668; x_wconf 74' lang='grc' dir='ltr'><strong><em>ἔκφύγοιε</em></strong></span> 
     </span>
     <span class='ocr_line' id='line_1_67' title="bbox 1063 2671 1722 2710; baseline 0.005 -3"><span class='ocrx_word' id='word_1_363' title='bbox 1063 2672 1183 2708; x_wconf 86' lang='lat' dir='ltr'>multa</span> <span class='ocrx_word' id='word_1_364' title='bbox 1218 2680 1324 2709; x_wconf 80' lang='lat' dir='ltr'>notat</span> <span class='ocrx_word' id='word_1_365' title='bbox 1354 2671 1560 2710; x_wconf 77' lang='lat' dir='ltr'><strong>Gataker.“</strong></span> <span class='ocrx_word' id='word_1_366' title='bbox 1599 2672 1722 2710; x_wconf 86' lang='lat' dir='ltr'><em>Val-</em></span> 
     </span>
     <span class='ocr_line' id='line_1_68' title="bbox 1063 2728 1720 2780; baseline 0.003 -16"><span class='ocrx_word' id='word_1_367' title='bbox 1063 2742 1081 2765; x_wconf 89' lang='lat' dir='ltr'><strong><em>c</em></strong></span> <span class='ocrx_word' id='word_1_368' title='bbox 1092 2728 1112 2764; x_wconf 61' lang='grc' dir='ltr'><strong><em>Ι,-</em></strong></span> <span class='ocrx_word' id='word_1_369' title='bbox 1125 2741 1141 2765; x_wconf 85' lang='lat' dir='ltr'><strong>e</strong></span> <span class='ocrx_word' id='word_1_370' title='bbox 1152 2742 1174 2766; x_wconf 83' lang='grc' dir='ltr'><strong>η</strong></span> <span class='ocrx_word' id='word_1_371' title='bbox 1185 2742 1207 2766; x_wconf 87' lang='lat' dir='ltr'><em>a</em></span> <span class='ocrx_word' id='word_1_372' title='bbox 1216 2742 1233 2766; x_wconf 87' lang='lat' dir='ltr'><em>e</em></span> <span class='ocrx_word' id='word_1_373' title='bbox 1246 2743 1275 2766; x_wconf 86' lang='lat' dir='ltr'><strong><em>r.</em></strong></span> <span class='ocrx_word' id='word_1_374' title='bbox 1306 2730 1581 2780; x_wconf 83' lang='lat' dir='ltr'>VVesselingius</span> <span class='ocrx_word' id='word_1_375' title='bbox 1618 2736 1720 2766; x_wconf 78' lang='lat' dir='ltr'><strong>attu-</strong></span> 
     </span>
    </p>
   </div>
   <div class='ocr_carea' id='block_1_12' title="bbox 1061 2786 1786 2835">
    <p class='ocr_par' dir='ltr' id='par_1_14' title="bbox 1061 2786 1786 2835">
     <span class='ocr_line' id='line_1_69' title="bbox 1061 2786 1786 2835; baseline -0.001 -13"><span class='ocrx_word' id='word_1_376' title='bbox 1061 2786 1156 2824; x_wconf 87' lang='lat' dir='ltr'>lerat</span> <span class='ocrx_word' id='word_1_377' title='bbox 1170 2787 1294 2825; x_wconf 89' lang='lat' dir='ltr'>Nostri</span> <span class='ocrx_word' id='word_1_378' title='bbox 1314 2787 1444 2825; x_wconf 85' lang='lat' dir='ltr'><strong>locum</strong></span> <span class='ocrx_word' id='word_1_379' title='bbox 1462 2787 1537 2835; x_wconf 88' lang='lat'>111,</span> <span class='ocrx_word' id='word_1_380' title='bbox 1568 2787 1635 2835; x_wconf 89' lang='lat'><strong><em>65,</em></strong></span> <span class='ocrx_word' id='word_1_381' title='bbox 1654 2787 1720 2823; x_wconf 91' lang='lat'><strong><em>10-</em></strong></span> <span class='ocrx_word' id='word_1_382' title='bbox 1780 2817 1786 2821; x_wconf 83' lang='lat'><strong>.</strong></span> 
     </span>
    </p>
   </div>
  </div>
 </body>
</html>
