1839 3292
26 392 122 437 112

516 209 988 247 CALLIOPE.
1045 209 1123 246 IX.
1356 211 1442 251 363

192 338 274 372 ποις
300 319 500 371 τοσόνδε,
530 317 680 373 ἐχώρεε
709 317 806 369 ἔξω·
834 317 1094 370 ,,Δε’σποτα,
1127 314 1181 360 οὐ
1214 314 1267 372 δή
1296 315 1359 360 κώ
1392 325 1497 371 με90

189 386 478 440 ,,α’πω’λεσας.“
534 386 603 428 Ἐν
633 386 678 428 δὲ
706 383 847 443 τούτῳ
878 388 938 443 τῷ
969 384 1042 428 διὰ
1070 384 1205 441 μέσου
1221 383 1363 441 χρόνῳ
1392 383 1440 427 ἐν
1497 383 1717 418 “uflefflass‘lue
1740 385 1773 411 ³⁰

1496 425 1614 443 uxorem
1627 418 1772 445 Masistae

187 458 246 511 τῷ
274 456 434 510 Ξέρξης
463 458 522 513 τῷ
553 452 748 510 ἀδελφεῷ
778 452 1006 507 διελέγετο,
1047 452 1074 507 ἡ
1102 452 1338 508 ’Ἄμηστρις
1367 468 1441 506 με-
1497 449 1659 480 mmmm*-

185 522 494 578 ταπεμψαμένη
523 522 626 570 τούς
657 520 938 574 δορυφόρους
966 525 1047 563 τοῦ
1077 521 1267 575 Ξέρξεω,
1299 521 1446 562 διαλυ-

185 592 378 645 μαίνεται
409 590 489 645 τὴν
517 593 704 643 γυναῖκα
733 586 812 642 τήν
844 589 1100 631 Μασίστεω·
1139 587 1244 638 τούς
1283 603 1326 630 τε
1367 603 1446 641 μα-

186 658 284 710 ζοὺς
314 657 597 712 ἀποταμοῦσα
625 654 727 698 κυσὶ
756 654 978 710 προέβαλε,
1009 656 1082 698 καὶ
1101 656 1213 711 ῥῖνα,
1234 655 1309 697 καὶ
1339 648 1441 706 ὦτα,
1497 642 1579 686 743

188 725 262 767 καὶ
294 726 446 780 χείλεα·
488 723 560 766 καὶ
589 725 790 777 γλῶσσαν
821 722 1088 778 ἐκταμοῦσα,
1131 723 1174 773 ἐς
1212 719 1337 765 οἶκόν
1367 738 1442 778 μιν
1457 727 1502 761 96

23 791 121 840 113
187 790 429 847 ἀποπέμπει
457 788 865 844 διαλελυμασμένην.
902 789 955 832 Ὃ
986 791 1031 834 δὲ
1061 792 1288 846 Μασίστης
1318 788 1447 832 οὐδέν
1504 786 1584 813 “³¹¹⁰
1606 783 1715 811 ‘⁰¹¹5‘
1729 791 1778 809 ‘³¹‘

1504 823 1600 851 ortae,
1619 817 1723 844 Xerxis
1731 824 1779 842 re-

185 876 248 903 κω
290 857 486 914 ἀκηκοώς
514 856 702 909 τούτων,
738 856 972 912 ἐλπόμενος
1000 859 1046 902 δέ
1075 860 1116 902 τί
1146 860 1189 902 οἱ
1216 856 1353 901 κακὸν
1382 854 1436 899 εἴ.
1500 861 1559 887 gno
1576 851 1779 886 gravvssutw

1498 884 1780 918 rae,11isiMasistae

157 934 278 982 zvar„
310 927 500 969 ἐσπίπτει
531 925 679 982 δρόμῳ
712 925 752 976 ἐς
781 924 831 968 τὰ
864 927 992 969 οἰκία.
1041 926 1147 969 ἰδών
1168 925 1213 969 δὲ
1234 927 1442 978 διεφθαρ-
1499 921 1623 953 einflque
1649 917 1779 944 ⁰¹³⁰ffl¹¹¹

1498 961 1573 981 nece
1596 950 1778 986 compositae

185 992 319 1050 μένην
347 993 427 1050 τήν
455 999 655 1050 γυναῖκα,
686 990 842 1036 αὐτίκα
872 993 977 1049 μετοὶ
1007 998 1145 1037 ταῦτα
1175 996 1446 1048 συμβουλευ-
1502 987 1642 1015 fuissent.

189 1061 375 1116 σάμενος
412 1067 525 1105 τοῖσι
554 1062 699 1112 παισὶ,
743 1060 974 1114 ἐπορεύετο
1017 1060 1059 1111 ἐς
1088 1059 1266 1113 Βάκτρα
1294 1059 1375 1103 σύν
1404 1075 1450 1102 τε

184 1134 298 1172 τοῖσι
339 1128 506 1173 ἑωυτοῦ
541 1131 679 1172 υἱοῖσι
718 1130 789 1172 καὶ
832 1130 887 1185 δή
919 1128 1002 1171 κου’
1031 1139 1118 1170 τισι
1158 1128 1232 1171 καὶ
1262 1126 1475 1179 ἅλλοισι,1

189 1195 248 1247 ὡς
287 1196 546 1252 ἀποστήσων
579 1196 720 1250 νομὸν
748 1196 827 1238 τόν
858 1195 1097 1249 Βάκτριον,
1141 1196 1212 1238 καὶ
1252 1194 1448 1249 ποιήσων

187 1264 237 1307 τὰ
268 1264 443 1319 μέγιστα
475 1267 622 1307 κακῶν
652 1263 847 1318 βασιλέα·
889 1262 941 1305 τά
971 1278 1048 1315 περ
1083 1262 1137 1304 ἂν
1164 1262 1238 1305 καὶ
1267 1261 1448 1316 ἐγένετο,

189 1332 248 1382 ὣς
271 1332 366 1386 ἐμοὶ
397 1331 576 1383 δοκέειν,
610 1333 725 1384 ε’ίπερ
758 1331 873 1385 ἔφθη
904 1327 1072 1384 ἆναβοὲς
1111 1329 1152 1379 ἐς
1190 1328 1293 1380 τούς
1332 1332 1450 1372 Βακ-

188 1402 336 1452 τρίους
374 1399 447 1442 καὶ
476 1399 579 1450 τούς
610 1397 780 1448 Σάκας·
832 1398 904 1440 καὶ
940 1396 1023 1452 γὰρ
1056 1395 1259 1452 ἔστεργόν
1288 1396 1330 1439 τέ
1360 1413 1448 1451 μιν,

160 1468 263 1510 3καὶ
291 1462 346 1521 ἦν
375 1466 570 1523 ὕπαρχος
599 1471 686 1509 τῶν
716 1466 955 1519 Βακτρίων.
1015 1463 1123 1507 ἀλλὰ
1163 1464 1246 1519 γὰρ
1285 1464 1477 1519 Ξέρξηςὸ

188 1533 436 1590 πυθόμενος
464 1540 600 1577 ταῦτα
620 1534 788 1577 ἐκεῖνον
806 1531 1074 1589 πρήσσοντα,
1105 1532 1276 1588 πέμψας
1294 1531 1356 1575 ἐπ’
1377 1530 1450 1576 αὐ·

346 1752 438 1803 Cap.
456 1752 574 1793 CXII,

190 1830 232 1870 ἐν
252 1828 293 1870 δὲ
314 1828 440 1884 τούτῳ
454 1825 671 1883 -χρόνῳ]
702 1827 790 1870 Vid.

135 1885 236 1934 VIII,
253 1891 320 1928 27.
341 1888 636 1936 διαλυμαίνεται
648 1886 792 1936 estfoe-

136 1943 276 1981 dissime
293 1947 438 1989 tractat,
461 1944 647 1980 dilacerat.
668 1942 793 1980 Verba

135 1997 230 2046 τούς
266 2014 306 2038 τε
341 1995 489 2050 μαζούς
531 1995 792 2049 ἀποταμοῦσα

135 2057 176 2093 iu
194 2057 307 2094 simili
326 2070 366 2093 re
382 2062 530 2093 exstant
548 2056 611 2104 IV,
637 2058 726 2097 102.

340 2147 432 2197 Cap.
446 2146 582 2186 CXIII.

191 2220 421 2276 ἐλπόμενος]
437 2226 461 2263 i.
476 2239 509 2261 e.
532 2226 713 2275 suspicans
731 2225 794 2260 iu-

140 2279 261 2332 deque
294 2286 457 2319 metuens.
513 2280 598 2319 Vid.
627 2282 691 2330 VI,
716 2283 792 2321 109

140 2338 266 2388 ibique
296 2339 419 2377 allata.

198 2392 249 2439 ὥς
298 2390 536 2445 ἀποστήσων
569 2389 695 2443 νομόν
723 2389 793 2432 τὸν

142 2445 350 2500 Βάκτριον]
401 2452 427 2489 i.
464 2465 497 2487 e.
531 2453 571 2486 ut
607 2449 796 2487 Bactriam

139 2507 354 2554 provinciam
382 2507 428 2543 ad
458 2506 677 2557 desectionem
696 2506 796 2543 solli-

144 2563 283 2598 citaret.
341 2564 537 2599 Bactriana
560 2562 797 2613 praefectura

144 2620 448 2665 memoraturlll,
459 2622 523 2666 92,
546 2632 662 2670 quam
679 2632 798 2656 unam

145 2687 165 2710 e
185 2675 362 2711 maximis
384 2681 419 2711 et
431 2677 666 2725 amplissimis
686 2678 798 2714 totius

145 2731 222 2767 sere
254 2732 361 2781 regui
390 2731 502 2768 fuisse
540 2730 644 2768 haud
677 2746 800 2783 pauca

146 2793 341 2826 testantur.
371 2786 480 2824 Unde
501 2788 656 2838 factum,
676 2797 719 2827 ut
729 2790 799 2828 ad·-

846 1741 1000 1778 iuvante
1019 1740 1100 1791 ipso
1120 1739 1339 1791 provinciae
1368 1739 1442 1777 situ
1471 1746 1510 1778 et

848 1799 1012 1843 ambitu,
1044 1798 1096 1833 ibi
1125 1798 1290 1833 crebrius
1312 1798 1511 1833 exoriren-

847 1861 909 1891 tur
937 1853 1139 1891 seditiones
1160 1855 1336 1905 bellaque
1357 1854 1512 1904 praefe-

850 1917 999 1947 ctorum
1020 1924 1108 1946 cum
1123 1912 1273 1960 regibus
1290 1912 1510 1947 Persarum.

851 1967 961 2004 Conf.
985 1968 1146 2004 Heeren.
1179 1966 1235 2003 Id.
1256 1968 1304 2014 ΙΙ,
1331 1970 1347 2006 1
1372 1980 1409 2016 p.
1428 1968 1510 2006 316

850 2030 888 2060 et
924 2036 1021 2075 quae
1045 2023 1093 2060 ad
1114 2024 1278 2060 Ctesiam
1299 2024 1405 2059 attuli
1420 2034 1508 2073 pag.

851 2081 919 2120 93.

909 2157 963 2204 ὥς
977 2157 1066 2208 ἐμοὶ
1088 2155 1263 2206 δοκέειν]
1295 2159 1351 2194 Ita
1372 2156 1506 2208 optimi

852 2215 994 2266 quique
1018 2214 1130 2254 codd.
1153 2228 1221 2265 pro
1244 2213 1384 2253 δοκέει.
1422 2212 1508 2251 vid.

851 2272 915 2319 IV,
956 2273 1045 2312 168.
1109 2273 1154 2307 In
1188 2284 1293 2322 seqq.
1332 2268 1510 2319 ὕπαρχος

852 2335 907 2364 est
946 2331 1111 2380 satrapa,
1151 2334 1194 2364 ut
1220 2327 1267 2376 V,
1296 2330 1349 2367 20
1380 2327 1510 2379 ibique

851 2391 949 2424 nott.

909 2452 1033 2491 ταῦτα
1066 2450 1217 2490 ἐκεῖνον
1260 2445 1512 2499 πρήσσοντα]

853 2509 879 2546 i.
909 2523 942 2545 e.
977 2521 1051 2545 eum
1076 2507 1171 2544 talia
1193 2509 1334 2555 agitare
1354 2506 1512 2554 consilia,

855 2566 949 2602 talia
975 2565 1102 2600 moliri.
1160 2565 1217 2599 De
1239 2563 1354 2599 verbo
1384 2558 1513 2612 πρήσ-

856 2633 938 2660 σειν
956 2621 1003 2657 cf.
1024 2621 1094 2667 IX,
1113 2622 1191 2660 108
1219 2620 1347 2670 ibique
1370 2620 1514 2656 citt.—

854 2680 947 2714 Mox
973 2677 1147 2714 revocavi
1178 2676 1408 2723 κατέκτεινε,
1448 2676 1515 2712 ubi

856 2733 1083 2772 Schaeferus
1123 2731 1280 2770 dederat
1316 2731 1516 2772 κατέκτει-

855 2806 937 2831 2¹81!-
