1839 3292
559 219 905 257 URANIA.
963 218 1095 256 VIII.

1381 222 1438 260 63

179 330 303 381 ἐντός
343 328 568 385 οἰκημένοι
602 331 876 382 Θεσπρωτῶν
917 327 989 371 καὶ
1013 325 1263 383 Ἀχέροντος
1301 340 1437 370 ποτα-

174 401 274 454 μοῦ,
305 395 614 451 ἐστρατεύοντο
626 411 635 420 ·

696 395 946 450 Θεσπρωτοὶ
973 394 1057 450 γάρ
1089 396 1171 438 εἰσι
1200 392 1437 450 ὁμουρέον-

173 481 243 516 τες
274 462 626 521 Ἀμπρακιώτῃσι
664 465 736 507 καὶ
784 465 1089 514 Λευκαδίοισι,
1146 465 1190 506 οἳ
1230 462 1272 514 ἐξ
1318 462 1438 519 ἐσχα-

146 534 287 576 Ξτέων
340 532 516 587 χωρέων
558 529 878 584 ἐστρατεύοντο.

953 535 1052 573 Τῶν
1083 530 1128 573 δὲ
1169 530 1292 582 ἐκτὸς
1329 529 1437 573 τού-

174 617 263 644 των
296 600 549 655 οἰκημένων,
580 602 883 654 Κροτωνιῆται
911 601 1070 652 μοῦνοι
1110 592 1224 652 ἦσαν
1254 601 1297 641 οἳ
1327 597 1436 652 ἐβώ-

173 673 317 724 θησαν
345 672 398 724 τῇ
423 665 603 709 Ἐλλάδι
631 665 971 722 κινδυνευούσῃ,
1002 667 1080 722 νηῒ
1106 669 1196 722 μιῇ,
1226 670 1301 722 τῆς
1330 661 1433 722 ἦρχε
1446 672 1490 706 10

175 735 284 792 ἀνὴρ
321 737 414 790 τρὶς
450 735 737 790 πυθιονίκης,
777 733 990 786 Φοίϋλλος.

116 901 180 936 lax
200 900 237 945 §.
262 901 327 939 33.
348 912 387 949 p.
411 900 462 938 12
481 894 602 932 Huds.
632 909 669 946 p.
692 894 772 936 255

117 957 213 996 Gail.
255 954 388 1006 (quem
426 953 503 991 vid.
532 954 571 988 in
603 958 773 992 annotat,

114 1025 202 1064 pag·
216 1014 310 1053 377.
324 1010 438 1059 577.)
460 1017 572 1061 atque
593 1011 774 1045 Dicaear-

114 1069 221 1106 chus.
257 1070 356 1104 Nam
376 1068 499 1104 latiori
519 1079 631 1103 sensu
651 1067 774 1102 Grae-

115 1127 213 1163 ciam
242 1126 303 1163 vel
342 1131 447 1161 extra
487 1122 557 1160 hos
590 1123 772 1159 terminos

115 1196 193 1219 esse
235 1182 439 1232 putabant,
482 1180 773 1232 quibuscunque

112 1240 204 1276 locis
236 1240 469 1275 Graecorum
510 1243 632 1273 essent
666 1236 773 1272 colo-

112 1297 211 1332 niae.
250 1296 349 1331 Hinc
368 1294 481 1345 paulo
502 1294 655 1329 inferius
677 1292 772 1328 Cro-

113 1353 278 1389 toniatae
301 1351 514 1387 referuntur
539 1348 586 1385 ad
607 1350 771 1385 Graecos

113 1405 226 1454 ἐκτός
246 1404 397 1446 τούτων
413 1404 670 1454 οἰκημένους,
697 1403 770 1440 ha-

111 1465 270 1501 bitantes
320 1463 397 1500 scil.
435 1469 541 1498 extra
583 1462 764 1497 Graeciae

111 1522 311 1557 continuae
331 1520 444 1566 fines,
475 1531 568 1569 quos
585 1517 633 1554 ad
654 1516 765 1554 The-

108 1584 322 1627 sprotorum
357 1582 496 1612 terram
525 1575 617 1625 poni
646 1573 763 1610 modo

109 1632 288 1670 diximus.
347 1631 424 1669 Sed
445 1644 590 1678 eorum,
613 1631 678 1682 qui
701 1632 764 1666 in-

106 1696 163 1727 tra
179 1689 246 1726 hos
266 1689 359 1725 fines
380 1687 550 1724 habitant
584 1687 680 1736 (τῶν
702 1686 767 1726 ἐν·

107 1742 173 1792 τός
203 1744 470 1796 οἰκημένων),
502 1745 662 1780 extremi
685 1745 764 1780 sive

107 1803 230 1839 ultimi
249 1809 337 1839 sunt
354 1803 622 1838 Ambraciotae
651 1807 764 1852 atque

105 1858 298 1906 Leucadii,
326 1861 391 1910 qui
409 1860 491 1909 ipsi,
512 1871 633 1910 quum
653 1857 764 1894 The-

106 1917 240 1965 sprotis
268 1916 382 1952 vicini
411 1917 506 1962 sint,
539 1928 587 1951 ex
620 1916 762 1951 ultimis

107 1973 287 2008 Graeciae
325 1973 540 2021 regionibus
569 1970 762 2008 advenisse

104 2029 186 2064 iure
211 2027 400 2065 dicuntur.
425 2051 474 2056 ——
507 2027 569 2064 Ad
597 2029 763 2064 formam

103 2081 320 2137 ἒβῶθησαν
339 2084 414 2123 vid.
429 2091 526 2122 nott.
548 2083 596 2122 ad
607 2086 705 2134 VIII,
725 2088 760 2125 1.

161 2199 232 2249 τῆς
259 2191 355 2249 ἦρχε
386 2193 489 2249 οἷνήρ
510 2196 594 2248 τρὶς
608 2201 760 2238 πυθιο-

102 2254 234 2305 νίκης,
265 2253 462 2304 Φάῦλλος]
496 2255 621 2299 Quum
642 2268 760 2291 unam

103 2324 240 2347 navem
271 2312 317 2347 ab
353 2312 635 2361 opulentissima
663 2312 759 2349 Cro-

102 2370 328 2404 toniatarum
349 2369 496 2404 civitate
517 2369 668 2405 Graecis
688 2382 759 2405 au-

105 2424 194 2460 xilio
204 2426 356 2461 missam
372 2438 450 2461 esse
462 2438 595 2476 parum
611 2427 657 2463 sit
673 2439 758 2462 cre-

106 2478 231 2527 dibile,
241 2482 320 2517 veri
332 2481 373 2518 fit
387 2482 633 2529 simillimum,
656 2481 756 2520 hanc

102 2548 241 2573 navem
277 2550 356 2574 non
403 2539 554 2588 publice
600 2541 755 2576 missam

102 2605 199 2641 esse,
240 2592 306 2629 sed
332 2595 476 2644 privato
505 2603 659 2646 sumptu
691 2597 753 2632 in-

99 2655 280 2685 structam
302 2662 323 2685 a
344 2649 514 2701 Phayllo,
545 2654 611 2704 qui
632 2654 753 2690 Grae-

101 2707 201 2753 ciae,
241 2706 281 2741 iu
303 2719 378 2757 qua
395 2713 451 2744 tot
479 2709 640 2746 victoriis
664 2715 753 2746 tan-

97 2767 176 2798 tam
196 2763 356 2812 gloriam
372 2762 526 2813 adeptus
549 2773 646 2813 erat,
667 2767 752 2816 opi-

96 2819 281 2857 tulaturus
307 2826 441 2871 sponte
460 2819 653 2861 advenerit
677 2836 751 2861 na-

1048 736 1349 791 Κροτωνιῆται
1388 735 1434 778 δὲ

830 895 867 932 vi
887 895 962 932 suis
986 895 1166 946 impensis
1186 896 1329 947 parata.
1388 896 1489 941 Quin

831 951 976 989 disertis
986 954 1108 989 verbis
1129 955 1303 990 enuntiat
1322 955 1489 991 Pausan.

830 1010 880 1056 X,
904 1011 986 1055 9§.
1005 1013 1039 1050 1.
1061 1008 1270 1061 Phayllum
1291 1023 1380 1047 cum
1393 1012 1489 1047 Per-

829 1066 876 1102 sis
901 1079 1086 1116 pugnasse
1111 1069 1215 1106 ναῦν
1242 1079 1489 1118 παρασκευα-

831 1119 1004 1172 σάμενον
1059 1123 1212 1162 οἰκείαν
1257 1125 1335 1161 sive
1382 1126 1488 1164 ναῦν

831 1158 1066 1224 wido-wion,
1089 1181 1269 1217 utscribit
1289 1179 1485 1219 Plutarch.

828 1236 939 1272 Alex.
961 1234 1036 1276 34:
1077 1249 1175 1288 quae
1196 1237 1274 1273 iam
1301 1239 1409 1274 attuli
1437 1237 1486 1274 ad

828 1293 936 1338 VIII,
962 1295 1025 1332 17.
1055 1294 1112 1328 De
1145 1292 1297 1344 Pleayllz'
1320 1295 1485 1332 victoriis

828 1350 1013 1384 consentit
1032 1350 1238 1386 Pausanias
1258 1352 1283 1387 l.
1304 1351 1330 1387 l.
1355 1352 1484 1403 Atque

826 1411 947 1441 exstat
979 1406 1019 1440 in
1043 1418 1133 1441 eum
1169 1407 1405 1456 epigramma
1442 1409 1484 1445 in

825 1460 1033 1511 Antholog.
1047 1463 1168 1498 Palat.
1189 1463 1240 1501 T.
1257 1464 1306 1498 II.
1327 1477 1364 1514 p.
1387 1464 1483 1505 851.

822 1520 846 1558 3
867 1531 903 1568 p.
929 1517 1022 1558 949.
1052 1517 1168 1569 Apud
1187 1519 1484 1570 Aristophanem

819 1573 986 1614 Acharn.
1001 1577 1082 1615 210
1098 1574 1361 1627 (Both.)Vesp.
1376 1579 1484 1618 1206

820 1632 884 1682 qui
912 1638 1147 1668 memoratur
1177 1632 1356 1684 Phayllus
1394 1646 1484 1670 cur-

820 1701 882 1724 sor
903 1689 1169 1726 celeberrimus
1197 1689 1399 1757 idemque,
1440 1697 1483 1728 ut

819 1743 1031 1781 Scholiasta
1060 1745 1193 1794 tradit,
1227 1741 1482 1798 Ὀλυμπιονί-

819 1816 916 1851 κης,
948 1803 993 1838 ab
1015 1800 1089 1839 hoc
1111 1803 1327 1840 Crotoniata
1340 1805 1437 1856 ,qui
1459 1817 1481 1841 e

818 1859 1027 1895 Pausaniae
1042 1860 1257 1897 testimonio
1278 1874 1479 1912 nunquam

819 1916 1004 1966 Olympiis
1032 1917 1142 1964 vicit,
1182 1930 1272 1953 sane
1310 1917 1479 1955 diversus

817 1972 986 2018 videtur,
1024 1980 1067 2009 ut
1088 1972 1235 2010 dudum
1265 1981 1367 2011 recte
1399 1981 1478 2011 sta-

816 2030 888 2065 tuit
912 2027 1161 2067 Valckenaer.
1176 2060 1186 2077 ,
1216 2032 1282 2082 qui
1305 2030 1353 2068 de
1378 2031 1476 2068 Cro-

815 2087 958 2122 toniata
979 2084 1141 2137 Phayllo
1163 2094 1356 2138 praeterea
1385 2100 1475 2124 con-

814 2142 903 2178 ferri
931 2144 1013 2180 vult
1033 2143 1194 2180 Suidam
1221 2158 1250 2182 s,
1281 2158 1319 2181 v.
1336 2146 1386 2181 T.
1408 2145 1476 2182 III.

815 2212 903 2249 pag.
928 2200 1022 2240 586.
1043 2201 1192 2237 Zenob.
1210 2201 1280 2248 IV,
1302 2204 1369 2242 23.
1391 2202 1475 2238 Eu-

814 2254 925 2293 stath.
943 2255 991 2292 ad
1013 2256 1146 2308 Ody.ss
1167 2258 1254 2294 VIII
1273 2271 1311 2308 p.
1333 2260 1426 2299 302.

873 2315 1151 2364 Κροτωνιῆται
1179 2311 1222 2353 δὲ
1253 2313 1368 2366 γένος
1397 2313 1474 2353 εἰσὶ

811 2363 976 2419 Ἀχαιοί]
1008 2370 1254 2407 Constantem
1273 2369 1372 2407 hanc
1402 2384 1472 2407 au-

811 2427 992 2477 tiquitatis
1021 2427 1134 2464 fuisse
1170 2427 1314 2463 famam
1343 2428 1473 2464 obser-

811 2489 876 2519 vat
892 2484 1152 2523 C.Her1nann.
1169 2484 1472 2521 Hellen.Staats-

812 2538 961 2577 alterth.
1002 2542 1039 2586 §.
1085 2542 1137 2580 80
1172 2547 1251 2577 not.
1299 2540 1369 2587 15,
1403 2541 1470 2577 ubi

810 2597 919 2646 plura
939 2595 1038 2633 hanc
1059 2598 1097 2632 in
1129 2610 1211 2633 rem
1235 2596 1343 2634 affert
1362 2599 1471 2634 testi-

808 2655 953 2690 monia.
1011 2654 1076 2689 Tu
1115 2652 1190 2690 vid.
1230 2655 1470 2705 potissimum

809 2710 988 2747 Strabon.
1009 2710 1061 2746 VI
1082 2723 1120 2760 p.
1143 2712 1224 2750 262
1250 2724 1280 2748 s.
1311 2709 1392 2751 402
1421 2713 1468 2749 B.

806 2779 884 2817 seq.
927 2767 1027 2802 Nam
1053 2766 1300 2817 cogitandum
1328 2765 1389 2804 hic
1420 2767 1468 2804 de

806 2821 992 2873 Achaeis,
1039 2824 1227 2876 prioribus
1276 2825 1466 2862 Laconiae
