1839 3292
304 633 371 679 62

102 695 237 725 Tandem
255 700 381 733 perlita-

103 735 151 767 ιο,
176 732 205 758 in
230 731 346 760 hostem

104 752 227 792 vailunt.
262 766 311 794 Fit
328 776 384 803 pu-

101 807 164 834 gna
180 802 274 829 atrox.

438 197 524 238 3⁰0

840 193 1301 231 HERODOTI

433 305 709 361 τοξευμάτων
738 303 879 346 πολλὰ
908 301 1119 356 ἀφειδέως
1150 301 1280 352 οὕτω,
1310 301 1418 345 ὥστε
1440 301 1756 356 πιεζομένων76

433 379 523 420 τῶν
553 371 884 427 Σπαρτιητέων,
914 370 987 412 καὶ
1015 372 1104 411 τῶν
1134 370 1333 424 σφαγίων
1371 367 1425 413 οὐ
1447 369 1702 426 γινομένων,

437 441 746 498 ἀποβλέψαντα
788 437 865 480 τὸν
906 437 1166 493 Παυσανίην
1207 436 1318 490 πρὸς
1357 435 1406 479 τό
1441 436 1622 492 ‘Hpaiov
1650 436 1698 482 τὸ

435 508 715 556 Πλαταιέων,
746 504 1084 549 ἐπικαλέσασθαι
1114 504 1193 561 τὴν
1218 503 1348 555 θεὸν,
1378 507 1606 561 χρηΐζοντα
1625 523 1701 563 μη-

437 578 587 632 δαμῶς
616 576 753 630 σφέας
780 577 1028 629 ψευσθῆναι
1062 577 1137 629 τῆς
1167 572 1349 623 ἐλπίδος.

1710 580 1755 614 80

547 647 695 686 Ταῦτα
725 642 767 687 δ’
798 643 858 686 ἔτι
886 640 1048 685 τούτου
1079 641 1438 696 ἐπικαλευμένου,
1465 641 1700 696 προεξανα-

437 711 614 764 στάντες
642 712 851 769 πρότεροι
881 712 924 754 οἱ
957 713 1158 766 Τεγεῆται
1185 710 1369 766 ἐχώρεον
1390 708 1433 761 ἐς
1460 708 1565 760 τούς
1593 711 1699 765 βαρ-

377 922 483 961 idem
498 924 575 971 IX,
597 924 650 964 99
671 921 723 959 sic
740 919 913 958 effertur:
944 933 1041 961 συν-

381 977 588 1031 εφόρησαν
623 975 671 1018 to?
700 976 822 1030 γέῤῥα
851 976 964 1027 ἕρκος
984 975 1041 1018 εἶ-

378 1038 447 1077 ναί
465 1049 536 1086 σφι
569 1037 594 1073 i.
617 1049 650 1076 e.
672 1035 892 1072 contulerunt
906 1063 916 1081 ‚
955 1047 1041 1072 con-

378 1096 556 1144 stiparunt
582 1095 707 1139 scuta,
738 1104 827 1141 quae
849 1104 914 1140 pro
943 1104 1040 1128 muro

377 1164 408 1188 s.
440 1155 533 1200 septo
573 1151 660 1199 ipsis
701 1151 829 1194 essent,
854 1147 988 1184 vallum
1024 1161 1040 1184 e

378 1207 511 1257 clypeis
553 1205 802 1255 congerebant,
850 1205 935 1243 coll.
967 1206 1037 1253 IX,

379 1266 474 1303 102.
498 1260 852 1312 Schweighaeuser.
882 1262 922 1297 in
942 1263 1039 1299 LeX.

375 1319 519 1358 Herod.
529 1325 813 1370 comparaverat
826 1319 983 1355 Homer.
994 1319 1041 1355 ΙΙ.

376 1378 483 1425 XIII,
508 1379 587 1418 130
601 1373 823 1426 φράξαντες
835 1371 933 1426 δόρυ
947 1375 1042 1414 δου-

376 1432 430 1485 ρὶ,
453 1428 577 1480 σάκος
598 1430 722 1473 σάκεϊ.
737 1434 816 1468 Nec
828 1432 934 1468 aliter
945 1430 1039 1469 haec

376 1489 425 1528 de
446 1495 619 1527 scutorum
633 1491 791 1538 congerie
813 1489 966 1526 Graecis
978 1490 1038 1525 in-

375 1548 598 1598 gruentibus
617 1546 775 1594 obiecta,
791 1546 951 1596 intelligi
966 1559 1038 1583 vo-

374 1605 445 1642 luit
456 1604 686 1654 VVesseling.
708 1603 826 1640 citans
841 1600 1035 1641 Plutarch.

374 1659 528 1699 Aristid.
555 1662 606 1701 18
645 1673 734 1711 pag.
765 1662 845 1700 329
876 1661 926 1707 F,
969 1660 1035 1696 ubi

374 1719 539 1769 legimus
568 1729 578 1754 :
645 1716 714 1755 καὶ
787 1714 1034 1769 προθέμενοι

375 1772 504 1814 πολλοὶ
529 1776 609 1813 τῶν
635 1773 816 1826 ζγέρᾇν,
856 1770 1034 1821 ἐτόξευον

374 1847 468 1878 τους
488 1830 837 1881 Λακεδαιμονίους
865 1845 900 1869 κ.
934 1845 967 1868 τ.
997 1833 1033 1869 λ.

372 1889 507 1938 Negris
528 1888 718 1938 peculiare
740 1900 934 1937 pugnaet>
914 1899 1033 1924 trenus

375 1944 479 1996 apud
500 1946 631 1981 Persas
652 1943 713 1981 hic
734 1944 893 1994 intelligi
913 1951 1032 1994 putat,

377 2016 426 2039 ex
447 2015 523 2054 quo
546 2002 697 2049 (malim
727 2002 829 2037 enim
854 2002 934 2051 ipsa
955 2002 1033 2038 eius

377 2060 492 2097 verba
512 2058 696 2109 proferre)
719 2053 936 2109 ιῖραδίαζαν
955 2055 1033 2108 ποό

374 2115 527 2156 ἓαυτων
546 2131 593 2154 τα
614 2114 732 2167 γέόῥα
751 2114 1035 2165 ,,σχηματίζον-

372 2187 434 2220 τες
451 2169 554 2212 οὕτω
572 2168 698 2222 τεῖχός
718 2187 753 2210 τι
774 2187 842 2210 και
864 2187 916 2222 μη
938 2186 1034 2223 nonc-

373 2232 535 2275 τοῦντες
574 2224 675 2267 αὕτα
713 2231 912 2274 παντελως
950 2231 1034 2274 ταῖς

377 2284 498 2338 χερσὶ.
529 2285 745 2323 Herodotea
766 2286 915 2335 respicit
933 2286 1034 2321 Har-

376 2349 519 2394 pocrat.
558 2355 588 2378 s.
631 2356 669 2382 v.
704 2340 824 2395 γέρῤα
862 2342 1032 2393 itemque

376 2398 514 2437 Suidas
550 2412 578 2435 s.
599 2412 637 2437 v.
667 2400 686 2435 I
723 2410 809 2449 pag.
832 2396 926 2438 477.
982 2399 1032 2435 Et

373 2456 460 2494 vide
483 2468 637 2508 quoque
656 2462 752 2492 nott.
784 2453 831 2490 ad
854 2455 921 2490 VII
938 2484 947 2501 ‚
977 2457 1026 2494 61

376 2513 422 2549 de
450 2526 544 2549 voce
573 2511 706 2563 γε’ῤῥα.
765 2509 915 2548 Addam
942 2509 981 2547 h.
1003 2511 1030 2551 l.

375 2571 487 2606 Gailii
506 2570 621 2607 verba
650 2570 719 2618 (Le
740 2567 870 2619 philol.
891 2568 924 2604 V
944 2580 1032 2618 pag.

375 2628 453 2665 231
476 2640 555 2678 seq.
577 2625 658 2667 240
678 2626 789 2678 seq),
810 2626 875 2661 ubi
896 2623 1032 2675 geri-ha

376 2682 486 2718 fuisse
525 2683 678 2719 scribit:
729 2682 794 2719 des
832 2683 942 2718 tissus
981 2694 1031 2718 ou

374 2737 510 2774 d’osier
529 2752 578 2775 ou
592 2738 638 2775 de
649 2739 781 2776 cordes
793 2738 1033 2790 entrelaqees,

374 2801 546 2833 couverts
566 2794 612 2832 de
633 2798 713 2833 cuir
727 2803 763 2834 et
778 2795 825 2833 de
840 2795 1031 2835 differeuts

1094 921 1256 968 formes,
1285 932 1359 972 que
1383 919 1437 956 les
1457 919 1589 956 Perses
1610 931 1658 954 en
1678 918 1752 954 fai-

1094 980 1215 1015 soient
1243 990 1319 1013 une
1346 983 1445 1013 sorte
1477 975 1524 1013 de
1565 974 1752 1026 palisade3

1095 1035 1211 1086 qu’on
1250 1034 1303 1070 les
1332 1032 1461 1070 fichoit
1501 1045 1548 1068 en
1587 1039 1684 1069 terre
1716 1038 1753 1068 et

1096 1093 1213 1143 qu’on
1242 1091 1295 1126 les
1316 1090 1459 1126 retiroit
1488 1102 1578 1126 avec
1598 1088 1751 1136 saeuite,

1095 1161 1170 1199 que
1198 1153 1295 1185 cette
1316 1159 1550 1182 mauoeuvre
1577 1146 1752 1182 militaire

1094 1218 1133 1241 se
1154 1204 1317 1255 repetoit
1346 1201 1367 1238 Ξι
1387 1203 1569 1253 plusieurs
1595 1203 1753 1252 reprises

1096 1269 1133 1298 et
1161 1261 1182 1297 «ἢ
1224 1260 1288 1297 des
1320 1258 1505 1296 distances
1544 1257 1592 1295 de
1628 1266 1752 1309 temps

1095 1331 1197 1355 assez
1209 1314 1503 1368 rapproche'es.“
1535 1314 1630 1352 Inde
1648 1314 1753 1352 idem

1094 1382 1268 1412 nostrum
1294 1375 1424 1410 locum
1444 1374 1496 1410 sic
1517 1373 1660 1409 Gallice
1681 1385 1752 1408 ex-

1095 1432 1244 1483 pressit:
1296 1432 1426 1467 s’e'tant
1455 1429 1532 1480 fait
1565 1441 1634 1466 une
1662 1433 1753 1467 sorte

1095 1489 1136 1526 de
1169 1487 1335 1538 pali-sade
1371 1487 1413 1524 (le
1453 1487 1546 1523 leurs
1597 1486 1751 1536 geri-lies,

1085 1545 1219 1597 former
1248 1558 1314 1581 une
1331 1544 1496 1594 palisacle
1530 1543 1572 1580 de
1599 1543 1750 1592 gerrhes.

1093 1625 1146 1631 ——
1175 1603 1220 1638 In
1241 1614 1347 1652 seqq.
1369 1599 1418 1637 ad
1438 1600 1616 1637 voculam
1645 1596 1750 1639 οὕτω

1089 1660 1338 1711 postpositam
1374 1657 1476 1695 conf.
1515 1669 1614 1710 quae
1643 1656 1752 1694 attuli

1089 1716 1137 1753 ad
1157 1717 1227 1765 IV,
1250 1719 1288 1757 3.

1145 1831 1226 1868 τῶν
1246 1826 1428 1880 σφαγίων
1439 1822 1489 1868 ov’
1506 1824 1748 1879 γινομένων]

1088 1887 1146 1922 De
1168 1885 1238 1922 hac
1266 1886 1459 1922 locutione
1487 1883 1562 1923 vid.
1583 1890 1680 1920 nott.
1701 1882 1749 1920 ad

1089 1944 1180 1990 vll,
1205 1941 1296 1982 134.
1325 1943 1394 1989 IX,
1422 1944 1487 1982 62.
1517 1942 1649 1993 Itaque
1667 1941 1751 1976 iure

1089 2000 1247 2046 mireris,
1274 1997 1377 2035 unde
1398 2010 1534 2035 vocem
1554 1999 1748 2048 χρηστῶν,

1090 2070 1164 2109 qua
1187 2055 1246 2092 hic
1277 2057 1420 2106 optime
1449 2055 1590 2092 carebit
1618 2055 1749 2102 oratio,

1090 2115 1160 2150 arri
1168 2113 1289 2163 puerit
1301 2113 1452 2149 Galeus.
1462 2110 1750 2161 CitantTaylor.

1090 2169 1138 2207 ad
1159 2170 1314 2219 Lysiam
1361 2182 1398 2218 p.
1422 2171 1473 2208 33
1494 2181 1523 2204 s.
1544 2170 1597 2207 62
1618 2165 1747 2204 Reisk.

1088 2228 1146 2263 De
1166 2226 1304 2263 Heraeo
1330 2224 1404 2261 vid.
1426 2225 1482 2260 IX
1496 2253 1506 2270 ,
1543 2224 1596 2264 52
1617 2231 1653 2260 et
1675 2236 1748 2274 po-

1088 2284 1276 2321 tissimum
1294 2282 1396 2318 Plut.
1416 2279 1569 2320 Aristid.
1595 2283 1645 2322 18
1665 2281 1746 2317 init.

1294 2373 1387 2424 cap.
1417 2373 1538 2409 LXII.

1145 2448 1507 2503 προεξαναστάντες
1538 2447 1742 2502 πρότεροι]

1087 2512 1131 2547 Iu
1153 2512 1231 2547 aliis
1252 2509 1365 2547 codd.
1387 2516 1508 2547 exstat
1527 2505 1743 2558 πρότεροντ

1089 2567 1136 2604 de
1158 2580 1234 2619 quo
1266 2567 1428 2604 conferri
1457 2566 1590 2604 volunt
1616 2564 1744 2601 Davis.

1087 2623 1135 2661 ad
1156 2625 1315 2660 Maxim.
1343 2625 1437 2675 Tyr.
1466 2635 1552 2674 pag.
1575 2622 1668 2663 507.
1688 2641 1743 2648 —-

1085 2680 1172 2718 Ad
1164 2694 1288 2732 ipsum
1304 2669 1528 2733 loquendit>
1507 2691 1624 2715 crenus
1643 2676 1742 2714 conf.

1089 2751 1187 2790 quae
1206 2738 1343 2775 similia
1364 2738 1473 2774 allata
1499 2742 1587 2773 sunt
1606 2733 1652 2770 ad
1672 2734 1739 2778 111,

1091 2797 1156 2836 16.
1177 2815 1231 2824 —
1250 2796 1295 2832 In
1316 2795 1438 2834 veibis
1458 2803 1587 2846 seqq..
1620 2806 1675 2838 ως
1702 2787 1743 2829 δὲ
