1839 3292
71 991 135 1035 13

537 206 997 248 CALLIOPE.

1054 207 1071 242 1
1081 206 1135 243 X.
1372 208 1454 247 221

210 320 464 369 Παυσανίεω
494 316 802 375 ἐξεληλυθότας
831 316 876 360 ἐκ
896 314 1112 370 Σπάρτης,
1141 312 1358 368 πέμπουσι
1381 312 1454 369 κή-
1468 322 1514 356 75

206 407 343 446 ρυκα,
386 391 471 431 τῶν
511 386 830 442 ἡμεροδρόμων
874 380 1131 437 ἀνευρόντες
1158 380 1237 424 τόν
1264 380 1458 435 ἄριστον,

204 459 248 508 ἐς
275 455 354 512 τὴν
379 453 593 510 Ἀττικήν,
630 454 844 509 πρότερον
874 451 998 496 αὐτοὶ
1027 450 1270 506 Μαρδονίῳ
1299 446 1458 491 ὑποδε-

170 532 191 565 Ξ
205 523 379 579 ξάμενοι
400 522 570 579 σχήσειν
589 522 666 565 τόν
686 518 962 575 Σπαρτιήτην
989 517 1046 574 μή
1077 516 1242 568 ἐξιέναι.
1301 515 1346 567 ὃς
1365 515 1457 559 ἐπεί

204 608 248 635 τε
279 590 453 634 ἀπίκετο
483 590 525 640 ἐς
554 590 629 640 τοὶς
653 587 864 644 Ἀθήνας,
897 587 1010 641 ἔλεγε
1033 585 1160 628 τάδε·
1191 583 1513 638 ,,Μαρδόνιε,,80

205 657 428 714 ,,ἐ’πεμψάν
458 673 508 712 με
536 655 720 711 Ἀργεῖοι
754 653 984 711 φράσοντά
1014 669 1098 704 τοι,
1144 651 1212 695 ὅτι
1246 653 1292 695 ἐκ
1322 655 1455 694 Λακε-

205 729 440 780 ,,δαίμονος
469 724 694 780 ἐξελήλυθε
723 721 750 778 ἡ
781 721 953 777 νεότης,
998 721 1071 764 καὶ
1101 717 1159 770 ὥς
1190 718 1243 762 οὐ
1276 719 1457 762 δυνατοὶ

174 792 370 847 3,,αὐτήν
397 794 531 848 ἴσχειν
560 793 641 835 εἰσὶ
677 791 860 845 Ἀργεῖοι
899 788 957 845 μὴ
997 787 1080 832 οὐκ
1121 787 1289 840 ἐξιέναι.
1347 785 1457 841 πρὸς

202 865 364 914 ,,ταῦτα
392 858 575 916 τύγχανε
607 855 655 903 εὖ
685 856 1047 916 βουλευόμενος.“
1100 857 1150 898 Ὃ
1179 854 1257 911 μὲν
1287 853 1364 911 δή,
1394 855 1453 898 εἴ·
1467 857 1511 893 85

205 945 315 981 ,,πας
342 931 501 978 ταῦτα,
541 926 838 970 ἀπαλλάσσετο
867 924 1016 968 ὀπίσω.

313 994 569 1048 Μαρδόνιος
592 995 636 1039 δὲ
668 994 872 1049 οὐδαμῶς
890 993 950 1037 ἐτι
971 990 1203 1046 πρόθυμος
1220 984 1276 1046 ἧν
1304 989 1450 1045 μένειν

201 1063 248 1107 ἐν
279 1065 333 1119 τῇ
360 1061 545 1119 Ἀττικῇ,
586 1062 644 1113 ὥς
671 1062 832 1119 ἤκουσε
861 1065 1007 1103 ταῦτα.
1066 1059 1169 1112 πρὶν
1208 1057 1286 1115 μέν
1315 1074 1399 1101 νυν
1428 1056 1455 1112 ἢ
1511 1057 1693 1092 regreditur.

200 1132 434 1178 πυθέσθαι,
456 1130 705 1186 ἀνεκώχευε,
735 1131 877 1172 θέλων
898 1127 1056 1170 εἰδέναι
1075 1125 1124 1170 τό
1144 1125 1240 1180 παρ’
1250 1126 1456 1181 Ἀθηναί-

202 1215 276 1249 ων,
291 1197 442 1240 ὁκοῖόν
460 1215 498 1240 τι
512 1198 756 1253 ποιήσουσι·
773 1197 846 1240 καὶ
862 1195 961 1238 οὔτε
977 1193 1182 1250 ἐπήμαινε
1195 1195 1293 1237 οὔτε
1306 1192 1455 1237 ἐσινέε-

201 1283 250 1309 το
267 1269 348 1320 γῆν
368 1267 447 1320 τὴν
473 1264 676 1321 Ἀττικήν,
707 1266 885 1317 ἐλπίζων
907 1262 978 1306 διὰ
1002 1262 1164 1312 παντὸς
1180 1266 1260 1305 τοῦ
1289 1259 1453 1316 χρόνου

174 1331 491 1389 Ξὸμολογήσειν
520 1332 667 1389 σφέας.
725 1333 814 1376 ἐπεὶ
833 1332 877 1375 δὲ
898 1328 979 1374 οὐκ
1007 1330 1169 1382 ἔπειθε,
1200 1329 1450 1386 πυθόμενος
1464 1336 1510 1370 90

361 1561 453 1612 cap.
482 1562 570 1602 XII.

198 1641 276 1678 τῶν
293 1636 596 1693 ἡμεροδρόμων]
607 1638 691 1678 Vid.
701 1645 798 1678 nott.

144 1695 192 1733 ad
212 1697 284 1744 vi,
322 1698 413 1738 105.

199 1771 254 1825 μή
287 1773 428 1822 ἐξιέναι
448 1776 466 1825 ]
518 1775 653 1826 Attigit
698 1776 798 1811 Her-

143 1844 274 1868 mann.
301 1831 348 1868 ad
368 1833 494 1882 Viger.
516 1846 603 1883 pag·
635 1834 713 1872 811
747 1832 795 1868 ob

141 1888 344 1938 particulae
359 1890 558 1939 negativae
569 1901 680 1926 usum
688 1901 795 1938 prae-

141 1957 266 1994 gresso
284 1945 399 1981 verbo
428 1945 528 1996 ἔχειν
556 1945 705 1983 arcendi
722 1958 794 1980 no-

141 2003 256 2036 tione.
315 2002 435 2047 Paulo
478 2003 574 2038 infra
620 1998 674 2052 μή
721 1997 794 2040 οὔκ

140 2056 306 2105 ἐξιέναι;
329 2057 376 2094 de
394 2071 468 2110 quo
491 2057 567 2095 vid.
580 2056 711 2094 Matth.
726 2059 792 2095 Gr.

142 2114 208 2150 Gr.
238 2115 274 2159 ξ.
302 2115 382 2154 609
409 2128 447 2164 Ρ.
467 2117 585 2155 1228.
607 2117 794 2164 Hartung.

141 2168 266 2206 Lehre
296 2184 334 2207 v.
365 2170 401 2206 d.
421 2170 615 2207 Partikelu
638 2171 705 2208 der
725 2172 792 2210 Gr.

144 2226 229 2276 Spr.
248 2228 283 2262 11
303 2240 341 2278 p.
368 2229 458 2267 172.
487 2228 656 2265 Verbum
672 2227 794 2278 ἴσχειν

143 2284 298 2330 retinui,
337 2296 571 2335 quamquam
606 2286 794 2321 Florenti-

142 2351 213 2375 nus
232 2353 319 2376 cum
346 2340 425 2376 aliis
452 2340 564 2391 ἔχειν.
622 2343 687 2378 Tu
714 2341 792 2379 vid.

143 2395 220 2442 111,
247 2399 300 2436 77
321 2403 357 2432 et
379 2397 451 2444 IX,
486 2399 547 2437 13.
594 2397 656 2434 Ad
677 2411 792 2448 argu-

144 2457 315 2487 mentum
325 2452 502 2490 locibene
522 2453 791 2503 W'esseling.

145 2508 242 2554 „Hic
266 2508 376 2557 Argis
407 2510 539 2546 missus
562 2510 610 2548 ad
636 2511 793 2548 Mardo-

145 2564 253 2599 nium
292 2565 451 2602 nuncius
501 2565 675 2606 adfirmat
709 2569 792 2618 VII,

149 2620 227 2661 150
249 2625 585 2662 commelnorata.“

361 2709 452 2761 Cap.
473 2713 578 2751 XIII.

200 2781 435 2839 ἀνεκώχευε]
464 2790 490 2829 i.
510 2804 544 2832 e.
570 2805 606 2830 se
632 2794 793 2842 retinuit,

854 1526 1017 1573 cohibuit,
1034 1526 1184 1562 nullum
1204 1525 1348 1562 itineris
1366 1539 1395 1562 s.
1407 1538 1509 1576 pug-

853 1596 925 1619 nae
946 1584 1145 1620 consilium
1164 1583 1283 1632 cepit,
1314 1581 1381 1619 sed
1401 1584 1512 1634 quie-

852 1646 936 1677 tum
954 1654 994 1676 se
1016 1641 1136 1676 tenuit
1162 1640 1385 1685 observans,
1416 1637 1509 1691 quid

852 1695 1102 1733 Athenienses
1122 1697 1300 1732 facerent.
1338 1696 1509 1733 Verbum

854 1748 1121 1803 ἀνακωχεύειν
1142 1751 1188 1788 de
1208 1753 1386 1800 navibus,
1411 1765 1509 1804 qua-

851 1823 938 1846 rum
970 1823 1098 1846 cursus
1134 1808 1346 1856 inhibetur,
1388 1816 1510 1846 exstat

852 1868 923 1913 VI,
963 1868 1070 1914 116,
1107 1867 1173 1902 ubi
1206 1865 1283 1903 vid.
1318 1872 1417 1903 nott.
1450 1886 1508 1893 —-

849 1924 943 1959 Mox
967 1936 987 1958 e
1007 1922 1199 1959 Sancrofti
1224 1922 1308 1959 cod.
1333 1923 1508 1960 revocavi

850 1977 1031 2018 ἐσινέετο.
1069 1980 1193 2029 Vulgo
1218 1979 1377 2026 ἐσίνετο,
1404 1978 1507 2031 quod

850 2049 940 2073 cum
973 2033 1178 2072 Schaefero
1213 2043 1344 2072 tenent
1372 2035 1506 2072 matth.

851 2100 888 2129 et
907 2091 1073 2130 Bekker.
1129 2093 1195 2129 Tu
1219 2091 1296 2129 vid.
1321 2092 1395 2140 IV,
1428 2094 1506 2132 123

850 2150 977 2202 ibique
996 2155 1091 2186 nott.
1116 2150 1193 2197 IX,
1217 2149 1285 2189 49.
1302 2151 1368 2189 73.
1400 2150 1466 2189 87.

907 2229 972 2267 δια
1023 2224 1171 2274 παντός
1217 2228 1289 2266 τοῦ
1328 2222 1505 2278 χρόνον]

848 2284 984 2332 „Omni
998 2285 1060 2321 illo
1078 2288 1222 2334 tempore
1235 2312 1245 2330 ,
1275 2296 1351 2334 quo
1370 2284 1410 2319 in
1430 2284 1504 2320 At-

847 2343 921 2378 tica
941 2348 1106 2378 armatus
1130 2339 1361 2378 consederat.
1423 2341 1505 2377 Ne-

849 2411 997 2435 cessum
1040 2399 1144 2434 enim
1170 2410 1249 2434 non
1279 2404 1391 2448 puto,
1439 2394 1506 2436 διοέ

848 2451 998 2501 παντὸς
1016 2468 1103 2491 cum
1115 2453 1268 2490 Reiskio
1290 2455 1329 2489 iu
1347 2449 1506 2505 διάγον-

848 2526 916 2558 τος
960 2518 1024 2548 aut
1077 2507 1285 2562 προϊόντος
1325 2511 1507 2548 converti.

849 2569 996 2615 Immo,
1025 2568 1056 2604 si
1074 2567 1264 2604 Sancrofti
1287 2566 1382 2603 liber
1412 2580 1507 2604 con-

850 2631 1049 2661 sentaneos
1091 2623 1392 2671 nancisceretur,
1438 2620 1507 2663 διοῖ

850 2676 999 2726 παντός
1028 2678 1229 2718 sufficeret.
1261 2678 1427 2729 [Desunt
1453 2694 1508 2718 sc.

850 2738 890 2772 in
918 2736 984 2772 illo
1019 2735 1149 2772 codice
1176 2749 1287 2774 voces
1317 2738 1389 2776 τοῦ
1414 2734 1508 2788 χρό-

851 2793 959 2842 νου].
988 2791 1170 2846 Aeschyl.
1201 2792 1397 2831 Prometh.
1425 2795 1506 2834 283

1506 989 1607 1016 Attica
1618 988 1786 1023 devastata,

1507 1023 1666 1050 Boeotiam
1679 1031 1786 1050 versuo
