1839 3292
379 225 447 262 DE
477 223 602 261 viTA
631 222 705 260 ET
735 220 969 260 SCRIPTIS
998 222 1280 262 HERODOTI.
1486 228 1572 269 395

199 334 260 373 Ad
280 335 589 385 septentrionales
606 335 718 371 Asiae
738 335 866 385 plagas
886 335 917 372 si
936 348 1004 372 nos
1033 341 1223 372 vertamus
1236 362 1245 379 ‚
1276 342 1431 385 apparet
1461 350 1481 373 e
1511 339 1572 375 lo-

88 392 140 430 cis
169 394 216 440 Π,
247 390 324 431 104
355 392 440 429 coll.
468 392 531 439 IV,
566 392 658 432 ’105.
685 393 750 436 IV,
779 394 844 440 86,
873 392 913 427 in
935 391 1131 429 Colchz'dem
1149 392 1295 428 venisse
1321 391 1573 441 Herodotum,

86 450 151 485 illa
179 446 283 485 haud
310 449 386 484 scio
411 461 460 484 311
490 450 706 496 occasione,
743 447 817 499 quit
837 449 925 485 navi
949 455 1077 485 vectus
1110 455 1147 485 et
1168 449 1317 485 Olbiam
1345 456 1382 485 et
1410 450 1574 500 reliquas

87 506 319 542 Graecorum
339 504 379 543 111
399 506 464 541 illa
484 504 550 542 orit
569 506 654 542 sitas
675 505 840 541 colonias
858 505 998 544 invisit.
1055 506 1154 541 Hinc
1183 503 1364 542 Colchide
1383 504 1574 557 Phasique

86 561 201 598 fluvio
228 560 359 597 Asiam
389 563 546 598 omnino
578 561 773 598 terminari
800 567 979 597 statuerat
1005 574 1074 611 pro
1101 562 1199 597 illius
1231 563 1360 599 aetatis
1389 562 1576 599 sententia

86 624 260 668 recepta:
292 618 392 656 conf.
413 618 478 663 IV,
499 616 552 657 45
573 618 658 654 coll.
681 619 748 657 38.
768 617 833 656 47.
892 618 1025 668 Neque
1054 630 1144 654 vero
1173 616 1220 653 ad
1245 619 1441 656 interiores
1473 619 1576 655 Cau-

85 674 161 710 casi
188 674 318 724 plagas
351 681 577 724 montesque
607 674 674 722 (cf.
695 674 725 719 Ι,
745 675 858 718 203),
877 685 1005 723 neque
1035 672 1083 709 ad
1105 674 1285 723 Caspium
1313 688 1435 726 usque
1454 688 1574 723 mare,

85 731 191 767 cuius
210 737 339 766 tamen
360 737 573 767 accuratam
597 731 728 766 habuit
747 730 921 766 notitiam
939 730 1001 778 (cf.
1022 737 1120 767 nott.
1139 729 1187 766 ad
1207 732 1236 776 Ι,
1258 734 1359 779 202)
1379 745 1507 783 neque
1524 730 1573 768 ad

86 785 317 838 Scytharum
336 787 411 824 illic
430 787 654 835 vagantium
682 793 798 823 terras
826 799 1044 836 progressus
1074 799 1155 823 esse
1177 785 1350 824 videtur:
1382 795 1444 836 ut,
1477 801 1575 839 quae

86 841 134 879 de
167 841 225 880 his
254 844 499 880 inveniuntur
531 843 689 890 tradita,
739 843 899 879 aliorum
928 857 948 879 e
975 844 1210 880 sermonibus
1230 844 1382 880 fluxisse
1405 844 1576 894 putanda

85 900 170 936 sint.
229 899 337 936 Conf.
371 906 467 936 nott.
497 899 545 936 ad
577 902 606 947 Ι,
639 902 720 940 202
752 913 790 950 p.
825 898 906 940 455
927 900 1013 937 0011.
1030 901 1165 947 Ι,203.
1186 901 1314 951 Heyse
1332 901 1359 937 l.
1378 901 1403 938 l.
1424 915 1462 951 p.
1483 899 1576 941 104.

89 956 180 995 105.
217 955 554 1006 18οΡ10111110113105
590 958 767 1006 Europae
786 962 944 1003 tractus,
967 958 1032 1008 qui
1053 955 1284 1007 Scytharum
1305 958 1420 1007 vulgo
1443 956 1577 993 dicun-

84 1017 157 1059 tur,
182 1023 204 1047 a
223 1012 337 1048 Ponti
355 1013 498 1049 Euxini
518 1012 584 1049 orsi
605 1014 756 1049 Graecis
777 1013 918 1049 colonis
949 1013 1093 1064 replet-21
1120 1014 1417 1063 septentrionem
1445 1026 1576 1051 versus

85 1074 259 1106 extensos
283 1070 409 1120 aliqua
430 1076 530 1107 certe
557 1071 703 1106 ratione
723 1071 909 1119 inspectos
928 1083 1006 1106 esse
1026 1070 1072 1106 ab
1093 1069 1311 1118 Herodoto,
1343 1083 1364 1106 a
1383 1082 1475 1108 vero
1495 1082 1575 1106 non

84 1137 234 1174 prorsus
268 1125 471 1162 abhorrere
495 1125 663 1174 videtur,
693 1127 724 1162 si
758 1133 971 1162 accuratam
994 1133 1031 1162 et
1060 1127 1252 1175 copiosam
1272 1125 1383 1163 huius
1409 1127 1575 1177 regionis

85 1179 376 1231 descriptionem
401 1184 644 1232 reputaveris.
704 1181 799 1218 Vide
828 1183 875 1219 sis
904 1181 1041 1229 modo,
1071 1196 1120 1218 ne
1140 1184 1271 1233 plura,
1301 1184 1364 1230 IV,
1386 1183 1438 1223 46
1467 1197 1575 1234 seqq.

83 1238 148 1284 IV,
167 1239 232 1285 81,
266 1246 302 1275 et
323 1239 424 1276 conf.
444 1240 473 1287 I,
500 1239 589 1280 105,
610 1240 657 1283 ΙΙ,
687 1241 777 1278 103.
807 1239 870 1285 IV,
893 1238 931 1278 5.
952 1242 989 1279 7.
1009 1241 1046 1286 8,
1077 1240 1143 1275 ubi
1163 1238 1209 1275 ad
1227 1238 1388 1290 Scythas
1405 1247 1575 1277 auctores

84 1301 279 1344 provocat.
318 1296 491 1346 Reliqua,
514 1308 610 1346 quae
629 1294 703 1331 huc
723 1295 878 1342 faciunt,
915 1302 1018 1332 tanta
1038 1295 1222 1332 industri&
1248 1296 1429 1333 indicavit
1449 1298 1575 1347 Heyse

84 1351 111 1388 1.
130 1350 154 1386 1.
175 1364 211 1401 p.
239 1354 314 1391 131
331 1372 386 1379 —
401 1354 492 1399 133,
523 1359 564 1388 ut
588 1350 683 1388 nihil
713 1364 802 1387 sane
832 1349 971 1388 addere
993 1365 1064 1402 ego
1084 1351 1261 1389 habeam.
1319 1355 1432 1389 Hunc
1462 1354 1493 1389 si
1513 1366 1576 1389 se-

87 1419 268 1458 quamur,
320 1420 439 1458 usque
468 1406 516 1443 ad
549 1406 827 1459 Borysthenem
855 1408 895 1443 111
924 1409 1111 1459 Hylaeam
1130 1409 1329 1458 regionem
1357 1408 1574 1446 Herodotus

85 1464 323 1513 penetravit,
363 1463 510 1500 Gerrho
537 1465 654 1501 fluvio
693 1465 875 1501 itinerum
908 1466 1072 1501 termino
1108 1466 1324 1501 constituto.
1380 1464 1477 1501 Mihi
1509 1467 1576 1502 vix

85 1521 252 1556 multum
267 1521 446 1557 introrsus
468 1520 515 1557 ad
539 1523 621 1558 loca
641 1520 918 1557 mediterranea
941 1534 1159 1572 progressus
1181 1534 1258 1557 esse
1277 1521 1427 1558 videtur
1452 1524 1576 1558 Hero-

87 1574 216 1624 dotus,
257 1590 374 1628 quem
401 1578 522 1627 magis
551 1577 706 1615 credam
733 1578 773 1614 iu
802 1577 954 1614 Graecis
982 1579 1137 1614 coloniis
1172 1577 1220 1614 ad
1240 1579 1576 1629 septentrionalem

84 1633 200 1670 Ponti
226 1645 333 1669 oram
365 1632 524 1671 conditis
553 1641 770 1672 versantem
797 1647 819 1670 a
840 1633 992 1684 Scythis
1021 1648 1070 1670 ex
1097 1636 1336 1672 interioribus
1356 1636 1576 1685 regionibus

83 1686 160 1726 huc
183 1691 405 1727 commercii
422 1702 534 1728 causa
553 1692 728 1742 profectis
747 1691 947 1741 accepisse,
979 1704 1229 1743 quaecunque
1261 1691 1308 1728 de
1328 1690 1385 1729 his
1404 1693 1492 1742 ipsis
1512 1705 1575 1728 re-

85 1746 260 1795 gionibus
281 1760 488 1798 earumque
508 1749 639 1785 incolis
659 1749 867 1784 memoriae
886 1746 1065 1797 prodidit.
1122 1750 1207 1785 Huc
1227 1749 1362 1796 refero,
1393 1761 1490 1800 quae
1510 1749 1575 1797 IV,

84 1804 266 1843 22—36
295 1802 341 1839 de
370 1805 508 1854 Iyrcis,
549 1804 808 1852 Issedonibus,
844 1805 944 1853 aliis,
976 1818 1074 1856 quae
1093 1806 1156 1851 IV,
1183 1808 1273 1846 100.
1298 1804 1378 1845 104
1397 1818 1504 1856 seqq.
1525 1804 1574 1842 de

84 1857 327 1910 Agathyrsis,
366 1861 522 1908 Neuris,
552 1861 732 1909 Budinis,
764 1861 940 1909 Gelonis,
972 1863 1050 1898 aliis
1070 1861 1226 1911 profert.
1283 1863 1346 1897 Ex
1376 1875 1440 1898 ora
1461 1862 1575 1898 Ponti

85 1916 370 1964 septentrionali
389 1918 579 1954 maritimo
599 1919 723 1968 potius
744 1931 859 1970 quam
871 1916 1034 1967 pedestri
1048 1919 1180 1954 itinere
1200 1919 1239 1954 in
1254 1920 1416 1968 patriam
1425 1931 1575 1968 regres-

85 1984 172 2008 sum
204 1985 282 2008 esse
305 1974 483 2009 Nostrum
504 1973 667 2011 dubitari
685 1976 837 2026 nequit3
867 1975 898 2010 si
919 1973 1073 2025 quidem
1093 1981 1209 2011 terras
1232 1981 1334 2011 trans
1353 1977 1575 2011 Danubium

85 2027 111 2063 i.
133 2041 166 2066 e.
187 2040 209 2064 a
228 2030 393 2065 Danubii
405 2032 658 2080 septentrione
678 2033 763 2068 sitas
783 2029 887 2067 haud
908 2032 1141 2081 cognoverit.
1201 2031 1258 2068 Cf.
1269 2030 1385 2068 modo
1405 2032 1573 2078 V,9.10.

85 2084 121 2120 N
123 2085 182 2121 avi
190 2085 304 2135 igitur
312 2086 613 2136 profectusOlbia
628 2089 799 2139 pervenit
815 2087 862 2124 ad
875 2089 957 2124 Istri
972 2088 1064 2124 ostia
1080 2088 1239 2139 visitque
1251 2089 1396 2124 istriam
1405 2089 1574 2124 Milesio-

85 2153 174 2176 rum
187 2143 389 2190 coloniam,
403 2142 449 2179 de
462 2157 536 2195 qua
555 2146 603 2192 11,
625 2147 691 2184 33.
714 2145 788 2185 34:
811 2157 1046 2196 quamquam
1059 2157 1157 2196 quae
1178 2144 1224 2181 de
1245 2146 1326 2194 ipso
1342 2147 1435 2181 Istro
1456 2145 1573 2181 fluvio

86 2199 304 2246 perscribit,
335 2200 424 2236 talia
444 2208 544 2249 suut,
576 2208 619 2238 ut
637 2201 797 2238 fluvium
814 2202 925 2237 illum
945 2201 1183 2238 Herodotum
1199 2200 1330 2238 adiisse
1350 2202 1416 2238 vix
1429 2200 1572 2241 credas.

89 2253 167 2300 Sic,
195 2257 250 2292 uti
269 2254 342 2292 hoc
362 2258 530 2306 utar‚IV,
551 2256 603 2298 48
624 2257 728 2309 quod
747 2265 874 2294 narrat
893 2260 1031 2295 Istrum
1049 2271 1200 2308 semper
1221 2259 1292 2294 sibi
1313 2271 1444 2309 parem
1455 2259 1574 2295 fluere

89 2316 227 2347 aestate
256 2318 369 2363 atque
396 2311 546 2363 hieme,
586 2328 720 2352 verum
756 2313 1055 2367 haudquaquam
1083 2328 1161 2352 esse
1191 2316 1314 2366 quivis
1340 2316 1516 2365 intelligit
1537 2322 1574 2352 et

89 2365 190 2402 bene
207 2370 352 2405 notavit
365 2371 486 2407 Kruse
505 2372 544 2407 in
561 2372 813 2409 Commentat.
835 2371 882 2408 de
896 2373 979 2408 lstri
995 2372 1094 2408 ostiis
1115 2386 1153 2422 p.
1173 2374 1226 2413 28
1245 2384 1353 2423 seqq.
1393 2374 1492 2408 Nam
1511 2385 1574 2409 sa·-

89 2422 136 2458 tis
158 2430 301 2460 constat
320 2436 366 2461 eo
387 2426 489 2478 quod
508 2427 642 2465 fluvius
661 2427 769 2465 hicce
788 2427 905 2465 modo
926 2429 1082 2465 auctiori
1101 2427 1216 2465 modo
1232 2428 1372 2465 minori
1387 2441 1574 2479 aquarum

91 2478 200 2528 copi-A
219 2480 398 2529 profluat,
437 2485 618 2521 ostiorum
647 2493 759 2537 atque
788 2492 910 2521 terrae
941 2484 1144 2522 adiacentis
1167 2486 1334 2536 speciem
1365 2484 1476 2523 valde
1496 2487 1573 2521 im-

89 2537 244 2572 mutari.
300 2538 398 2574 Hinc
417 2540 458 2575 in
476 2542 611 2577 talibus
631 2543 722 2579 alios
744 2549 913 2578 auctores
933 2549 1081 2578 secutus
1103 2556 1180 2578 esse
1200 2541 1371 2589 videtur,
1393 2555 1483 2578 cum
1501 2542 1573 2593 ipsi

90 2588 185 2627 haec
210 2591 313 2628 adire
331 2595 488 2632 minime
508 2598 666 2636 licuerit.
722 2599 861 2635 Scribit
877 2600 980 2634 enim
999 2600 1046 2646 ΙΙ,
1067 2599 1119 2638 34
1144 2599 1225 2638 init,
1255 2599 1393 2634 Istrum
1412 2599 1573 2635 fluvium

90 2643 191 2698 πρὸς
219 2651 375 2688 πολλῶν
400 2647 676 2703 γινώσκεσθαι.
713 2654 800 2692 vid.
820 2654 918 2690 insra
940 2656 974 2699 ς.
993 2657 1031 2694 8.
1089 2656 1122 2690 Α
1146 2655 1347 2704 Sinopensi
1366 2663 1479 2692 nauta
1495 2657 1573 2693 sive

89 2711 299 2741 mercatore
318 2704 411 2743 haec
430 2710 608 2746 Nostrum
628 2710 805 2748 edoctum
826 2712 995 2747 retulisse
1021 2712 1172 2747 coniicit
1204 2713 1323 2747 Kruse
1344 2712 1367 2747 l.
1393 2712 1419 2749 l.
1440 2726 1478 2762 p.
1504 2715 1571 2753 33.

91 2758 158 2798 34.
187 2760 249 2797 Ad
269 2763 494 2800 Maeoticam
514 2766 692 2815 paludem
712 2781 833 2819 aeque
853 2775 966 2819 atque
988 2766 1036 2803 ad
1054 2768 1248 2804 interiores
1266 2768 1455 2805 Crimmae
1474 2782 1572 2819 pen-

91 2816 236 2854 insulae
271 2825 409 2857 tractus
433 2821 670 2860 Herodotum
702 2825 916 2875 pervenisse
943 2836 1057 2874 nego.
1114 2822 1199 2862 vid.
1228 2831 1322 2862 nott.
1352 2824 1401 2863 ad
1419 2826 1483 2874 IV,
1505 2826 1572 2865 86.
