<?xml version="1.0" encoding="UTF-8"?>
<!DOCTYPE html PUBLIC "-//W3C//DTD XHTML 1.0 Transitional//EN"
    "http://www.w3.org/TR/xhtml1/DTD/xhtml1-transitional.dtd">
<html xmlns="http://www.w3.org/1999/xhtml" xml:lang="en" lang="en">
 <head>
  <title>
</title>
<meta http-equiv="Content-Type" content="text/html;charset=utf-8" />
  <meta name='ocr-system' content='tesseract 3.04.00' />
  <meta name='ocr-capabilities' content='ocr_page ocr_carea ocr_par ocr_line ocrx_word'/>
</head>
<body>
  <div class='ocr_page' id='page_1' title='image "./musaeher04hero/musaeher04hero_0391.png"; bbox 0 0 1839 3292; ppageno 0'>
   <div class='ocr_carea' id='block_1_1' title="bbox 370 209 1557 275">
    <p class='ocr_par' dir='ltr' id='par_1_1' title="bbox 370 209 1557 275">
     <span class='ocr_line' id='line_1_1' title="bbox 370 209 1557 275; baseline 0 -9"><span class='ocrx_word' id='word_1_1' title='bbox 370 231 438 266; x_wconf 86' lang='lat' dir='ltr'>DE</span> <span class='ocrx_word' id='word_1_2' title='bbox 471 228 596 268; x_wconf 83' lang='lat' dir='ltr'>vrrA</span> <span class='ocrx_word' id='word_1_3' title='bbox 626 227 699 265; x_wconf 86' lang='lat' dir='ltr'>ET</span> <span class='ocrx_word' id='word_1_4' title='bbox 728 226 962 265; x_wconf 81' lang='lat' dir='ltr'>SCRIPTIS</span> <span class='ocrx_word' id='word_1_5' title='bbox 991 209 1269 266; x_wconf 72' lang='grc' dir='ltr'><strong>ΗΕΒΟΒΟΤΙ.</strong></span> <span class='ocrx_word' id='word_1_6' title='bbox 1474 235 1557 275; x_wconf 73' lang='lat'>383</span> 
     </span>
    </p>
   </div>
   <div class='ocr_carea' id='block_1_2' title="bbox 0 337 1557 1979">
    <p class='ocr_par' dir='ltr' id='par_1_2' title="bbox 0 337 1557 1979">
     <span class='ocr_line' id='line_1_2' title="bbox 77 337 1557 387; baseline 0.001 -8"><span class='ocrx_word' id='word_1_7' title='bbox 77 340 130 382; x_wconf 86' lang='lat'>95</span> <span class='ocrx_word' id='word_1_8' title='bbox 160 342 247 379; x_wconf 89' lang='lat' dir='ltr'>coll.</span> <span class='ocrx_word' id='word_1_9' title='bbox 272 343 325 382; x_wconf 85' lang='lat'>99</span> <span class='ocrx_word' id='word_1_10' title='bbox 355 347 393 377; x_wconf 88' lang='lat' dir='ltr'>et</span> <span class='ocrx_word' id='word_1_11' title='bbox 420 341 490 387; x_wconf 90' lang='lat' dir='ltr'>IX,</span> <span class='ocrx_word' id='word_1_12' title='bbox 517 342 570 380; x_wconf 85' lang='lat'>73</span> <span class='ocrx_word' id='word_1_13' title='bbox 601 341 744 377; x_wconf 79' lang='lat' dir='ltr'>notavi.</span> <span class='ocrx_word' id='word_1_14' title='bbox 800 340 858 376; x_wconf 89' lang='lat' dir='ltr'>Ac</span> <span class='ocrx_word' id='word_1_15' title='bbox 884 337 1040 377; x_wconf 89' lang='lat' dir='ltr'>Thuriis</span> <span class='ocrx_word' id='word_1_16' title='bbox 1074 337 1235 377; x_wconf 88' lang='lat' dir='ltr'>historiis</span> <span class='ocrx_word' id='word_1_17' title='bbox 1264 341 1338 378; x_wconf 89' lang='lat' dir='ltr'>suis</span> <span class='ocrx_word' id='word_1_18' title='bbox 1369 340 1557 382; x_wconf 80' lang='lat' dir='ltr'><strong>addidisse</strong></span> 
     </span>
     <span class='ocr_line' id='line_1_3' title="bbox 76 393 1554 450; baseline 0.001 -16"><span class='ocrx_word' id='word_1_19' title='bbox 76 405 189 450; x_wconf 88' lang='lat' dir='ltr'>atque</span> <span class='ocrx_word' id='word_1_20' title='bbox 204 398 398 435; x_wconf 85' lang='lat' dir='ltr'>inseruisse</span> <span class='ocrx_word' id='word_1_21' title='bbox 418 396 568 432; x_wconf 87' lang='lat' dir='ltr'>videtur</span> <span class='ocrx_word' id='word_1_22' title='bbox 588 404 628 434; x_wconf 92' lang='lat' dir='ltr'>ut</span> <span class='ocrx_word' id='word_1_23' title='bbox 648 398 768 434; x_wconf 88' lang='lat' dir='ltr'>multa</span> <span class='ocrx_word' id='word_1_24' title='bbox 789 398 861 433; x_wconf 89' lang='lat' dir='ltr'>alia</span> <span class='ocrx_word' id='word_1_25' title='bbox 886 393 944 446; x_wconf 43' lang='grc' dir='ltr'>ἐξ),</span> <span class='ocrx_word' id='word_1_26' title='bbox 975 397 1028 434; x_wconf 86' lang='lat' dir='ltr'>ita</span> <span class='ocrx_word' id='word_1_27' title='bbox 1047 398 1285 446; x_wconf 87' lang='lat' dir='ltr'>potissimum</span> <span class='ocrx_word' id='word_1_28' title='bbox 1307 411 1363 442; x_wconf 81' lang='lat' dir='ltr'>ea,</span> <span class='ocrx_word' id='word_1_29' title='bbox 1399 412 1495 450; x_wconf 88' lang='lat' dir='ltr'>quae</span> <span class='ocrx_word' id='word_1_30' title='bbox 1515 402 1554 438; x_wconf 91' lang='lat' dir='ltr'>in</span> 
     </span>
     <span class='ocr_line' id='line_1_4' title="bbox 75 450 1554 505; baseline 0.002 -15"><span class='ocrx_word' id='word_1_31' title='bbox 75 453 177 491; x_wconf 88' lang='lat' dir='ltr'>hisce</span> <span class='ocrx_word' id='word_1_32' title='bbox 194 456 388 491; x_wconf 80' lang='lat' dir='ltr'><strong>Musarum</strong></span> <span class='ocrx_word' id='word_1_33' title='bbox 408 454 509 490; x_wconf 87' lang='lat' dir='ltr'>libris</span> <span class='ocrx_word' id='word_1_34' title='bbox 538 454 649 490; x_wconf 81' lang='lat' dir='ltr'>obvia</span> <span class='ocrx_word' id='word_1_35' title='bbox 669 453 716 490; x_wconf 89' lang='lat' dir='ltr'>ad</span> <span class='ocrx_word' id='word_1_36' title='bbox 736 454 915 490; x_wconf 87' lang='lat' dir='ltr'>seriorem</span> <span class='ocrx_word' id='word_1_37' title='bbox 936 460 1096 490; x_wconf 85' lang='lat' dir='ltr'>aetatem</span> <span class='ocrx_word' id='word_1_38' title='bbox 1116 455 1306 504; x_wconf 76' lang='lat' dir='ltr'>pertinent</span> <span class='ocrx_word' id='word_1_39' title='bbox 1326 450 1414 505; x_wconf 51' lang='lat'>²²²³).</span> <span class='ocrx_word' id='word_1_40' title='bbox 1475 456 1554 494; x_wconf 83' lang='lat' dir='ltr'>Sed</span> 
     </span>
     <span class='ocr_line' id='line_1_5' title="bbox 73 509 1553 564; baseline 0.002 -17"><span class='ocrx_word' id='word_1_41' title='bbox 73 509 167 548; x_wconf 88' lang='lat' dir='ltr'>haec</span> <span class='ocrx_word' id='word_1_42' title='bbox 185 509 281 546; x_wconf 87' lang='lat' dir='ltr'>nihil</span> <span class='ocrx_word' id='word_1_43' title='bbox 303 511 462 557; x_wconf 79' lang='lat' dir='ltr'>obstant,</span> <span class='ocrx_word' id='word_1_44' title='bbox 484 523 559 561; x_wconf 91' lang='lat' dir='ltr'>quo</span> <span class='ocrx_word' id='word_1_45' title='bbox 579 511 705 547; x_wconf 89' lang='lat' dir='ltr'>miuus</span> <span class='ocrx_word' id='word_1_46' title='bbox 721 523 818 562; x_wconf 90' lang='lat' dir='ltr'>quae</span> <span class='ocrx_word' id='word_1_47' title='bbox 837 511 915 545; x_wconf 87' lang='lat' dir='ltr'>iam</span> <span class='ocrx_word' id='word_1_48' title='bbox 930 517 1040 546; x_wconf 86' lang='lat' dir='ltr'>antea</span> <span class='ocrx_word' id='word_1_49' title='bbox 1058 511 1098 545; x_wconf 90' lang='lat' dir='ltr'>in</span> <span class='ocrx_word' id='word_1_50' title='bbox 1118 511 1314 547; x_wconf 81' lang='lat' dir='ltr'>itineribus</span> <span class='ocrx_word' id='word_1_51' title='bbox 1333 512 1553 564; x_wconf 81' lang='lat' dir='ltr'>longinquis</span> 
     </span>
     <span class='ocr_line' id='line_1_6' title="bbox 74 565 1552 615; baseline 0.003 -13"><span class='ocrx_word' id='word_1_52' title='bbox 74 566 122 603; x_wconf 90' lang='lat' dir='ltr'>de</span> <span class='ocrx_word' id='word_1_53' title='bbox 155 568 264 614; x_wconf 87' lang='lat' dir='ltr'>Asia,</span> <span class='ocrx_word' id='word_1_54' title='bbox 306 565 353 603; x_wconf 91' lang='lat' dir='ltr'>de</span> <span class='ocrx_word' id='word_1_55' title='bbox 379 568 607 615; x_wconf 79' lang='lat' dir='ltr'>Persarum,</span> <span class='ocrx_word' id='word_1_56' title='bbox 649 568 881 603; x_wconf 88' lang='lat' dir='ltr'>Graecorum</span> <span class='ocrx_word' id='word_1_57' title='bbox 896 595 906 613; x_wconf 89' lang='lat'>,</span> <span class='ocrx_word' id='word_1_58' title='bbox 937 567 1096 602; x_wconf 86' lang='lat' dir='ltr'>aliorum</span> <span class='ocrx_word' id='word_1_59' title='bbox 1118 568 1229 603; x_wconf 88' lang='lat' dir='ltr'>rebus</span> <span class='ocrx_word' id='word_1_60' title='bbox 1248 569 1317 604; x_wconf 88' lang='lat' dir='ltr'>sibi</span> <span class='ocrx_word' id='word_1_61' title='bbox 1339 569 1494 605; x_wconf 88' lang='lat' dir='ltr'>collecta</span> <span class='ocrx_word' id='word_1_62' title='bbox 1514 577 1552 607; x_wconf 91' lang='lat' dir='ltr'>et</span> 
     </span>
     <span class='ocr_line' id='line_1_7' title="bbox 70 619 1552 674; baseline 0.003 -15"><span class='ocrx_word' id='word_1_63' title='bbox 70 630 201 673; x_wconf 80' lang='lat' dir='ltr'>parata</span> <span class='ocrx_word' id='word_1_64' title='bbox 222 621 395 660; x_wconf 83' lang='lat' dir='ltr'>habuerit</span> <span class='ocrx_word' id='word_1_65' title='bbox 410 619 510 672; x_wconf 47' lang='grc' dir='ltr'>ᾑμῆβωφι)</span> <span class='ocrx_word' id='word_1_66' title='bbox 533 630 639 673; x_wconf 87' lang='lat' dir='ltr'>pater</span> <span class='ocrx_word' id='word_1_67' title='bbox 657 622 844 670; x_wconf 81' lang='lat' dir='ltr'>historiae,</span> <span class='ocrx_word' id='word_1_68' title='bbox 879 623 1078 673; x_wconf 80' lang='lat' dir='ltr'>Olympiae</span> <span class='ocrx_word' id='word_1_69' title='bbox 1094 623 1318 673; x_wconf 79' lang='lat' dir='ltr'>praelegerit</span> <span class='ocrx_word' id='word_1_70' title='bbox 1336 627 1552 674; x_wconf 85' lang='lat' dir='ltr'>speciminis</span> 
     </span>
     <span class='ocr_line' id='line_1_8' title="bbox 70 679 1550 734; baseline 0.003 -19"><span class='ocrx_word' id='word_1_71' title='bbox 70 692 203 727; x_wconf 78' lang='lat' dir='ltr'>causa,</span> <span class='ocrx_word' id='word_1_72' title='bbox 242 687 447 731; x_wconf 87' lang='lat' dir='ltr'>antequam</span> <span class='ocrx_word' id='word_1_73' title='bbox 478 679 645 716; x_wconf 90' lang='lat' dir='ltr'>Thurios</span> <span class='ocrx_word' id='word_1_74' title='bbox 675 679 918 725; x_wconf 80' lang='lat' dir='ltr'>discessisset,</span> <span class='ocrx_word' id='word_1_75' title='bbox 959 680 1193 716; x_wconf 86' lang='lat' dir='ltr'>Graecorum</span> <span class='ocrx_word' id='word_1_76' title='bbox 1212 682 1250 716; x_wconf 93' lang='lat' dir='ltr'>in</span> <span class='ocrx_word' id='word_1_77' title='bbox 1271 682 1446 718; x_wconf 82' lang='lat' dir='ltr'>notitiam</span> <span class='ocrx_word' id='word_1_78' title='bbox 1473 696 1550 734; x_wconf 85' lang='lat' dir='ltr'>quo</span> 
     </span>
     <span class='ocr_line' id='line_1_9' title="bbox 69 736 1549 786; baseline 0.003 -14"><span class='ocrx_word' id='word_1_79' title='bbox 69 737 229 775; x_wconf 82' lang='lat' dir='ltr'>veniret.</span> <span class='ocrx_word' id='word_1_80' title='bbox 287 738 386 773; x_wconf 84' lang='lat' dir='ltr'>Nam</span> <span class='ocrx_word' id='word_1_81' title='bbox 406 737 570 772; x_wconf 89' lang='lat' dir='ltr'>multum</span> <span class='ocrx_word' id='word_1_82' title='bbox 593 736 716 782; x_wconf 86' lang='lat' dir='ltr'>abest,</span> <span class='ocrx_word' id='word_1_83' title='bbox 758 742 800 771; x_wconf 86' lang='lat' dir='ltr'>ut</span> <span class='ocrx_word' id='word_1_84' title='bbox 830 748 936 785; x_wconf 80' lang='lat' dir='ltr'>opus,</span> <span class='ocrx_word' id='word_1_85' title='bbox 960 736 1072 786; x_wconf 87' lang='lat' dir='ltr'>quale</span> <span class='ocrx_word' id='word_1_86' title='bbox 1102 749 1206 773; x_wconf 88' lang='lat' dir='ltr'>nunc</span> <span class='ocrx_word' id='word_1_87' title='bbox 1228 743 1365 781; x_wconf 72' lang='lat' dir='ltr'>exstat,</span> <span class='ocrx_word' id='word_1_88' title='bbox 1404 739 1465 774; x_wconf 89' lang='lat' dir='ltr'>illa</span> <span class='ocrx_word' id='word_1_89' title='bbox 1486 753 1549 776; x_wconf 90' lang='lat' dir='ltr'>so-</span> 
     </span>
     <span class='ocr_line' id='line_1_10' title="bbox 70 791 1549 845; baseline 0.003 -18"><span class='ocrx_word' id='word_1_90' title='bbox 70 793 187 829; x_wconf 87' lang='lat' dir='ltr'>lemni</span> <span class='ocrx_word' id='word_1_91' title='bbox 209 794 404 829; x_wconf 80' lang='lat' dir='ltr'>occasione</span> <span class='ocrx_word' id='word_1_92' title='bbox 418 824 427 839; x_wconf 80' lang='lat'>,</span> <span class='ocrx_word' id='word_1_93' title='bbox 458 793 504 827; x_wconf 86' lang='lat' dir='ltr'>ab</span> <span class='ocrx_word' id='word_1_94' title='bbox 525 791 718 828; x_wconf 82' lang='lat' dir='ltr'>Herodoto</span> <span class='ocrx_word' id='word_1_95' title='bbox 739 798 861 828; x_wconf 88' lang='lat' dir='ltr'>totum</span> <span class='ocrx_word' id='word_1_96' title='bbox 882 793 1079 828; x_wconf 85' lang='lat' dir='ltr'>recitatum</span> <span class='ocrx_word' id='word_1_97' title='bbox 1100 793 1212 830; x_wconf 83' lang='lat' dir='ltr'>fuisse</span> <span class='ocrx_word' id='word_1_98' title='bbox 1228 800 1428 843; x_wconf 67' lang='lat' dir='ltr'>putemus,</span> <span class='ocrx_word' id='word_1_99' title='bbox 1458 809 1549 845; x_wconf 89' lang='lat' dir='ltr'>par-</span> 
     </span>
     <span class='ocr_line' id='line_1_11' title="bbox 68 844 1549 901; baseline 0.003 -17"><span class='ocrx_word' id='word_1_100' title='bbox 68 855 148 885; x_wconf 84' lang='lat' dir='ltr'>tem</span> <span class='ocrx_word' id='word_1_101' title='bbox 164 851 285 899; x_wconf 89' lang='lat' dir='ltr'>operis</span> <span class='ocrx_word' id='word_1_102' title='bbox 301 851 368 885; x_wconf 86' lang='lat' dir='ltr'>Ille</span> <span class='ocrx_word' id='word_1_103' title='bbox 389 849 707 900; x_wconf 78' lang='lat' dir='ltr'>qualemcunque,</span> <span class='ocrx_word' id='word_1_104' title='bbox 738 849 816 885; x_wconf 88' lang='lat' dir='ltr'>sive</span> <span class='ocrx_word' id='word_1_105' title='bbox 831 844 975 900; x_wconf 72' lang='grc' dir='ltr'><em>λόγον,</em></span> <span class='ocrx_word' id='word_1_106' title='bbox 1006 856 1048 885; x_wconf 87' lang='lat' dir='ltr'>ut</span> <span class='ocrx_word' id='word_1_107' title='bbox 1069 849 1194 886; x_wconf 86' lang='lat' dir='ltr'>dicere</span> <span class='ocrx_word' id='word_1_108' title='bbox 1223 850 1330 896; x_wconf 89' lang='lat' dir='ltr'>solet,</span> <span class='ocrx_word' id='word_1_109' title='bbox 1365 849 1411 900; x_wconf 68' lang='grc' dir='ltr'>Ἠ</span> <span class='ocrx_word' id='word_1_110' title='bbox 1435 865 1549 901; x_wconf 88' lang='lat' dir='ltr'>prae-</span> 
     </span>
     <span class='ocr_line' id='line_1_12' title="bbox 65 904 1549 959; baseline 0 -17"><span class='ocrx_word' id='word_1_111' title='bbox 65 906 171 955; x_wconf 85' lang='lat' dir='ltr'>legit,</span> <span class='ocrx_word' id='word_1_112' title='bbox 193 907 344 942; x_wconf 89' lang='lat' dir='ltr'>Graecis</span> <span class='ocrx_word' id='word_1_113' title='bbox 369 912 665 953; x_wconf 82' lang='lat' dir='ltr'>monstraturus,</span> <span class='ocrx_word' id='word_1_114' title='bbox 696 904 788 957; x_wconf 85' lang='lat' dir='ltr'>quid</span> <span class='ocrx_word' id='word_1_115' title='bbox 809 905 856 942; x_wconf 88' lang='lat' dir='ltr'>de</span> <span class='ocrx_word' id='word_1_116' title='bbox 871 919 910 942; x_wconf 89' lang='lat' dir='ltr'>se</span> <span class='ocrx_word' id='word_1_117' title='bbox 930 907 1011 955; x_wconf 86' lang='lat' dir='ltr'>ipso</span> <span class='ocrx_word' id='word_1_118' title='bbox 1033 905 1156 957; x_wconf 83' lang='lat' dir='ltr'>deque</span> <span class='ocrx_word' id='word_1_119' title='bbox 1177 920 1290 957; x_wconf 84' lang='lat' dir='ltr'>opere</span> <span class='ocrx_word' id='word_1_120' title='bbox 1318 920 1387 943; x_wconf 90' lang='lat' dir='ltr'>suo</span> <span class='ocrx_word' id='word_1_121' title='bbox 1416 921 1549 959; x_wconf 79' lang='lat' dir='ltr'>exspe-</span> 
     </span>
     <span class='ocr_line' id='line_1_13' title="bbox 67 961 1547 1016; baseline 0.003 -18"><span class='ocrx_word' id='word_1_122' title='bbox 67 961 250 998; x_wconf 88' lang='lat' dir='ltr'>ctandum</span> <span class='ocrx_word' id='word_1_123' title='bbox 271 968 384 1008; x_wconf 90' lang='lat' dir='ltr'>esset,</span> <span class='ocrx_word' id='word_1_124' title='bbox 414 969 561 1012; x_wconf 84' lang='lat' dir='ltr'>partem</span> <span class='ocrx_word' id='word_1_125' title='bbox 584 961 667 998; x_wconf 88' lang='lat' dir='ltr'>dico</span> <span class='ocrx_word' id='word_1_126' title='bbox 687 963 748 999; x_wconf 82' lang='lat' dir='ltr'>vel</span> <span class='ocrx_word' id='word_1_127' title='bbox 774 976 902 998; x_wconf 86' lang='lat' dir='ltr'>rerum</span> <span class='ocrx_word' id='word_1_128' title='bbox 922 963 1170 998; x_wconf 85' lang='lat' dir='ltr'>Asiaticarum</span> <span class='ocrx_word' id='word_1_129' title='bbox 1186 993 1195 1009; x_wconf 90' lang='lat'>,</span> <span class='ocrx_word' id='word_1_130' title='bbox 1227 970 1269 1001; x_wconf 83' lang='lat' dir='ltr'>ut</span> <span class='ocrx_word' id='word_1_131' title='bbox 1297 965 1437 1015; x_wconf 87' lang='lat' dir='ltr'>Heysio</span> <span class='ocrx_word' id='word_1_132' title='bbox 1461 967 1547 1016; x_wconf 89' lang='lat' dir='ltr'>pla-</span> 
     </span>
     <span class='ocr_line' id='line_1_14' title="bbox 67 1017 1548 1071; baseline 0.002 -17"><span class='ocrx_word' id='word_1_133' title='bbox 67 1026 127 1055; x_wconf 86' lang='lat' dir='ltr'>cet</span> <span class='ocrx_word' id='word_1_134' title='bbox 145 1019 172 1056; x_wconf 87' lang='lat' dir='ltr'>l.</span> <span class='ocrx_word' id='word_1_135' title='bbox 193 1019 219 1055; x_wconf 89' lang='lat' dir='ltr'>l.</span> <span class='ocrx_word' id='word_1_136' title='bbox 240 1032 278 1069; x_wconf 88' lang='lat' dir='ltr'>p.</span> <span class='ocrx_word' id='word_1_137' title='bbox 299 1018 364 1066; x_wconf 79' lang='lat'>41,</span> <span class='ocrx_word' id='word_1_138' title='bbox 383 1020 444 1054; x_wconf 88' lang='lat' dir='ltr'>cui</span> <span class='ocrx_word' id='word_1_139' title='bbox 466 1017 568 1054; x_wconf 87' lang='lat' dir='ltr'>haud</span> <span class='ocrx_word' id='word_1_140' title='bbox 593 1021 669 1055; x_wconf 90' lang='lat' dir='ltr'>scio</span> <span class='ocrx_word' id='word_1_141' title='bbox 692 1032 740 1054; x_wconf 85' lang='lat' dir='ltr'>an</span> <span class='ocrx_word' id='word_1_142' title='bbox 765 1027 865 1055; x_wconf 83' lang='lat' dir='ltr'>recte</span> <span class='ocrx_word' id='word_1_143' title='bbox 889 1020 928 1054; x_wconf 90' lang='lat' dir='ltr'>in</span> <span class='ocrx_word' id='word_1_144' title='bbox 946 1032 989 1055; x_wconf 89' lang='lat' dir='ltr'>eo</span> <span class='ocrx_word' id='word_1_145' title='bbox 1011 1019 1238 1071; x_wconf 77' lang='lat' dir='ltr'>obloquatur</span> <span class='ocrx_word' id='word_1_146' title='bbox 1261 1022 1438 1070; x_wconf 76' lang='lat' dir='ltr'>laegerus</span> <span class='ocrx_word' id='word_1_147' title='bbox 1464 1023 1490 1061; x_wconf 86' lang='lat' dir='ltr'>l.</span> <span class='ocrx_word' id='word_1_148' title='bbox 1520 1023 1548 1060; x_wconf 89' lang='lat' dir='ltr'>l.</span> 
     </span>
     <span class='ocr_line' id='line_1_15' title="bbox 64 1074 1546 1127; baseline 0.005 -16"><span class='ocrx_word' id='word_1_149' title='bbox 64 1087 102 1125; x_wconf 87' lang='lat' dir='ltr'>p.</span> <span class='ocrx_word' id='word_1_150' title='bbox 119 1077 157 1121; x_wconf 83' lang='lat'>9,</span> <span class='ocrx_word' id='word_1_151' title='bbox 185 1075 247 1113; x_wconf 84' lang='lat' dir='ltr'>vel</span> <span class='ocrx_word' id='word_1_152' title='bbox 266 1088 394 1111; x_wconf 88' lang='lat' dir='ltr'>rerum</span> <span class='ocrx_word' id='word_1_153' title='bbox 409 1077 652 1114; x_wconf 84' lang='lat' dir='ltr'>Graecarum.</span> <span class='ocrx_word' id='word_1_154' title='bbox 708 1077 818 1123; x_wconf 88' lang='lat' dir='ltr'>Nam,</span> <span class='ocrx_word' id='word_1_155' title='bbox 840 1074 942 1127; x_wconf 87' lang='lat' dir='ltr'>quod</span> <span class='ocrx_word' id='word_1_156' title='bbox 964 1082 1063 1112; x_wconf 82' lang='lat' dir='ltr'>recte</span> <span class='ocrx_word' id='word_1_157' title='bbox 1083 1076 1277 1113; x_wconf 82' lang='lat' dir='ltr'>contendit</span> <span class='ocrx_word' id='word_1_158' title='bbox 1294 1079 1453 1127; x_wconf 77' lang='lat' dir='ltr'>Kr&#39;tiger.</span> <span class='ocrx_word' id='word_1_159' title='bbox 1475 1080 1501 1117; x_wconf 90' lang='lat' dir='ltr'>l.</span> <span class='ocrx_word' id='word_1_160' title='bbox 1518 1080 1546 1118; x_wconf 89' lang='lat' dir='ltr'>l.</span> 
     </span>
     <span class='ocr_line' id='line_1_16' title="bbox 63 1132 1546 1184; baseline 0.001 -16"><span class='ocrx_word' id='word_1_161' title='bbox 63 1145 101 1181; x_wconf 89' lang='lat' dir='ltr'>p.</span> <span class='ocrx_word' id='word_1_162' title='bbox 123 1134 188 1175; x_wconf 78' lang='grc'>31,</span> <span class='ocrx_word' id='word_1_163' title='bbox 216 1132 327 1168; x_wconf 77' lang='lat' dir='ltr'>valde</span> <span class='ocrx_word' id='word_1_164' title='bbox 354 1132 395 1168; x_wconf 88' lang='lat' dir='ltr'>fit</span> <span class='ocrx_word' id='word_1_165' title='bbox 421 1133 635 1182; x_wconf 77' lang='lat' dir='ltr'>probabile,</span> <span class='ocrx_word' id='word_1_166' title='bbox 666 1132 902 1169; x_wconf 88' lang='lat' dir='ltr'>Herodotum</span> <span class='ocrx_word' id='word_1_167' title='bbox 930 1133 1007 1169; x_wconf 89' lang='lat' dir='ltr'>iam</span> <span class='ocrx_word' id='word_1_168' title='bbox 1033 1133 1184 1184; x_wconf 86' lang='lat' dir='ltr'>Olymp.</span> <span class='ocrx_word' id='word_1_169' title='bbox 1213 1135 1428 1181; x_wconf 84' lang='lat' dir='ltr'>LXXXIII,</span> <span class='ocrx_word' id='word_1_170' title='bbox 1451 1138 1474 1176; x_wconf 82' lang='lat'><strong>3</strong></span> <span class='ocrx_word' id='word_1_171' title='bbox 1509 1143 1546 1173; x_wconf 86' lang='lat' dir='ltr'>et</span> 
     </span>
     <span class='ocr_line' id='line_1_17' title="bbox 63 1188 1545 1241; baseline 0.003 -17"><span class='ocrx_word' id='word_1_172' title='bbox 63 1189 276 1237; x_wconf 83' lang='lat' dir='ltr'>LXXXIV,</span> <span class='ocrx_word' id='word_1_173' title='bbox 306 1192 322 1228; x_wconf 89' lang='lat'>1</span> <span class='ocrx_word' id='word_1_174' title='bbox 350 1195 499 1224; x_wconf 86' lang='lat' dir='ltr'>tantum</span> <span class='ocrx_word' id='word_1_175' title='bbox 521 1188 693 1226; x_wconf 85' lang='lat' dir='ltr'>habuisse</span> <span class='ocrx_word' id='word_1_176' title='bbox 724 1190 981 1236; x_wconf 84' lang='lat' dir='ltr'>elaboratum,</span> <span class='ocrx_word' id='word_1_177' title='bbox 1016 1197 1202 1241; x_wconf 85' lang='lat' dir='ltr'>quantum</span> <span class='ocrx_word' id='word_1_178' title='bbox 1232 1189 1280 1227; x_wconf 85' lang='lat' dir='ltr'>ad</span> <span class='ocrx_word' id='word_1_179' title='bbox 1318 1192 1545 1241; x_wconf 86' lang='lat' dir='ltr'>praelectio-</span> 
     </span>
     <span class='ocr_line' id='line_1_18' title="bbox 62 1243 1545 1295; baseline 0.003 -15"><span class='ocrx_word' id='word_1_180' title='bbox 62 1257 152 1280; x_wconf 83' lang='lat' dir='ltr'>nem</span> <span class='ocrx_word' id='word_1_181' title='bbox 172 1243 390 1281; x_wconf 79' lang='lat' dir='ltr'>habendam</span> <span class='ocrx_word' id='word_1_182' title='bbox 409 1246 620 1292; x_wconf 66' lang='lat' dir='ltr'>sufficeret,</span> <span class='ocrx_word' id='word_1_183' title='bbox 651 1259 722 1282; x_wconf 88' lang='lat' dir='ltr'>nec</span> <span class='ocrx_word' id='word_1_184' title='bbox 744 1259 891 1295; x_wconf 82' lang='lat' dir='ltr'>prorsus</span> <span class='ocrx_word' id='word_1_185' title='bbox 921 1245 1010 1282; x_wconf 84' lang='lat' dir='ltr'>iude</span> <span class='ocrx_word' id='word_1_186' title='bbox 1039 1246 1289 1284; x_wconf 74' lang='lat' dir='ltr'>reficiendum</span> <span class='ocrx_word' id='word_1_187' title='bbox 1314 1247 1457 1284; x_wconf 87' lang='lat' dir='ltr'>Suidae</span> <span class='ocrx_word' id='word_1_188' title='bbox 1484 1255 1545 1285; x_wconf 89' lang='lat' dir='ltr'>te-</span> 
     </span>
     <span class='ocr_line' id='line_1_19' title="bbox 62 1300 1543 1354; baseline 0.002 -16"><span class='ocrx_word' id='word_1_189' title='bbox 62 1302 295 1350; x_wconf 87' lang='lat' dir='ltr'>stimonium,</span> <span class='ocrx_word' id='word_1_190' title='bbox 319 1300 423 1338; x_wconf 75' lang='lat' dir='ltr'>Sami</span> <span class='ocrx_word' id='word_1_191' title='bbox 443 1301 610 1339; x_wconf 79' lang='lat' dir='ltr'>historias</span> <span class='ocrx_word' id='word_1_192' title='bbox 630 1316 714 1338; x_wconf 86' lang='lat' dir='ltr'>suas</span> <span class='ocrx_word' id='word_1_193' title='bbox 725 1302 963 1339; x_wconf 88' lang='lat' dir='ltr'>Herodotum</span> <span class='ocrx_word' id='word_1_194' title='bbox 979 1304 1259 1354; x_wconf 85' lang='lat' dir='ltr'>conscripsisse:</span> <span class='ocrx_word' id='word_1_195' title='bbox 1288 1303 1405 1341; x_wconf 90' lang='lat' dir='ltr'>modo</span> <span class='ocrx_word' id='word_1_196' title='bbox 1418 1318 1466 1341; x_wconf 91' lang='lat' dir='ltr'>ne</span> <span class='ocrx_word' id='word_1_197' title='bbox 1481 1312 1543 1341; x_wconf 89' lang='lat' dir='ltr'>to—</span> 
     </span>
     <span class='ocr_line' id='line_1_20' title="bbox 60 1359 1543 1410; baseline 0.003 -16"><span class='ocrx_word' id='word_1_198' title='bbox 60 1364 144 1394; x_wconf 87' lang='lat' dir='ltr'>tum</span> <span class='ocrx_word' id='word_1_199' title='bbox 166 1359 277 1410; x_wconf 86' lang='lat' dir='ltr'>quale</span> <span class='ocrx_word' id='word_1_200' title='bbox 305 1371 408 1395; x_wconf 88' lang='lat' dir='ltr'>nunc</span> <span class='ocrx_word' id='word_1_201' title='bbox 435 1360 610 1395; x_wconf 85' lang='lat' dir='ltr'>manibus</span> <span class='ocrx_word' id='word_1_202' title='bbox 639 1361 793 1395; x_wconf 82' lang='lat' dir='ltr'>terimus</span> <span class='ocrx_word' id='word_1_203' title='bbox 822 1372 915 1409; x_wconf 86' lang='lat' dir='ltr'>opus</span> <span class='ocrx_word' id='word_1_204' title='bbox 939 1360 991 1395; x_wconf 85' lang='lat' dir='ltr'>ibi</span> <span class='ocrx_word' id='word_1_205' title='bbox 1012 1360 1247 1397; x_wconf 83' lang='lat' dir='ltr'>elaboratum</span> <span class='ocrx_word' id='word_1_206' title='bbox 1267 1360 1379 1397; x_wconf 87' lang='lat' dir='ltr'>fuisse</span> <span class='ocrx_word' id='word_1_207' title='bbox 1413 1362 1543 1399; x_wconf 84' lang='lat' dir='ltr'>existi-</span> 
     </span>
     <span class='ocr_line' id='line_1_21' title="bbox 59 1414 1543 1467; baseline 0.002 -16"><span class='ocrx_word' id='word_1_208' title='bbox 59 1426 164 1463; x_wconf 85' lang='lat' dir='ltr'>mes3</span> <span class='ocrx_word' id='word_1_209' title='bbox 214 1428 448 1467; x_wconf 83' lang='lat' dir='ltr'>quamquam</span> <span class='ocrx_word' id='word_1_210' title='bbox 465 1416 614 1465; x_wconf 79' lang='lat' dir='ltr'>longius</span> <span class='ocrx_word' id='word_1_211' title='bbox 633 1417 812 1452; x_wconf 87' lang='lat' dir='ltr'>Nostrum</span> <span class='ocrx_word' id='word_1_212' title='bbox 836 1414 907 1452; x_wconf 84' lang='lat' dir='ltr'>hac</span> <span class='ocrx_word' id='word_1_213' title='bbox 928 1417 968 1451; x_wconf 89' lang='lat' dir='ltr'>in</span> <span class='ocrx_word' id='word_1_214' title='bbox 987 1417 1108 1452; x_wconf 83' lang='lat' dir='ltr'>insula</span> <span class='ocrx_word' id='word_1_215' title='bbox 1130 1424 1409 1453; x_wconf 89' lang='lat' dir='ltr'>commoratum</span> <span class='ocrx_word' id='word_1_216' title='bbox 1428 1418 1543 1455; x_wconf 85' lang='lat' dir='ltr'>fuisse</span> 
     </span>
     <span class='ocr_line' id='line_1_22' title="bbox 60 1470 1540 1523; baseline 0.003 -16"><span class='ocrx_word' id='word_1_217' title='bbox 60 1470 170 1508; x_wconf 84' lang='lat' dir='ltr'>valde</span> <span class='ocrx_word' id='word_1_218' title='bbox 196 1471 238 1508; x_wconf 89' lang='lat' dir='ltr'>fit</span> <span class='ocrx_word' id='word_1_219' title='bbox 265 1473 473 1523; x_wconf 88' lang='lat' dir='ltr'>probabile.</span> <span class='ocrx_word' id='word_1_220' title='bbox 531 1471 616 1509; x_wconf 83' lang='lat' dir='ltr'>Vid.</span> <span class='ocrx_word' id='word_1_221' title='bbox 635 1479 732 1509; x_wconf 82' lang='lat' dir='ltr'>nott.</span> <span class='ocrx_word' id='word_1_222' title='bbox 757 1471 804 1508; x_wconf 88' lang='lat' dir='ltr'>ad</span> <span class='ocrx_word' id='word_1_223' title='bbox 825 1474 891 1520; x_wconf 91' lang='lat' dir='ltr'>III,</span> <span class='ocrx_word' id='word_1_224' title='bbox 918 1474 984 1512; x_wconf 81' lang='grc'>60.</span> <span class='ocrx_word' id='word_1_225' title='bbox 1042 1474 1141 1509; x_wconf 87' lang='lat' dir='ltr'>Hinc</span> <span class='ocrx_word' id='word_1_226' title='bbox 1171 1474 1307 1523; x_wconf 80' lang='lat' dir='ltr'>igitur,</span> <span class='ocrx_word' id='word_1_227' title='bbox 1344 1475 1540 1512; x_wconf 87' lang='lat' dir='ltr'>itineribus</span> 
     </span>
     <span class='ocr_line' id='line_1_23' title="bbox 0 1522 1540 1579; baseline 0.003 -16"><span class='ocrx_word' id='word_1_228' title='bbox 0 1522 1 1548; x_wconf 73' lang='lat'>1</span> <span class='ocrx_word' id='word_1_229' title='bbox 59 1541 127 1578; x_wconf 91' lang='lat' dir='ltr'>per</span> <span class='ocrx_word' id='word_1_230' title='bbox 146 1529 295 1576; x_wconf 87' lang='lat' dir='ltr'>Asiam,</span> <span class='ocrx_word' id='word_1_231' title='bbox 327 1529 518 1576; x_wconf 81' lang='lat' dir='ltr'>Africam,</span> <span class='ocrx_word' id='word_1_232' title='bbox 548 1530 637 1565; x_wconf 88' lang='lat' dir='ltr'>alias</span> <span class='ocrx_word' id='word_1_233' title='bbox 667 1530 766 1566; x_wconf 87' lang='lat' dir='ltr'>orbis</span> <span class='ocrx_word' id='word_1_234' title='bbox 785 1536 972 1566; x_wconf 86' lang='lat' dir='ltr'>terrarum</span> <span class='ocrx_word' id='word_1_235' title='bbox 992 1537 1115 1579; x_wconf 87' lang='lat' dir='ltr'>partes</span> <span class='ocrx_word' id='word_1_236' title='bbox 1135 1530 1253 1577; x_wconf 74' lang='lat' dir='ltr'>factis,</span> <span class='ocrx_word' id='word_1_237' title='bbox 1283 1531 1322 1566; x_wconf 92' lang='lat' dir='ltr'>in</span> <span class='ocrx_word' id='word_1_238' title='bbox 1339 1531 1540 1567; x_wconf 81' lang='lat' dir='ltr'>Graeciam</span> 
     </span>
     <span class='ocr_line' id='line_1_24' title="bbox 57 1584 1541 1638; baseline 0.003 -18"><span class='ocrx_word' id='word_1_239' title='bbox 57 1584 270 1634; x_wconf 85' lang='lat' dir='ltr'>profectus,</span> <span class='ocrx_word' id='word_1_240' title='bbox 299 1587 455 1622; x_wconf 68' lang='lat' dir='ltr'>recitare</span> <span class='ocrx_word' id='word_1_241' title='bbox 476 1585 689 1622; x_wconf 86' lang='lat' dir='ltr'>Herodotus</span> <span class='ocrx_word' id='word_1_242' title='bbox 710 1587 832 1637; x_wconf 88' lang='lat' dir='ltr'>potuit</span> <span class='ocrx_word' id='word_1_243' title='bbox 858 1586 1078 1636; x_wconf 85' lang='lat' dir='ltr'>Olympiae:</span> <span class='ocrx_word' id='word_1_244' title='bbox 1110 1600 1186 1638; x_wconf 84' lang='lat' dir='ltr'>quo</span> <span class='ocrx_word' id='word_1_245' title='bbox 1216 1588 1300 1624; x_wconf 92' lang='lat' dir='ltr'>loco</span> <span class='ocrx_word' id='word_1_246' title='bbox 1328 1587 1541 1624; x_wconf 83' lang='lat' dir='ltr'>istiusmodi</span> 
     </span>
     <span class='ocr_line' id='line_1_25' title="bbox 57 1640 1540 1695; baseline 0.003 -18"><span class='ocrx_word' id='word_1_247' title='bbox 57 1642 293 1678; x_wconf 86' lang='lat' dir='ltr'>recitationes</span> <span class='ocrx_word' id='word_1_248' title='bbox 313 1640 580 1679; x_wconf 85' lang='lat' dir='ltr'>fuissehabitas</span> <span class='ocrx_word' id='word_1_249' title='bbox 601 1643 663 1680; x_wconf 85' lang='lat' dir='ltr'>vel</span> <span class='ocrx_word' id='word_1_250' title='bbox 683 1656 738 1689; x_wconf 85' lang='lat' dir='ltr'>ea,</span> <span class='ocrx_word' id='word_1_251' title='bbox 752 1655 849 1695; x_wconf 85' lang='lat' dir='ltr'>quae</span> <span class='ocrx_word' id='word_1_252' title='bbox 869 1641 1024 1679; x_wconf 85' lang='lat' dir='ltr'>Dahhn.</span> <span class='ocrx_word' id='word_1_253' title='bbox 1039 1644 1065 1679; x_wconf 88' lang='lat' dir='ltr'>l.</span> <span class='ocrx_word' id='word_1_254' title='bbox 1085 1644 1109 1682; x_wconf 91' lang='lat' dir='ltr'>l.</span> <span class='ocrx_word' id='word_1_255' title='bbox 1133 1657 1172 1694; x_wconf 85' lang='lat' dir='ltr'>p.</span> <span class='ocrx_word' id='word_1_256' title='bbox 1197 1646 1247 1683; x_wconf 84' lang='lat'>19</span> <span class='ocrx_word' id='word_1_257' title='bbox 1269 1645 1413 1692; x_wconf 88' lang='lat' dir='ltr'>attulit,</span> <span class='ocrx_word' id='word_1_258' title='bbox 1454 1646 1540 1682; x_wconf 86' lang='lat' dir='ltr'>satis</span> 
     </span>
     <span class='ocr_line' id='line_1_26' title="bbox 56 1698 1539 1751; baseline 0.003 -18"><span class='ocrx_word' id='word_1_259' title='bbox 56 1698 236 1748; x_wconf 83' lang='lat' dir='ltr'>probant3</span> <span class='ocrx_word' id='word_1_260' title='bbox 272 1698 464 1736; x_wconf 84' lang='lat' dir='ltr'>affirmant</span> <span class='ocrx_word' id='word_1_261' title='bbox 482 1701 739 1744; x_wconf 86' lang='lat' dir='ltr'>recitationes,</span> <span class='ocrx_word' id='word_1_262' title='bbox 767 1713 860 1751; x_wconf 88' lang='lat' dir='ltr'>quas</span> <span class='ocrx_word' id='word_1_263' title='bbox 879 1698 1117 1735; x_wconf 89' lang='lat' dir='ltr'>Herodotum</span> <span class='ocrx_word' id='word_1_264' title='bbox 1145 1699 1329 1746; x_wconf 83' lang='lat' dir='ltr'>Athenis,</span> <span class='ocrx_word' id='word_1_265' title='bbox 1367 1700 1539 1738; x_wconf 86' lang='lat' dir='ltr'>Corinthi</span> 
     </span>
     <span class='ocr_line' id='line_1_27' title="bbox 57 1754 1537 1808; baseline 0.003 -18"><span class='ocrx_word' id='word_1_266' title='bbox 57 1761 93 1790; x_wconf 87' lang='lat' dir='ltr'>et</span> <span class='ocrx_word' id='word_1_267' title='bbox 112 1754 266 1791; x_wconf 79' lang='lat' dir='ltr'>fortasse</span> <span class='ocrx_word' id='word_1_268' title='bbox 293 1757 406 1791; x_wconf 87' lang='lat' dir='ltr'>etiam</span> <span class='ocrx_word' id='word_1_269' title='bbox 430 1754 575 1793; x_wconf 86' lang='lat' dir='ltr'>Thebis</span> <span class='ocrx_word' id='word_1_270' title='bbox 603 1755 777 1793; x_wconf 82' lang='lat' dir='ltr'>habuisse</span> <span class='ocrx_word' id='word_1_271' title='bbox 803 1756 970 1793; x_wconf 87' lang='lat' dir='ltr'>tradunt.</span> <span class='ocrx_word' id='word_1_272' title='bbox 999 1754 1077 1808; x_wconf 77' lang='lat'>-1·†)</span> <span class='ocrx_word' id='word_1_273' title='bbox 1137 1756 1216 1793; x_wconf 80' lang='lat' dir='ltr'>Sed</span> <span class='ocrx_word' id='word_1_274' title='bbox 1248 1756 1287 1793; x_wconf 89' lang='lat' dir='ltr'>id</span> <span class='ocrx_word' id='word_1_275' title='bbox 1312 1755 1384 1794; x_wconf 89' lang='lat' dir='ltr'>hac</span> <span class='ocrx_word' id='word_1_276' title='bbox 1399 1759 1438 1794; x_wconf 92' lang='lat' dir='ltr'>in</span> <span class='ocrx_word' id='word_1_277' title='bbox 1458 1765 1537 1795; x_wconf 86' lang='lat' dir='ltr'>tota</span> 
     </span>
     <span class='ocr_line' id='line_1_28' title="bbox 56 1812 1538 1866; baseline 0.004 -20"><span class='ocrx_word' id='word_1_278' title='bbox 56 1812 275 1862; x_wconf 82' lang='lat' dir='ltr'>quaestione</span> <span class='ocrx_word' id='word_1_279' title='bbox 305 1813 543 1861; x_wconf 87' lang='lat' dir='ltr'>potissimum</span> <span class='ocrx_word' id='word_1_280' title='bbox 577 1815 698 1849; x_wconf 87' lang='lat' dir='ltr'>teneri</span> <span class='ocrx_word' id='word_1_281' title='bbox 726 1814 863 1860; x_wconf 68' lang='lat' dir='ltr'>velim,</span> <span class='ocrx_word' id='word_1_282' title='bbox 906 1826 984 1850; x_wconf 88' lang='lat' dir='ltr'>non</span> <span class='ocrx_word' id='word_1_283' title='bbox 1004 1820 1150 1860; x_wconf 89' lang='lat' dir='ltr'>totum,</span> <span class='ocrx_word' id='word_1_284' title='bbox 1189 1815 1300 1866; x_wconf 86' lang='lat' dir='ltr'>quale</span> <span class='ocrx_word' id='word_1_285' title='bbox 1332 1827 1436 1852; x_wconf 86' lang='lat' dir='ltr'>nunc</span> <span class='ocrx_word' id='word_1_286' title='bbox 1465 1828 1538 1852; x_wconf 82' lang='lat' dir='ltr'>ex-</span> 
     </span>
     <span class='ocr_line' id='line_1_29' title="bbox 55 1868 1536 1922; baseline 0.003 -19"><span class='ocrx_word' id='word_1_287' title='bbox 55 1873 145 1914; x_wconf 89' lang='lat' dir='ltr'>stat,</span> <span class='ocrx_word' id='word_1_288' title='bbox 178 1880 272 1918; x_wconf 88' lang='lat' dir='ltr'>opus</span> <span class='ocrx_word' id='word_1_289' title='bbox 293 1869 338 1904; x_wconf 84' lang='lat' dir='ltr'>ab</span> <span class='ocrx_word' id='word_1_290' title='bbox 362 1868 555 1906; x_wconf 88' lang='lat' dir='ltr'>Herodoto</span> <span class='ocrx_word' id='word_1_291' title='bbox 577 1871 811 1920; x_wconf 88' lang='lat' dir='ltr'>praelectum</span> <span class='ocrx_word' id='word_1_292' title='bbox 829 1870 962 1918; x_wconf 84' lang='lat' dir='ltr'>fuisse,</span> <span class='ocrx_word' id='word_1_293' title='bbox 999 1869 1066 1906; x_wconf 90' lang='lat' dir='ltr'>sed</span> <span class='ocrx_word' id='word_1_294' title='bbox 1086 1877 1208 1920; x_wconf 79' lang='lat' dir='ltr'>partes</span> <span class='ocrx_word' id='word_1_295' title='bbox 1233 1878 1383 1907; x_wconf 86' lang='lat' dir='ltr'>tautum</span> <span class='ocrx_word' id='word_1_296' title='bbox 1413 1873 1536 1922; x_wconf 84' lang='lat' dir='ltr'>operis</span> 
     </span>
     <span class='ocr_line' id='line_1_30' title="bbox 55 1920 1535 1979; baseline 0.004 -20"><span class='ocrx_word' id='word_1_297' title='bbox 55 1923 239 1976; x_wconf 89' lang='lat' dir='ltr'>quasdam</span> <span class='ocrx_word' id='word_1_298' title='bbox 259 1931 347 1962; x_wconf 88' lang='lat' dir='ltr'>ante</span> <span class='ocrx_word' id='word_1_299' title='bbox 368 1926 573 1963; x_wconf 85' lang='lat' dir='ltr'>elaboratas</span> <span class='ocrx_word' id='word_1_300' title='bbox 589 1940 600 1976; x_wconf 80' lang='lat'>3</span> <span class='ocrx_word' id='word_1_301' title='bbox 615 1920 672 1964; x_wconf 40' lang='lat' dir='ltr'>‘ut</span> <span class='ocrx_word' id='word_1_302' title='bbox 704 1926 801 1964; x_wconf 85' lang='lat' dir='ltr'>adeo</span> <span class='ocrx_word' id='word_1_303' title='bbox 821 1934 944 1964; x_wconf 85' lang='lat' dir='ltr'>totum</span> <span class='ocrx_word' id='word_1_304' title='bbox 967 1938 1061 1977; x_wconf 87' lang='lat' dir='ltr'>opus</span> <span class='ocrx_word' id='word_1_305' title='bbox 1082 1928 1283 1964; x_wconf 86' lang='lat' dir='ltr'>recitatum</span> <span class='ocrx_word' id='word_1_306' title='bbox 1308 1929 1339 1965; x_wconf 89' lang='lat' dir='ltr'>si</span> <span class='ocrx_word' id='word_1_307' title='bbox 1359 1941 1535 1979; x_wconf 79' lang='lat' dir='ltr'>pronun-</span> 
     </span>
    </p>
   </div>
   <div class='ocr_carea' id='block_1_3' title="bbox 142 2126 1509 2183">
    <p class='ocr_par' dir='ltr' id='par_1_3' title="bbox 142 2126 1509 2183">
     <span class='ocr_line' id='line_1_31' title="bbox 142 2126 1509 2183; baseline 0.001 -13"><span class='ocrx_word' id='word_1_308' title='bbox 142 2137 179 2182; x_wconf 57' lang='lat'>²1)</span> <span class='ocrx_word' id='word_1_309' title='bbox 205 2137 280 2172; x_wconf 73' lang='lat' dir='ltr'>vid.</span> <span class='ocrx_word' id='word_1_310' title='bbox 305 2137 402 2172; x_wconf 78' lang='lat' dir='ltr'>verbi</span> <span class='ocrx_word' id='word_1_311' title='bbox 426 2149 528 2172; x_wconf 75' lang='lat' dir='ltr'>causa</span> <span class='ocrx_word' id='word_1_312' title='bbox 550 2139 593 2181; x_wconf 76' lang='lat' dir='ltr'>V,</span> <span class='ocrx_word' id='word_1_313' title='bbox 617 2140 661 2173; x_wconf 72' lang='lat'>27</span> <span class='ocrx_word' id='word_1_314' title='bbox 684 2138 798 2183; x_wconf 71' lang='lat' dir='ltr'>ibique</span> <span class='ocrx_word' id='word_1_315' title='bbox 822 2140 906 2171; x_wconf 75' lang='lat' dir='ltr'>nott.</span> <span class='ocrx_word' id='word_1_316' title='bbox 931 2139 1006 2173; x_wconf 61' lang='grc' dir='ltr'>σου.</span> <span class='ocrx_word' id='word_1_317' title='bbox 1029 2126 1110 2181; x_wconf 76' lang='lat' dir='ltr'>vn,</span> <span class='ocrx_word' id='word_1_318' title='bbox 1138 2140 1213 2175; x_wconf 86' lang='lat'>139.</span> <span class='ocrx_word' id='word_1_319' title='bbox 1239 2139 1282 2174; x_wconf 88' lang='lat' dir='ltr'>T.</span> <span class='ocrx_word' id='word_1_320' title='bbox 1305 2138 1358 2172; x_wconf 74' lang='grc' dir='ltr'>ΠΙ</span> <span class='ocrx_word' id='word_1_321' title='bbox 1382 2149 1415 2183; x_wconf 88' lang='lat' dir='ltr'>p.</span> <span class='ocrx_word' id='word_1_322' title='bbox 1431 2139 1509 2172; x_wconf 72' lang='lat'>826.</span> 
     </span>
    </p>
   </div>
   <div class='ocr_carea' id='block_1_4' title="bbox 48 2205 1532 2666">
    <p class='ocr_par' dir='ltr' id='par_1_4' title="bbox 48 2205 1532 2666">
     <span class='ocr_line' id='line_1_32' title="bbox 145 2205 1531 2251; baseline 0 -12"><span class='ocrx_word' id='word_1_323' title='bbox 145 2205 201 2249; x_wconf 74' lang='lat'><em>&#39;¹‘*)</em></span> <span class='ocrx_word' id='word_1_324' title='bbox 225 2206 263 2239; x_wconf 93' lang='lat' dir='ltr'>In</span> <span class='ocrx_word' id='word_1_325' title='bbox 289 2206 374 2240; x_wconf 84' lang='lat' dir='ltr'>Bibl.</span> <span class='ocrx_word' id='word_1_326' title='bbox 402 2207 608 2240; x_wconf 80' lang='lat' dir='ltr'>Coisliniana</span> <span class='ocrx_word' id='word_1_327' title='bbox 631 2206 915 2240; x_wconf 75' lang='lat' dir='ltr'>cod.CLXXVH</span> <span class='ocrx_word' id='word_1_328' title='bbox 939 2208 1032 2249; x_wconf 66' lang='lat' dir='ltr'>leges</span> <span class='ocrx_word' id='word_1_329' title='bbox 1054 2208 1088 2241; x_wconf 88' lang='lat' dir='ltr'>in</span> <span class='ocrx_word' id='word_1_330' title='bbox 1101 2210 1311 2241; x_wconf 82' lang='lat' dir='ltr'>Graecorum</span> <span class='ocrx_word' id='word_1_331' title='bbox 1332 2207 1439 2241; x_wconf 85' lang='lat' dir='ltr'>fuisse</span> <span class='ocrx_word' id='word_1_332' title='bbox 1450 2219 1531 2251; x_wconf 82' lang='lat' dir='ltr'>pro-</span> 
     </span>
     <span class='ocr_line' id='line_1_33' title="bbox 52 2249 1530 2297; baseline 0.002 -14"><span class='ocrx_word' id='word_1_333' title='bbox 52 2250 190 2284; x_wconf 80' lang='lat' dir='ltr'>verbio:</span> <span class='ocrx_word' id='word_1_334' title='bbox 237 2252 288 2291; x_wconf 70' lang='grc' dir='ltr'>εἰς</span> <span class='ocrx_word' id='word_1_335' title='bbox 308 2249 375 2295; x_wconf 75' lang='grc' dir='ltr'>τήν</span> <span class='ocrx_word' id='word_1_336' title='bbox 396 2249 600 2297; x_wconf 80' lang='grc' dir='ltr'><em>Ἡροδότου</em></span> <span class='ocrx_word' id='word_1_337' title='bbox 616 2253 739 2296; x_wconf 78' lang='grc' dir='ltr'><strong><em>σκίαν,</em></strong></span> <span class='ocrx_word' id='word_1_338' title='bbox 768 2249 828 2286; x_wconf 69' lang='grc' dir='ltr'>ἐπὶ</span> <span class='ocrx_word' id='word_1_339' title='bbox 849 2253 926 2287; x_wconf 80' lang='grc' dir='ltr'>τῶν</span> <span class='ocrx_word' id='word_1_340' title='bbox 939 2252 989 2297; x_wconf 81' lang='grc' dir='ltr'>μή</span> <span class='ocrx_word' id='word_1_341' title='bbox 1017 2252 1367 2297; x_wconf 75' lang='grc' dir='ltr'><em>τελεσιουργούντων</em></span> <span class='ocrx_word' id='word_1_342' title='bbox 1390 2249 1414 2286; x_wconf 81' lang='grc' dir='ltr'>ὁὶ</span> <span class='ocrx_word' id='word_1_343' title='bbox 1439 2265 1530 2296; x_wconf 78' lang='grc' dir='ltr'><em>προ-</em></span> 
     </span>
     <span class='ocr_line' id='line_1_34' title="bbox 53 2297 1531 2344; baseline 0.003 -16"><span class='ocrx_word' id='word_1_344' title='bbox 53 2297 212 2336; x_wconf 73' lang='grc' dir='ltr'><strong><em>είλοντος</em></strong></span> <span class='ocrx_word' id='word_1_345' title='bbox 243 2309 315 2331; x_wconf 87' lang='lat' dir='ltr'>nam</span> <span class='ocrx_word' id='word_1_346' title='bbox 327 2299 520 2332; x_wconf 78' lang='lat' dir='ltr'>Herodotus</span> <span class='ocrx_word' id='word_1_347' title='bbox 543 2300 658 2343; x_wconf 83' lang='lat' dir='ltr'>legere</span> <span class='ocrx_word' id='word_1_348' title='bbox 680 2299 783 2332; x_wconf 88' lang='lat' dir='ltr'>libros</span> <span class='ocrx_word' id='word_1_349' title='bbox 805 2310 882 2331; x_wconf 86' lang='lat' dir='ltr'>suos</span> <span class='ocrx_word' id='word_1_350' title='bbox 906 2302 1021 2333; x_wconf 76' lang='lat' dir='ltr'>volens</span> <span class='ocrx_word' id='word_1_351' title='bbox 1044 2300 1078 2333; x_wconf 92' lang='lat' dir='ltr'>in</span> <span class='ocrx_word' id='word_1_352' title='bbox 1093 2301 1278 2344; x_wconf 79' lang='lat' dir='ltr'>Olyinpicis</span> <span class='ocrx_word' id='word_1_353' title='bbox 1302 2301 1372 2334; x_wconf 84' lang='lat' dir='ltr'>sole</span> <span class='ocrx_word' id='word_1_354' title='bbox 1396 2299 1531 2332; x_wconf 88' lang='lat' dir='ltr'>nimium</span> 
     </span>
     <span class='ocr_line' id='line_1_35' title="bbox 51 2341 1531 2389; baseline 0.003 -16"><span class='ocrx_word' id='word_1_355' title='bbox 51 2341 247 2384; x_wconf 80' lang='lat' dir='ltr'>splendente</span> <span class='ocrx_word' id='word_1_356' title='bbox 279 2345 486 2388; x_wconf 84' lang='lat' dir='ltr'>propositum</span> <span class='ocrx_word' id='word_1_357' title='bbox 523 2356 564 2378; x_wconf 82' lang='lat' dir='ltr'>ex</span> <span class='ocrx_word' id='word_1_358' title='bbox 597 2345 739 2389; x_wconf 76' lang='lat' dir='ltr'>penuria</span> <span class='ocrx_word' id='word_1_359' title='bbox 760 2346 898 2378; x_wconf 85' lang='lat' dir='ltr'>umbrae</span> <span class='ocrx_word' id='word_1_360' title='bbox 929 2357 994 2379; x_wconf 89' lang='lat' dir='ltr'>non</span> <span class='ocrx_word' id='word_1_361' title='bbox 1019 2354 1198 2380; x_wconf 85' lang='lat' dir='ltr'>exsecutus</span> <span class='ocrx_word' id='word_1_362' title='bbox 1221 2346 1352 2379; x_wconf 83' lang='lat' dir='ltr'>dicitur.</span> <span class='ocrx_word' id='word_1_363' title='bbox 1401 2346 1531 2379; x_wconf 83' lang='lat' dir='ltr'>Nostra</span> 
     </span>
     <span class='ocr_line' id='line_1_36' title="bbox 51 2387 1529 2436; baseline 0.003 -17"><span class='ocrx_word' id='word_1_364' title='bbox 51 2387 104 2420; x_wconf 87' lang='lat' dir='ltr'>hic</span> <span class='ocrx_word' id='word_1_365' title='bbox 127 2399 192 2420; x_wconf 87' lang='lat' dir='ltr'>non</span> <span class='ocrx_word' id='word_1_366' title='bbox 215 2387 355 2422; x_wconf 80' lang='lat' dir='ltr'>interest</span> <span class='ocrx_word' id='word_1_367' title='bbox 378 2402 419 2423; x_wconf 88' lang='lat' dir='ltr'>an</span> <span class='ocrx_word' id='word_1_368' title='bbox 452 2402 572 2424; x_wconf 83' lang='lat' dir='ltr'>revera</span> <span class='ocrx_word' id='word_1_369' title='bbox 596 2397 710 2435; x_wconf 85' lang='lat' dir='ltr'>partes</span> <span class='ocrx_word' id='word_1_370' title='bbox 741 2391 867 2435; x_wconf 88' lang='lat' dir='ltr'>publici</span> <span class='ocrx_word' id='word_1_371' title='bbox 887 2390 1023 2425; x_wconf 84' lang='lat' dir='ltr'>lectoris</span> <span class='ocrx_word' id='word_1_372' title='bbox 1046 2393 1233 2436; x_wconf 75' lang='lat' dir='ltr'>susceperit</span> <span class='ocrx_word' id='word_1_373' title='bbox 1265 2403 1327 2425; x_wconf 86' lang='lat' dir='ltr'>nec</span> <span class='ocrx_word' id='word_1_374' title='bbox 1350 2403 1412 2433; x_wconf 85' lang='lat' dir='ltr'>ne,</span> <span class='ocrx_word' id='word_1_375' title='bbox 1445 2391 1529 2424; x_wconf 78' lang='lat' dir='ltr'>satis</span> 
     </span>
     <span class='ocr_line' id='line_1_37' title="bbox 52 2435 1528 2481; baseline 0.003 -17"><span class='ocrx_word' id='word_1_376' title='bbox 52 2438 114 2473; x_wconf 73' lang='lat' dir='ltr'>est,</span> <span class='ocrx_word' id='word_1_377' title='bbox 139 2445 158 2465; x_wconf 89' lang='lat' dir='ltr'>e</span> <span class='ocrx_word' id='word_1_378' title='bbox 186 2435 361 2476; x_wconf 87' lang='lat' dir='ltr'>proverbio</span> <span class='ocrx_word' id='word_1_379' title='bbox 387 2441 502 2480; x_wconf 75' lang='lat' dir='ltr'>patere</span> <span class='ocrx_word' id='word_1_380' title='bbox 528 2442 587 2470; x_wconf 83' lang='lat' dir='ltr'>aut</span> <span class='ocrx_word' id='word_1_381' title='bbox 610 2440 714 2470; x_wconf 76' lang='lat' dir='ltr'>totam</span> <span class='ocrx_word' id='word_1_382' title='bbox 741 2443 799 2469; x_wconf 76' lang='lat' dir='ltr'>aut</span> <span class='ocrx_word' id='word_1_383' title='bbox 823 2437 980 2470; x_wconf 82' lang='lat' dir='ltr'>maiorem</span> <span class='ocrx_word' id='word_1_384' title='bbox 1005 2444 1096 2471; x_wconf 76' lang='lat' dir='ltr'>certe</span> <span class='ocrx_word' id='word_1_385' title='bbox 1120 2438 1475 2481; x_wconf 73' lang='lat' dir='ltr'>blstoriarumpartem</span> <span class='ocrx_word' id='word_1_386' title='bbox 1487 2438 1528 2469; x_wconf 85' lang='lat' dir='ltr'>ab</span> 
     </span>
     <span class='ocr_line' id='line_1_38' title="bbox 49 2478 1532 2529; baseline 0.003 -19"><span class='ocrx_word' id='word_1_387' title='bbox 49 2478 225 2511; x_wconf 78' lang='lat' dir='ltr'>Herodoto</span> <span class='ocrx_word' id='word_1_388' title='bbox 248 2478 282 2511; x_wconf 90' lang='lat' dir='ltr'>in</span> <span class='ocrx_word' id='word_1_389' title='bbox 306 2481 453 2514; x_wconf 85' lang='lat' dir='ltr'>Graecia</span> <span class='ocrx_word' id='word_1_390' title='bbox 476 2482 540 2515; x_wconf 79' lang='lat' dir='ltr'>iam</span> <span class='ocrx_word' id='word_1_391' title='bbox 564 2483 751 2516; x_wconf 80' lang='lat' dir='ltr'>absolutam</span> <span class='ocrx_word' id='word_1_392' title='bbox 774 2482 898 2525; x_wconf 84' lang='lat' dir='ltr'>fuisse,</span> <span class='ocrx_word' id='word_1_393' title='bbox 922 2483 1004 2517; x_wconf 83' lang='lat' dir='ltr'>licet</span> <span class='ocrx_word' id='word_1_394' title='bbox 1029 2485 1136 2517; x_wconf 72' lang='lat' dir='ltr'>altera</span> <span class='ocrx_word' id='word_1_395' title='bbox 1168 2489 1267 2529; x_wconf 84' lang='lat' dir='ltr'>parte</span> <span class='ocrx_word' id='word_1_396' title='bbox 1300 2491 1421 2528; x_wconf 83' lang='lat' dir='ltr'>postea</span> <span class='ocrx_word' id='word_1_397' title='bbox 1444 2489 1532 2515; x_wconf 86' lang='lat' dir='ltr'>tem-</span> 
     </span>
     <span class='ocr_line' id='line_1_39' title="bbox 50 2524 1528 2573; baseline 0.003 -18"><span class='ocrx_word' id='word_1_398' title='bbox 50 2524 140 2568; x_wconf 82' lang='lat' dir='ltr'>poris</span> <span class='ocrx_word' id='word_1_399' title='bbox 164 2524 206 2556; x_wconf 86' lang='lat' dir='ltr'>ad</span> <span class='ocrx_word' id='word_1_400' title='bbox 232 2524 330 2558; x_wconf 86' lang='lat' dir='ltr'>finem</span> <span class='ocrx_word' id='word_1_401' title='bbox 354 2529 537 2570; x_wconf 83' lang='lat' dir='ltr'>perducta3</span> <span class='ocrx_word' id='word_1_402' title='bbox 569 2529 628 2561; x_wconf 86' lang='lat' dir='ltr'>sed</span> <span class='ocrx_word' id='word_1_403' title='bbox 653 2529 787 2573; x_wconf 86' lang='lat' dir='ltr'>quinam</span> <span class='ocrx_word' id='word_1_404' title='bbox 811 2528 888 2562; x_wconf 88' lang='lat' dir='ltr'>libri</span> <span class='ocrx_word' id='word_1_405' title='bbox 911 2530 1049 2563; x_wconf 85' lang='lat' dir='ltr'>Thuriis</span> <span class='ocrx_word' id='word_1_406' title='bbox 1073 2542 1132 2563; x_wconf 73' lang='lat' dir='ltr'>seu</span> <span class='ocrx_word' id='word_1_407' title='bbox 1166 2530 1286 2573; x_wconf 79' lang='lat' dir='ltr'>scripti</span> <span class='ocrx_word' id='word_1_408' title='bbox 1320 2529 1445 2562; x_wconf 84' lang='lat' dir='ltr'>fuerint</span> <span class='ocrx_word' id='word_1_409' title='bbox 1468 2539 1528 2561; x_wconf 88' lang='lat' dir='ltr'>seu</span> 
     </span>
     <span class='ocr_line' id='line_1_40' title="bbox 49 2570 1529 2621; baseline 0.005 -20"><span class='ocrx_word' id='word_1_410' title='bbox 49 2570 194 2603; x_wconf 75' lang='lat' dir='ltr'>correcti</span> <span class='ocrx_word' id='word_1_411' title='bbox 218 2576 254 2602; x_wconf 85' lang='lat' dir='ltr'>et</span> <span class='ocrx_word' id='word_1_412' title='bbox 277 2573 456 2614; x_wconf 78' lang='lat' dir='ltr'>emendati,</span> <span class='ocrx_word' id='word_1_413' title='bbox 492 2574 649 2608; x_wconf 88' lang='lat' dir='ltr'>neminem</span> <span class='ocrx_word' id='word_1_414' title='bbox 675 2575 778 2607; x_wconf 75' lang='lat' dir='ltr'>facile</span> <span class='ocrx_word' id='word_1_415' title='bbox 809 2574 1026 2610; x_wconf 82' lang='lat' dir='ltr'>definiturum</span> <span class='ocrx_word' id='word_1_416' title='bbox 1050 2578 1181 2621; x_wconf 81' lang='lat' dir='ltr'>put0.“</span> <span class='ocrx_word' id='word_1_417' title='bbox 1228 2576 1267 2608; x_wconf 80' lang='lat' dir='ltr'>L.</span> <span class='ocrx_word' id='word_1_418' title='bbox 1291 2575 1452 2608; x_wconf 81' lang='lat' dir='ltr'>Lehnert.</span> <span class='ocrx_word' id='word_1_419' title='bbox 1477 2574 1529 2608; x_wconf 87' lang='lat' dir='ltr'>De</span> 
     </span>
     <span class='ocr_line' id='line_1_41' title="bbox 48 2615 969 2666; baseline 0.009 -19"><span class='ocrx_word' id='word_1_420' title='bbox 48 2615 184 2649; x_wconf 80' lang='lat' dir='ltr'>foedere</span> <span class='ocrx_word' id='word_1_421' title='bbox 206 2616 320 2650; x_wconf 89' lang='lat' dir='ltr'>Ionico</span> <span class='ocrx_word' id='word_1_422' title='bbox 345 2618 510 2663; x_wconf 86' lang='lat' dir='ltr'>Disquiss.</span> <span class='ocrx_word' id='word_1_423' title='bbox 535 2620 702 2662; x_wconf 87' lang='lat' dir='ltr'>(Berolin.</span> <span class='ocrx_word' id='word_1_424' title='bbox 728 2621 832 2665; x_wconf 83' lang='lat'>1830)</span> <span class='ocrx_word' id='word_1_425' title='bbox 856 2632 890 2666; x_wconf 87' lang='lat' dir='ltr'>p.</span> <span class='ocrx_word' id='word_1_426' title='bbox 913 2621 969 2656; x_wconf 86' lang='lat'>55.</span> 
     </span>
    </p>
   </div>
   <div class='ocr_carea' id='block_1_5' title="bbox 137 2685 786 2868">
    <p class='ocr_par' dir='ltr' id='par_1_5' title="bbox 137 2685 786 2868">
     <span class='ocr_line' id='line_1_42' title="bbox 138 2685 742 2733; baseline 0.013 -17"><span class='ocrx_word' id='word_1_427' title='bbox 138 2685 215 2728; x_wconf 67' lang='lat'>***)</span> <span class='ocrx_word' id='word_1_428' title='bbox 241 2685 340 2718; x_wconf 82' lang='lat' dir='ltr'>Conf.</span> <span class='ocrx_word' id='word_1_429' title='bbox 365 2686 512 2730; x_wconf 74' lang='lat' dir='ltr'>Krfiger.</span> <span class='ocrx_word' id='word_1_430' title='bbox 536 2687 559 2720; x_wconf 87' lang='lat' dir='ltr'>l.</span> <span class='ocrx_word' id='word_1_431' title='bbox 582 2688 605 2722; x_wconf 89' lang='lat' dir='ltr'>l.</span> <span class='ocrx_word' id='word_1_432' title='bbox 629 2699 661 2733; x_wconf 89' lang='lat' dir='ltr'>p.</span> <span class='ocrx_word' id='word_1_433' title='bbox 684 2689 742 2724; x_wconf 85' lang='lat'>31.</span> 
     </span>
     <span class='ocr_line' id='line_1_43' title="bbox 137 2751 528 2798; baseline 0.003 -10"><span class='ocrx_word' id='word_1_434' title='bbox 137 2751 180 2795; x_wconf 81' lang='lat'>†)</span> <span class='ocrx_word' id='word_1_435' title='bbox 204 2753 278 2788; x_wconf 83' lang='lat' dir='ltr'>Vid.</span> <span class='ocrx_word' id='word_1_436' title='bbox 303 2753 392 2787; x_wconf 89' lang='lat' dir='ltr'>iufra</span> <span class='ocrx_word' id='word_1_437' title='bbox 415 2755 528 2798; x_wconf 75' lang='lat'><strong>§.13-</strong></span> 
     </span>
     <span class='ocr_line' id='line_1_44' title="bbox 138 2821 786 2868; baseline 0.009 -14"><span class='ocrx_word' id='word_1_438' title='bbox 138 2822 202 2865; x_wconf 74' lang='lat'>††)</span> <span class='ocrx_word' id='word_1_439' title='bbox 228 2821 304 2856; x_wconf 77' lang='lat' dir='ltr'>vid.</span> <span class='ocrx_word' id='word_1_440' title='bbox 328 2822 474 2867; x_wconf 78' lang='lat' dir='ltr'>Krfiger.</span> <span class='ocrx_word' id='word_1_441' title='bbox 499 2823 521 2856; x_wconf 88' lang='lat' dir='ltr'>l.</span> <span class='ocrx_word' id='word_1_442' title='bbox 546 2822 569 2858; x_wconf 93' lang='lat' dir='ltr'>l.</span> <span class='ocrx_word' id='word_1_443' title='bbox 593 2834 626 2868; x_wconf 84' lang='lat' dir='ltr'>p.</span> <span class='ocrx_word' id='word_1_444' title='bbox 650 2825 705 2860; x_wconf 73' lang='lat'>23.</span> <span class='ocrx_word' id='word_1_445' title='bbox 731 2825 786 2860; x_wconf 72' lang='lat'>24.</span> 
     </span>
    </p>
   </div>
  </div>
 </body>
</html>
