1839 3292
571 206 917 244 URANIA.
974 204 1106 241 VIII.
1392 205 1446 243 31

187 319 375 377 μαχιὲων
412 315 574 367 αὐτούς
613 313 794 371 ἀπόσχῃ.
865 310 1175 369 Θεμιστοκλέης
1205 311 1283 365 μὲν
1311 312 1447 352 ταῦτα
1503 320 1713 381 Βιιιξὴςιωῖιηλ
1733 356 1743 380 t

184 390 404 444 ἐνέγραψε.
461 389 572 428 τοῖσι
603 384 648 426 δὲ
679 381 943 438 βαρβάροισι
988 379 1142 423 αὐτίκα
1178 377 1282 433 μετὰ
1313 363 1644 431 vafiw95ssffl⁵³
1716 361 1775 380 ‘e‘

185 457 321 514 πλοίῳ
351 448 460 508 ἦλθε
491 451 599 507 ἀνὴρ
626 450 864 502 Ἱστιαιεύς,
897 449 1115 505 ἀγγέλλων
1142 446 1220 489 τόν
1250 445 1447 500 δρησμὸν
1503 443 1779 502 l¹lliffll¹51¹ffi¹15⁰ssfissh²ff

155 522 262 566 Ξτὸν
293 519 362 565 ἀπ’
390 520 657 575 Ἀρτεμισίου
687 523 775 561 τῶν
799 517 1029 572 Ἑλλήνων.
1091 517 1132 559 οἱ
1171 513 1214 557 δ’
1245 511 1316 556 ὑπ’
1348 510 1449 554 ἀπι-
1505 509 1777 569 ἓξξῃξζζζξξξῇξθῑθ·

185 591 303 645 στίης
342 587 420 632 τόν
465 589 542 644 μὲν
581 587 844 642 ἀγγέλλοντα
885 584 999 640 εἶχον
1039 582 1086 625 ἐν
1116 584 1308 637 φυλακῇ,
1339 583 1448 634 νῆας
1506 579 1641 611 ⁰⁰⁰¹¹P⁵¹‘·

188 657 234 700 δὲ
270 657 435 711 ταχείας
480 653 734 698 ἀπέστειλαν
771 651 1175 709 προκατοψομένας.
1244 647 1447 703 ἀπαγγει-

185 724 354 768 λάντων
385 723 430 765 δὲ
459 722 629 765 τούτων
658 723 710 765 τοὶ
738 718 816 778 ἦν,
848 721 962 764 οὕτω
995 723 1045 775 δή
1077 719 1164 774 ἅμα
1194 718 1299 773 ἡλίῳ
1331 717 1447 758 σκιδ-

184 792 355 848 ναμένῳ
386 793 503 833 πᾶσα
533 788 559 845 ἡ
592 790 769 846 στρατιὴ
801 791 935 833 ἕπλωε
968 788 1072 843 ἁλὴς
1111 786 1178 829 ἐπὶ
1220 784 1267 828 τὸ
1295 781 1447 838 Ἀρτε-

156 861 346 914 3μίσιον.
377 858 619 913 ἐπισχόντες
649 859 694 901 δὲ
723 858 770 901 ἐν
799 857 938 912 τούτῳ
967 859 1026 913 τῷ
1056 854 1178 910 χώρῳ
1216 851 1338 908 μέχρι
1368 849 1472 905 μέ-Ῑ.

186 940 267 970 σου
306 925 486 982 ἡμέρης,
526 924 574 968 τὸ
616 923 701 969 ἀπὸ
740 925 900 968 τούτου
943 924 1108 966 ἔπλωον
1147 922 1188 971 ἐς
1232 920 1446 974 Ἱστιαίην.

157 994 446 1050 4ἀπικόμενοι
477 994 535 1045 δὲ,
564 993 645 1048 τήν
663 991 795 1036 πόλιν
823 992 948 1047 ἔσχον
977 995 1066 1035 τῶν
1090 987 1341 1033 Ἱστιαιέων
1372 986 1446 1030 καὶ

55 331 121 375 23

334 1171 426 1220 Cap.
446 1168 592 1204 xxm.

184 1245 409 1295 Ἵστιαιεῦς]
434 1249 489 1283 Ita
510 1246 680 1297 plerique
700 1244 786 1281 libri

129 1306 255 1356 scripti
276 1318 364 1341 cum
384 1301 577 1340 Plutarch.
598 1304 633 1337 lI
653 1315 690 1351 p.
703 1302 784 1339 867

129 1364 176 1399 Ε.
232 1363 275 1397 Iu
290 1362 506 1397 Florentino
528 1364 648 1394 exstat
669 1353 785 1394 Ἰστι-

131 1415 210 1466 εὒς,
229 1419 268 1454 in
285 1419 364 1453 aliis
376 1416 521 1452 duobus
535 1413 647 1451 codd.
667 1411 783 1451 ‘Ion-

129 1472 209 1522 εὒς,
231 1481 435 1524 utrumque
455 1471 651 1508 mendose.
684 1470 784 1505 Hinc

125 1531 224 1567 infra
243 1543 396 1582 quoque
423 1543 526 1565 nunc
559 1528 694 1564 rectius
715 1538 783 1576 pro

125 1589 230 1637 vulg.
249 1586 459 1633 Ἵστιαίων,
482 1585 605 1622 editur
623 1582 785 1622 Ἵστιαι-

125 1642 214 1691 ε’ων,
235 1650 277 1680 ut
297 1643 445 1680 dudum
462 1643 503 1678 in
522 1648 693 1678 mentem
715 1653 786 1675 ve-

124 1707 232 1736 nerat
250 1699 522 1736 Valckenaerio
535 1729 544 1746 ,
583 1698 786 1748 probatum

125 1771 228 1794 nunc
250 1756 334 1795 cod.
358 1756 548 1793 Sancrofti
570 1762 606 1791 et
626 1752 784 1790 Diodor.

125 1815 194 1861 XI,
211 1816 260 1853 13
273 1813 352 1861 fin„
382 1814 449 1848 ubi
469 1811 602 1848 eadem
622 1823 785 1846 narran-

126 1877 208 1917 tur,
239 1871 324 1907 coll.
359 1868 489 1907 Schol.
520 1867 672 1908 Aris-tid,
694 1879 782 1917 pag.

130 1928 207 1966 183
228 1927 433 1963 Frommel.
453 1928 510 1962 De
530 1927 609 1975 ipsa
628 1926 783 1974 regione

125 1982 290 2019 vidimus
321 1982 369 2019 ad
398 1984 479 2030 Vll,
514 1982 606 2022 175.
644 2003 700 2008 —
738 1981 783 2016 In

124 2052 231 2090 seqq.
256 2052 324 2090 pro
352 2040 506 2089 ταχείας
525 2038 782 2087 VVesselingio

125 2095 304 2132 dialectus
316 2096 483 2146 flagitare
502 2094 700 2132 videbatur
719 2108 784 2132 τα-

126 2151 229 2204 χέας.
260 2151 381 2190 Codd.
401 2153 455 2189 nil
480 2159 644 2189 mutant.

182 2227 501 2283 ἀπαγγειλάντων
532 2228 574 2270 δὲ
609 2226 782 2279 τούτων]

127 2287 305 2332 Quamvis
327 2287 528 2338 praecedat
545 2289 657 2337 νῆας,
678 2289 784 2324 subi-

126 2350 165 2380 to
187 2343 348 2381 deflectit
368 2346 537 2395 scriptor,
558 2346 649 2380 viros
667 2345 783 2380 intel-

127 2399 257 2449 ligens,
289 2403 354 2453 qui
383 2402 422 2437 in
449 2402 519 2437 illis
539 2402 697 2438 navibus
716 2402 781 2437 in-

130 2463 246 2493 erant.
304 2458 415 2495 Conf.
444 2457 561 2495 modo
591 2458 654 2506 IV,
688 2460 780 2506 110,

129 2523 178 2546 ne
197 2513 316 2562 plura.

187 2573 268 2627 ἅμα
283 2578 381 2634 ἡλίῳ
406 2577 671 2635 σκιδναμένῳ]
702 2582 727 2619 i.
746 2595 780 2618 e.

130 2634 234 2670 simul
269 2648 341 2672 una
369 2650 442 2674 cum
479 2638 548 2674 sole
594 2642 780 2688 spargente

128 2689 270 2738 (radios
291 2705 374 2728 suos
394 2707 506 2744 supra
525 2701 663 2731 terram
677 2707 781 2730 eam-

130 2759 205 2798 que
225 2748 449 2798 illustrante)
466 2750 568 2787 idest
583 2752 781 2802 primafere

130 2803 217 2841 luce.
246 2805 381 2855 Attigit
409 2806 622 2844 Herodotea
642 2809 782 2846 Eusta-

842 1163 942 1202 thius
964 1164 1011 1201 ad
1031 1165 1074 1201 Il.
1096 1176 1182 1214 pag.
1205 1164 1298 1209 691,
1321 1164 1345 1201 3
1367 1174 1396 1199 S.
1419 1160 1500 1201 568

844 1230 940 1259 extr.
978 1220 1256 1269 VVesselingius
1277 1219 1400 1254 attulit
1419 1219 1502 1253 llo-

841 1280 1006 1315 merica:
1057 1273 1151 1316 ὅσον
1191 1271 1222 1313 τ’
1255 1273 1501 1313 ἐπικίδναται

842 1330 925 1384 ἠώς
962 1335 1006 1374 Il.
1040 1335 1120 1380 vn,
1167 1331 1261 1372 451.
1303 1331 1383 1371 458
1415 1331 1501 1368 σου.

841 1392 984 1437 XXIII,
997 1393 1089 1429 227.
1101 1387 1279 1438 Aeschyl.
1302 1389 1407 1423 Pers.
1422 1387 1503 1427 502

842 1446 941 1494 (508
952 1446 1106 1493 Blomfi,
1123 1457 1239 1497 quem
1250 1443 1324 1481 vid.
1338 1444 1377 1478 in
1391 1444 1503 1479 Glos-

841 1505 945 1554 sar.),
978 1505 1147 1554 itemque
1181 1499 1352 1537 Philonis
1372 1500 1503 1536 locum

840 1562 915 1598 vit.
939 1560 1153 1610 Contempl.
1178 1572 1216 1609 p.
1239 1559 1320 1597 899
1356 1558 1416 1601 F„
1438 1556 1504 1607 qui

842 1619 955 1654 simili
976 1617 1098 1667 figura
1118 1629 1204 1652 usus
1222 1613 1315 1650 dixit
1327 1614 1503 1663 σπείρειν

842 1670 1016 1720 οἷκτῖνας.
1048 1674 1194 1719 Latini,
1217 1670 1352 1707 eodem
1374 1671 1504 1706 obser-

840 1738 954 1768 vante
974 1731 1243 1779 WesselingiO,
1264 1740 1428 1777 spargere
1447 1727 1502 1762 Iu-

841 1790 932 1825 mz'ne
962 1792 1094 1834 terras,
1136 1801 1171 1823 v.
1209 1800 1241 1822 c.
1271 1786 1422 1822 Lucret.
1452 1784 1500 1830 Il,

843 1844 933 1885 143.
964 1846 1096 1894 virgil.
1116 1844 1214 1880 Aen.
1235 1842 1299 1890 IV,
1322 1841 1402 1882 584
1414 1840 1501 1878 coll.

839 1902 908 1949 IX,
930 1900 1023 1942 459.

897 1956 1007 2009 μέχρι
1030 1955 1150 2007 μέσον
1166 1954 1348 2006 ἡμέρης]
1382 1954 1502 1990 Exci-

839 2021 893 2051 tat
930 2013 1112 2051 Matthiae
1154 2014 1220 2049 Gr.
1250 2014 1315 2049 Gr.
1348 2013 1385 2056 ξ.
1419 2013 1498 2050 118

839 2078 921 2107 not.
946 2074 980 2118 1,
1003 2072 1051 2107 ob
1064 2071 1228 2107 formam
1251 2067 1379 2120 μέσος,
1403 2079 1500 2117 quae

840 2127 887 2164 de
907 2129 1117 2164 masculino
1140 2133 1176 2163 et
1195 2127 1378 2162 feminino
1391 2121 1501 2159 adhi-

839 2185 985 2222 beatur.
1042 2186 1120 2221 Nisi
1147 2185 1271 2234 potius
1293 2180 1331 2220 h.
1353 2182 1379 2218 l.
1398 2193 1498 2216 neu-

840 2248 943 2278 trum
964 2247 1018 2278 est
1046 2240 1187 2292 μέσον,
1209 2239 1312 2276 unde
1333 2236 1499 2289 pendeat

840 2299 1027 2349 genitivus
1048 2296 1209 2349 ἡμέρης,
1228 2304 1388 2346 utsupra
1398 2295 1497 2340 VIII,

842 2355 892 2395 15
915 2352 1013 2393 κατα
1032 2354 1151 2406 μέσον
1164 2351 1326 2404 ἡμέρης,
1349 2358 1385 2388 et
1396 2349 1498 2401 apud

837 2410 1032 2448 Plutarch.
1052 2411 1221 2448 Marcell.
1248 2413 1298 2451 18
1326 2409 1407 2444 init.
1431 2403 1496 2445 διοῖ

839 2467 960 2519 μέσον
979 2471 1049 2519 τῆς
1068 2466 1312 2517 πολιορκίας.
1335 2486 1390 2492 —
1425 2463 1498 2501 El-

836 2525 932 2574 lopia
951 2532 1049 2561 terra
1063 2524 1198 2560 dicitur
1209 2522 1322 2559 fuisse
1336 2522 1498 2558 Histiae-

838 2581 947 2618 otidis
978 2594 1061 2631 pars
1083 2592 1259 2617 occasum
1279 2591 1406 2616 versus
1426 2579 1496 2614 sita

836 2651 955 2688 prope
976 2639 1169 2673 Cenaeum
1179 2636 1497 2686 promontorium,

837 2695 935 2730 bene
957 2692 1222 2743 distinguenda
1247 2693 1293 2729 ab
1320 2705 1374 2740 ea,
1396 2704 1496 2743 quae

836 2752 875 2786 in
896 2751 1012 2799 Epiro
1032 2750 1102 2786 fuit
1116 2749 1265 2800 Ellopia
1275 2762 1394 2800 prope
1413 2750 1496 2784 Do-

837 2807 1001 2855 donam3
1040 2819 1272 2859 quamquam
1300 2806 1495 2857 utriusque
