1839 3292
560 187 1023 226 CALLIOPE.

1081 188 1163 225 IX.
1403 193 1488 231 359

233 299 408 356 φῄνασα
429 295 669 352 Ἄμηστρις,
699 294 726 350 ἦ
757 294 922 347 Ξέρξεω
952 294 1088 351 γυνή,
1129 297 1272 350 φᾶρος
1308 295 1416 351 μέγα
1445 313 1491 340 τε

230 366 302 409 καὶ
329 365 528 407 ποικίλον
571 363 643 406 καὶ
672 364 775 418 θέης
804 362 949 415 ἄξιον,
990 365 1108 406 διδοῖ

1375 361 1387 376 <⁸

1143 362 1292 419 Ξέρξῃ.
1364 379 1388 405 ο
1432 363 1493 415 δὲ,

229 430 394 488 ἡσθεὶς,
422 430 726 486 περιβάλλεταί
754 446 798 472 τε
828 432 898 473 καὶ
929 431 1093 486 ἔρχεται
1134 431 1253 483 παρὰ
1288 429 1367 486 τήν
1397 430 1494 482 Ἀρ-

201 498 434 555 Ξταΰντην.

490 497 638 555 ἡσθεὶς
667 498 713 541 δὲ
741 498 814 541 καὶ
843 496 991 554 ταύτῃ,
1020 497 1211 540 ἐκέλευσε
1250 496 1388 553 αὐτὴν
1429 499 1491 540 αἰ-
1503 505 1550 538 30

227 570 355 623 τῆσαι
385 566 409 610 ὅ
437 584 477 610 τι
507 566 710 622 βούλεταί
733 566 777 607 οἱ
804 564 1006 619 γενέσθαι
1035 563 1135 607 ἀντὶ
1161 567 1251 607 τῶν
1286 565 1407 622 αὐτῷ
1437 563 1492 609 ὖ-

227 634 565 690 πουργημένων·
596 633 738 677 πάντα
766 632 850 688 γὰρ
870 632 1095 683 τεύξεσθαι
1126 630 1378 688 αἰτήσασαν.

1437 637 1490 689 τῇ

229 704 275 746 δὲ
304 706 446 752 κακῶς
474 701 557 757 γὰρ
589 701 676 744 ἔδεε
706 702 911 757 πανοικίῃ
941 699 1171 755 γενέσθαι,
1210 700 1320 754 πρὸς
1349 703 1487 744 ταῦτα

198 768 323 813 δεῖπε
353 770 515 826 ,Ξέρξῃ-
547 768 743 820 ,,Δω’σεις
772 784 846 823 μοι
875 767 924 810 τό
959 765 1013 810 ἄν
1047 779 1093 811 σε
1124 766 1410 824 αἰτήσω,·“ο
1399 766 1410 781 ⁰
1442 766 1487 811 δὲ

225 839 316 880 πᾶν
343 840 509 891 μᾶλλον
540 836 705 880 δοκέων
733 838 880 892 κείνην
911 837 1100 890 αἰτῆσαι,
1130 835 1382 890 ὑπισχνέετο
1412 836 1542 878 καὶ35

224 903 378 958 ὤμοσε.

437 902 464 959 ἡ
506 904 574 955 δὲ,
616 902 673 954 ὥς
704 902 865 958 ὤμοσε,
906 902 1041 954 ἀδεῶς
1073 903 1200 947 αἰτέει
1234 901 1283 946 τό
1324 907 1483 958 φᾶρος.

192 972 382 1028 4Ξὲρξης
411 971 457 1016 δὲ
485 976 692 1022 παντοῖος
723 971 908 1027 ἐγίνετο,
940 971 992 1014 οὐ
1017 971 1285 1028 βουλόμενος
1309 972 1479 1014 δοῦναι·

168 1145 243 1184 que
273 1131 386 1168 simul
416 1130 662 1167 manifestum
689 1130 731 1167 fit
752 1129 824 1168 hac

167 1202 217 1224 ex
235 1188 463 1234 narratione,
480 1199 555 1239 quo
570 1186 711 1223 modo'
702 1201 740 1223 lu
762 1201 824 1224 re-

166 1257 261 1295 gum
279 1245 478 1280 Persarum
499 1245 740 1294 gymnaeceis
762 1246 823 1294 agi

165 1302 320 1338 solitum
339 1301 473 1338 fuerit:
520 1302 560 1336 iu
593 1313 711 1352 quam
739 1314 822 1337 rem

164 1358 314 1407 insigne
334 1364 455 1393 exstat
481 1355 662 1393 Estherae
690 1370 824 1393 exem-

165 1415 284 1465 plum,
298 1427 412 1465 quam
423 1415 541 1463 ipsam
554 1414 698 1449 nullam
710 1414 823 1450 aliam

165 1484 206 1507 re
239 1483 328 1507 vera
357 1470 469 1506 fuisse
498 1476 612 1520 atque
641 1470 823 1506 Amestri-

165 1526 266 1574 dem,
306 1527 378 1562 alio
402 1527 558 1562 nomine
579 1527 619 1561 in
638 1526 740 1562 libris
760 1539 822 1562 sa-

162 1584 233 1620 cris
267 1583 482 1627 vocitatam,
513 1582 620 1618 fuere
641 1583 706 1633 qui
726 1595 822 1619 cou-

160 1638 372 1677 tenderent.
431 1637 511 1677 Sed
547 1637 643 1675 haec
682 1645 719 1675 et
747 1639 820 1676 alia

159 1694 423 1733 huiuscemodi
438 1696 571 1732 lubens
583 1694 644 1731 hic
654 1702 818 1732 transeo.

216 1748 238 1791 ὅ
259 1767 294 1790 τι
321 1747 521 1802 βούλεται]
545 1754 601 1788 De
622 1751 695 1788 hoc
715 1751 818 1788 indi-

161 1809 284 1845 cativo
304 1808 392 1845 vide
410 1809 458 1845 sis
478 1815 574 1845 nott.
604 1807 651 1844 ad
671 1810 700 1855 I,
725 1811 817 1848 163.

163 1865 227 1902 Sic
262 1866 332 1912 IX,
354 1867 447 1904 111.
479 1863 629 1903 ποιέειν
659 1861 705 1902 τὰ
723 1860 818 1913 βού-

161 1923 280 1960 λεται.
339 1922 383 1956 ln
414 1934 519 1972 seqq.
561 1922 819 1957 accusativum

161 1974 292 2016 πάντα
308 1976 356 2013 ἃᾶ
377 1974 596 2027 αἰτήσασαν
615 1978 737 2014 refero
747 1990 818 2014 ne-

161 2047 236 2086 que
257 2032 306 2070 ad
324 2030 546 2080 τεύξεσθαι.

216 2105 263 2144 τη
298 2087 339 2128 δὲ
370 2105 502 2136 κακως
528 2104 602 2142 γαρ
638 2089 720 2129 ε’δεε
740 2104 819 2128 πα-

160 2147 292 2200 νοικίῃ
313 2145 519 2197 γενέσθαι]
545 2145 732 2193 Vid.1‚8.
754 2147 818 2194 IV,

161 2205 216 2243 79
248 2210 284 2239 et
315 2202 362 2239 de
399 2216 469 2239 usu
509 2204 713 2253 patticulae
742 2218 818 2254 γαρ

160 2260 191 2307 1,
213 2260 250 2298 8.
269 2257 336 2300 24.
394 2260 514 2296 Voces
533 2262 583 2313 τῇ
604 2257 646 2297 δὲ
669 2272 746 2296 non
770 2259 818 2296 ad

162 2315 350 2368 πανοικίῃ
390 2316 520 2352 referri
566 2328 675 2366 posse
721 2317 818 2352 bene

162 2378 293 2408 monet
318 2370 535 2422 Schweigh.
556 2371 623 2409 sed
652 2371 700 2408 ad
729 2385 819 2409 mu-

163 2427 306 2467 nerem,
363 2431 462 2464 Nam
490 2428 593 2465 idem
625 2435 679 2465 est
715 2441 757 2465 ac
787 2430 819 2465 si

164 2481 315 2519 dixisset
333 2486 491 2522 Noster:
532 2483 561 2535 ἦ
591 2482 654 2531 δὲ,
686 2500 819 2531 κακως

162 2535 238 2591 γάρ
281 2538 320 2577 οἷ
367 2539 448 2580 ἔδεε
483 2541 674 2594 πανοικίῃ
713 2540 820 2592 γενέ-

164 2599 281 2642 σθαι,
314 2593 395 2635 εἷπε
422 2595 557 2650 Ξέρξη.
609 2597 671 2634 Ad
686 2611 823 2634 vocem

164 2651 352 2704 πανοικίῃ
384 2666 459 2690 cum
479 2658 554 2690 tota
574 2654 684 2700 domo,
707 2654 823 2704 sami-

166 2708 218 2745 lz'a
240 2707 340 2744 conf.
360 2716 456 2748 nott.
477 2709 525 2745 ad
546 2710 628 2758 Vll,
645 2712 712 2751 39.

220 2766 407 2813 παντοῖος
435 2764 613 2817 ἐγίνετο]
660 2767 683 2806 i.
719 2781 752 2805 e.
789 2767 827 2805 in

882 1144 991 1168 omnes
1008 1146 1042 1168 se
1063 1134 1229 1169 convertit
1239 1131 1399 1181 formas,
1424 1134 1541 1168 omnia

880 1190 1042 1235 tentavit,
1065 1189 1199 1239 quibus
1219 1189 1324 1223 illam
1355 1194 1541 1225 averteret

880 1245 1036 1296 eiusque
1056 1258 1185 1294 preces
1206 1251 1410 1281 amoveret.
1453 1243 1538 1280 Vid.

878 1300 1045 1349 111,124
1067 1302 1197 1352 ibique
1218 1308 1314 1337 nott.
1354 1299 1415 1336 Ad
1431 1312 1539 1352 seqq.

879 1352 962 1395 κατ’
993 1354 1086 1395 ἄλλο
1114 1355 1186 1406 μὲν
1211 1351 1329 1395 ου’ὄὲν
1362 1357 1408 1393 cf.
1442 1363 1539 1397 nott

879 1412 1121 1459 adV111,30.
1151 1414 1244 1448 Mox
1263 1414 1411 1459 retinui,
1433 1412 1537 1463 quod

877 1468 1148 1520 codd.quidam
1161 1469 1342 1514 ferebant,
1356 1482 1537 1507 κατεικα-

877 1521 944 1572 ζού
951 1537 1012 1578 σῃ,
1033 1527 1138 1561 cuius
1150 1525 1233 1561 loco
1245 1523 1428 1574 Schwgh.
1442 1537 1537 1560 cou-

875 1582 1013 1618 iecerat
1032 1578 1346 1631 κατεικαζούσης.
1405 1581 1535 1629 θᾶίεἲ.,

875 1651 990 1690 quem
1003 1639 1321 1689 sequiturNegris,
1335 1650 1355 1673 e
1367 1637 1537 1687 pluribus

875 1693 1095 1731 codd.dedit
1106 1691 1457 1742 κατεικαζουσα,ἱ]ἰ3
1468 1693 1537 1731 ad-

875 1750 982 1788 ditis:
1003 1752 1198 1802 „legitima
1215 1753 1419 1788 verborum
1439 1764 1535 1787 con-

875 1809 1028 1844 structio
1058 1808 1281 1858 postulabat,
1311 1814 1352 1844 ut
1379 1814 1534 1844 seuten-

875 1865 925 1901 tia
937 1863 1060 1900 hunc'
1051 1878 1091 1900 m
1109 1864 1271 1901 modum
1292 1863 1531 1900 decurreret:

876 1936 929 1971 μη
960 1935 1027 1958 και
1056 1919 1163 1986 πρὶν
1177 1917 1457 1967 κατεικαζονσα
1481 1935 1530 1959 τα

875 1972 1068 2028 γινόμενα
1081 2004 1092 2022 ,
1114 1972 1217 2016 ου’τω
1238 1976 1388 2028 Ξέρξην
1402 1973 1531 2027 πρήσ-

877 2045 996 2072 σοντα
1014 2030 1243 2084 καταλάβοι.
1301 2035 1399 2069 Eam
1427 2045 1532 2069 nunc

874 2091 1053 2127 immutat
1066 2092 1235 2140 scriptor,
1246 2090 1298 2126 ita
1314 2097 1354 2126 ut
1372 2102 1534 2140 sequens

874 2148 1036 2184 verbum
1067 2159 1088 2182 a
1121 2148 1323 2182 remotiore
1351 2146 1534 2182 nomina-

874 2204 951 2239 tivo
972 2201 1175 2253 pendeat.“
1225 2202 1303 2239 Sed
1323 2200 1396 2238 hoc
1419 2202 1534 2238 nimis

874 2258 1024 2297 videtur
1066 2260 1290 2310 quaesitum,
1330 2272 1402 2295 nec
1441 2271 1533 2295 sane

875 2317 952 2352 ulla
972 2323 1126 2366 apparet
1142 2329 1266 2362 causa,
1287 2328 1354 2351 cur
1373 2316 1532 2365 scripto-

875 2386 957 2409 rem
977 2380 1056 2409 tam
1075 2373 1198 2409 subito
1208 2378 1434 2408 structuram
1446 2384 1532 2407 ora-

874 2430 987 2465 tionis
998 2435 1162 2465 mutasse
1183 2427 1394 2468 credamus,
1450 2428 1532 2463 Im-

875 2498 939 2521 mo
967 2486 1079 2536 plana
1099 2484 1276 2522 videntur
1304 2483 1452 2530 omnia,
1501 2483 1532 2520 si

877 2541 1048 2579 dativum
1078 2537 1359 2593 κατεικαζούσῃ
1396 2540 1534 2576 referas

877 2597 925 2635 ad
963 2599 1152 2648 passivum
1179 2596 1394 2649 ἐπευρεθῇ.
1460 2597 1534 2633 Ti-

878 2655 1006 2691 mebat
1022 2654 1100 2690 scil.
1122 2655 1281 2700 Xerxes,
1301 2665 1342 2689 ne
1360 2653 1404 2688 ab
1424 2652 1531 2690 Ame-

879 2709 1008 2756 stride,
1039 2723 1127 2759 quae
1154 2712 1226 2746 iam
1243 2713 1346 2746 antea
1367 2710 1530 2745 coniicia-

880 2767 939 2805 bat
955 2780 1008 2814 ea,
1039 2766 1242 2817 quaefacta
1261 2767 1530 2813 sunt‚i1wenire-
