1839 3292
395 218 478 258 108

791 215 1255 253 HERODOTI

360 326 384 361 2
517 322 607 359 Ἀλλ’
631 321 722 359 ὅταν
743 321 942 367 Ἀρτέμιδος
963 320 1172 366 χρυσαόρου
1197 321 1298 366 ἱερὸν
1323 320 1439 367 α’κτὴυ
1659 321 1705 357 50

519 381 626 425 νηυσὶ
648 378 895 425 γεφυρώσωσι,
918 378 980 412 καὶ
1003 379 1162 421 εἰναλίην
1188 377 1441 422 Κυνόσουραν,

520 435 638 471 ἐλπίδι
654 435 853 480 μαινομένῃ
876 433 1033 478 λιπαρὰς
1047 433 1244 477 πέρσαντες
1258 433 1433 479 Ἀθήνας,

520 494 584 527 δῖα
599 493 690 537 Δίκη
711 491 850 538 σβέσσει
875 491 1053 537 κρατερὸν
1069 490 1202 538 Κόρου,
1218 487 1371 536 ’Ὕβριος
1393 489 1490 531 υἱόν,

341 670 556 709 χνασματοι,
574 654 620 692 ad
642 655 859 706 opinionem
875 654 996 705 impe-

342 712 709 751 ritorumcoussctaf‘
737 706 995 762 καταβάλλειν

342 771 518 816 deiicere,
512 783 533 805 1.
539 783 570 807 e.
583 770 730 814 reticere,
742 769 818 804 vim
831 768 995 804 auctori-

341 834 533 877 tatemque
550 826 762 874 infringere.
775 825 831 860 Cf.
845 825 911 871 IX,
929 825 993 864 79.

395 879 621 932 Ἀρτέμιδος
645 877 878 932 χρυσαόρου]
910 881 934 917 i.
958 892 990 918 e.

340 939 484 977 Dianae
505 949 647 974 aureum
669 949 778 974 ensem
807 937 992 985 gestanti&

340 995 489 1032 Eodem
509 995 736 1043 cognomine
753 1000 906 1030 ornatur
918 993 993 1028 Ce-

341 1053 448 1089 resin
463 1051 651 1087 Homeric.
662 1051 803 1101 Hymn.
815 1051 854 1085 in
867 1049 991 1086 Cerer.

340 1106 380 1155 4,
402 1107 448 1144 ad
469 1120 583 1158 quem
615 1107 741 1142 locum
760 1112 908 1156 praeter
938 1117 992 1152 ea,

341 1177 452 1214 quae,
473 1169 655 1200 monente
678 1162 760 1209 Cr„
790 1162 994 1198 attuierunt

340 1219 520 1257 Matthiae
577 1217 888 1269 (Animadverss.
955 1218 995 1252 in

340 1278 484 1327 Hymn.
513 1277 668 1312 Homer.
708 1288 797 1326 pag.
828 1274 927 1321 350)
958 1280 995 1310 et

340 1333 446 1381 Ilgen
467 1331 766 1379 (Animadverss.
787 1332 827 1367 in
850 1332 991 1380 Hymn.

340 1390 518 1426 Homerr.
563 1401 651 1438 pag.
707 1385 805 1432 504)
820 1415 829 1433 ,
887 1387 994 1436 plura

341 1458 494 1497 quoque
515 1446 637 1481 attulit
656 1441 922 1481 Mitscherlich.
946 1441 993 1478 de

342 1501 411 1538 diis
433 1514 520 1537 ense
544 1508 609 1537 aut
633 1501 705 1536 alio
725 1499 841 1537 modo
867 1511 992 1535 arma-

340 1558 407 1606 tis,
436 1564 563 1594 nostro
584 1558 667 1594 loco
687 1555 791 1593 haud
824 1562 992 1607 praeter-

339 1614 478 1662 misso,
523 1614 589 1650 ubi
623 1614 662 1649 in
690 1626 783 1650 voce
825 1609 994 1664 χρυσαό-

341 1685 415 1721 ρου
444 1670 552 1707 altius
583 1668 675 1722 quid
703 1670 823 1706 inesse
852 1670 995 1719 magis-

341 1739 416 1778 que
445 1725 705 1774 reconditum,
737 1725 896 1763 dubitari
924 1739 996 1761 ne-

341 1783 435 1833 quit.
483 1782 568 1820 Vid.
607 1783 780 1820 Creuzer.
820 1782 995 1833 Symbol.

340 1840 392 1875 IV
412 1851 499 1890 pag.
520 1842 588 1880 67.
609 1841 644 1875 Π
662 1852 749 1890 pag.
762 1840 855 1879 719.
874 1839 995 1888 Apol-

342 1896 427 1932 linis
465 1891 688 1947 χρυσαόρου
715 1896 858 1932 mentio
883 1895 925 1931 fit
953 1896 993 1930 in

340 1952 386 1988 11.
411 1951 465 1998 V,
496 1951 590 1992 509.
648 1952 789 1997 Quibus
812 1950 905 1988 haec
925 1950 993 1988 ad-

340 2009 484 2058 scripsit
507 2002 733 2045 Creuzerus:
764 2009 916 2056 „Fallor
929 2015 993 2044 ant

340 2062 414 2101 hoo
447 2065 590 2101 Dianae
628 2063 818 2115 epitheton
856 2066 994 2115 pariter

340 2121 502 2171 pertinet
532 2120 579 2157 ad
600 2120 841 2172 splendorem
867 2123 992 2167 lunae,

342 2184 455 2227 atque
476 2176 523 2213 ad
543 2178 622 2214 vim
641 2178 824 2214 letiferam
837 2207 846 2224 ,
878 2190 993 2229 quam

341 2234 542 2284 antiquitas
562 2235 736 2270 Dianae-
751 2236 883 2271 Lunae
914 2246 992 2270 non

342 2290 467 2325 minus
484 2291 726 2337 attribuebat,
792 2303 908 2342 quam
934 2291 991 2325 A-

342 2346 486 2396 pollini,
509 2353 693 2398 quatenus
712 2347 799 2384 solis
820 2345 991 2397 radiipe-

340 2403 455 2439 stiferi
480 2410 598 2440 erant.
611 2405 634 2423 “

397 2457 565 2510 λιπαράς
592 2480 647 2488 --
669 2454 868 2508 Ἀθήνας]
895 2458 992 2494 Satis

342 2522 506 2560 constat,
544 2517 686 2552 Atticos
715 2522 871 2564 poetas,
908 2526 991 2550 ora-

341 2576 438 2607 tores
454 2573 502 2609 ita
513 2585 663 2609 vocasse
673 2570 837 2607 Athenas
844 2573 992 2620 pingues

342 2625 368 2666 i.
390 2640 422 2664 e.
440 2628 648 2677 splendida&
669 2628 834 2672 illustres,
851 2628 991 2677 populo

341 2683 624 2731 gratificaturos,
654 2684 736 2723 vid.
748 2685 878 2734 Enrip.
890 2685 993 2719 Tro-

342 2737 405 2774 ad.
440 2741 531 2779 776.
562 2741 643 2778 Alc.
673 2739 767 2780 435.
801 2738 992 2790 Aristoph.

340 2792 508 2832 Acharn.
547 2798 626 2836 606
664 2796 753 2849 ibiq.
786 2798 993 2847 interprett.

1050 654 1258 704 Praecipue
1294 652 1370 690 hnc
1421 653 1511 690 facit
1549 651 1702 692 Pindar.

1049 713 1159 749 Nem.
1180 712 1242 758 lv,
1266 713 1318 750 30
1340 710 1354 759 (
1373 711 1439 759 18)
1468 710 1596 761 ibique
1619 711 1705 746 Dis-

1048 780 1125 804 sen.
1144 768 1265 817 p.381
1287 765 1542 813 ed.B0eckh.‚
1565 765 1705 817 Dithy-

1048 825 1167 860 ramb.
1188 824 1324 873 fragm.
1352 822 1451 873 apud
1464 822 1592 861 Schol.
1614 824 1706 858 Ari-

1048 879 1170 931 stoph.
1212 881 1237 916 l.
1258 881 1300 927 1.‚
1340 881 1404 916 ubi
1444 881 1549 929 plura
1600 878 1704 916 dabit

1047 935 1217 973 Boeckh.
1229 950 1265 986 p.
1279 936 1358 976 579
1380 943 1415 972 et
1428 934 1704 987 VVyttenbach.

1047 994 1146 1029 Bibl.
1170 994 1258 1029 Crit.
1280 994 1344 1040 111,
1371 996 1387 1032 1
1413 1007 1449 1042 p.
1463 993 1529 1032 49.
1550 991 1703 1042 σβέσσει

1050 1056 1086 1085 et
1107 1045 1241 1099 ἐπάγει
1264 1062 1330 1099 per
1349 1061 1523 1099 praesens
1536 1048 1701 1096 effertur,

1049 1106 1080 1141 si
1106 1105 1262 1156 quidem
1279 1134 1288 1152 ,
1321 1118 1418 1156 quae
1450 1106 1574 1141 futura
1602 1112 1703 1153 sunt,

1051 1173 1095 1196 ea
1115 1163 1241 1197 animo
1270 1162 1347 1197 iam
1373 1169 1556 1213 tanquam
1593 1174 1704 1212 prae-

1050 1218 1169 1254 sentia
1221 1224 1324 1254 vates
1371 1216 1578 1267 praevidet.
1644 1218 1704 1255 Cf.

1049 1287 1161 1324 supra
1182 1274 1272 1320 Vll,
1297 1271 1387 1313 140.
1414 1272 1506 1313 141.

1107 1327 1297 1381 κρατερόν
1336 1324 1498 1380 Κόρον,
1533 1325 1706 1381 ’Ὕβριος

1049 1384 1159 1435 υἷόν]
1193 1383 1328 1438 Κόρον
1352 1399 1431 1422 non
1451 1388 1606 1423 iuvenem
1639 1399 1705 1423 ac-

1049 1444 1168 1494 cipio,
1215 1450 1257 1480 ut
1293 1443 1416 1493 placet
1448 1443 1704 1493 Wesselingio

1049 1507 1086 1536 et
1118 1499 1307 1536 Larchero
1356 1503 1488 1551 (quem
1524 1500 1705 1536 iuvenem

1049 1570 1127 1593 non
1140 1557 1256 1593 alium
1267 1563 1380 1607 atque
1396 1557 1521 1606 ipsum
1531 1557 1704 1592 Xerxem

1051 1627 1128 1650 esse
1147 1627 1255 1663 posse
1279 1612 1594 1663 consentaneum)
1607 1641 1618 1661 ,
1637 1611 1705 1650 sed

1051 1673 1271 1718 satietatem,
1306 1671 1575 1718 arrogantiam,
1607 1681 1705 1721 quae

1050 1728 1229 1776 superbzae
1266 1740 1295 1763 5
1318 1722 1483 1776 ΗΥβριος
1523 1733 1577 1762 est
1614 1726 1704 1774 filia,

1052 1781 1539 1835 quemadmodumPindar.
1550 1783 1704 1846 Olymp.

1050 1842 1255 1886 X111,12
1289 1836 1407 1890 ’ὕβριν
1445 1837 1539 1875 dixit
1582 1833 1704 1889 κόρου

1051 1912 1162 1948 μητε
1129 1896 1196 1934 έοα
1221 1926 1231 1944 ,
1303 1897 1369 1932 etsi
1414 1896 1529 1945 vulgo
1577 1891 1703 1947 κόρον

1050 1949 1188 2002 ὕβριος
1207 1951 1406 2003 perhibent
1426 1959 1607 1998 matrem,
1623 1964 1703 1988 non

1048 2011 1184 2057 filiam,
1218 2016 1310 2045 teste
1338 2007 1559 2058 Theognid.
1595 2008 1703 2049 153:

1049 2067 1165 2104 τίκτει
1184 2081 1243 2103 τοι
1271 2062 1392 2113 κόρος
1420 2061 1539 2115 ὕβριν
1557 2079 1593 2102 κ.
1614 2079 1646 2101 τ.
1667 2066 1703 2102 λ.

1050 2123 1135 2158 coil.
1172 2122 1263 2161 596.
1310 2121 1404 2161 605.
1447 2122 1538 2160 693.
1585 2119 1704 2159 1175.

1053 2179 1179 2224 1176,
1210 2178 1274 2212 nbi
1307 2177 1408 2217 cons,
1436 2175 1633 2212 Welcker.
1664 2188 1703 2224 p.

1050 2235 1100 2273 93
1129 2246 1137 2269 :
1195 2234 1333 2284 quippe
1374 2245 1394 2268 e
1432 2232 1567 2283 quibus
1613 2232 1704 2268 locis

1050 2290 1191 2339 optime
1231 2296 1397 2339 apparet,
1434 2286 1525 2339 qnid
1560 2294 1705 2324 veteres

1049 2346 1183 2382 Graeci
1202 2358 1295 2382 voce
1308 2340 1430 2394 κόρου
1447 2345 1704 2394 significarint.

1047 2403 1096 2438 Et
1121 2402 1223 2439 conf.
1259 2414 1411 2453 quoque
1439 2401 1546 2437 Stob.
1580 2401 1703 2440 Serm.

1048 2459 1157 2503 XLI,
1186 2457 1274 2507 [43]
1299 2471 1384 2508 pag.
1413 2457 1492 2497 247
1513 2470 1542 2493 s.
1564 2471 1602 2506 p.
1623 2459 1701 2496 120

1048 2515 1098 2550 T.
1112 2516 1146 2550 11
1159 2515 1273 2553 Gaisf.
1296 2513 1487 2552 Heinrich.
1501 2513 1701 2563 Epimeni-

1048 2570 1113 2608 des
1134 2583 1218 2622 pag.
1242 2574 1293 2611 97
1315 2584 1392 2622 seq.
1416 2583 1436 2606 a
1466 2569 1534 2608 Cr.
1567 2568 1701 2605 lauda-

1046 2634 1118 2663 tus.
1181 2626 1257 2663 Sed
1279 2629 1360 2678 quis
1383 2639 1520 2678 quaeso
1547 2626 1586 2662 in
1613 2625 1702 2662 tali-

1047 2684 1128 2729 bus,
1150 2696 1246 2733 quae
1260 2691 1455 2734 poetarum
1474 2696 1520 2718 ex
1539 2681 1699 2731 ingeniis

1047 2741 1250 2787 fluxerunt,
1270 2742 1397 2776 onmia
1419 2738 1466 2774 ad
1481 2751 1597 2775 unam
1609 2749 1699 2773 ean-

1048 2795 1213 2848 demque
1232 2809 1408 2834 normam
1419 2796 1568 2846 exigere
1581 2794 1669 2832 velit
1679 2789 1698 2830 Ξ)
