1839 3292
481 222 944 263 CALLIOPE.

1000 222 1017 257 1
1027 221 1078 258 Χ.
1323 221 1408 261 239

158 341 279 386 ὅπλα,
306 335 437 392 ἤϊσαν
467 332 540 377 διοὶ
569 335 645 388 τῆς
657 330 875 387 ὑπωρείης
890 332 972 373 τοῦ
991 330 1272 381 Κιθαιρῶνος
1289 326 1407 380 παροὲ

150 405 290 455 ‘rancis
320 403 362 454 ἐς
389 401 468 458 τήν
498 402 738 444 Πλαταιΐδα
766 402 871 454 γῆν·
906 396 1162 452 ἀπικόμενοι
1192 394 1258 447 δὲ,
1288 393 1409 437 ἐτάσ-

152 485 280 517 σοντο
311 469 421 514 κατοὶ
451 470 580 512 ἔθνεα
608 468 791 523 πλησίον
819 470 894 521 τῆς
922 481 965 508 τε
995 464 1155 520 κρήνης
1195 464 1269 515 τῆς
1298 463 1410 515 Γαρ-

150 541 310 597 γαφίης
338 539 412 581 καὶ
444 540 524 580 τοῦ
553 536 749 590 τεμένεος
777 536 856 575 τοῦ
885 533 1215 586 Ἀνδροκράτεος
1248 533 1328 572 τοῦ
1356 529 1409 586 ἥ-

152 625 284 663 ρωος,
330 605 402 649 διοὶ
440 603 586 660 ὄχθων
622 618 666 645 τε
696 599 779 644 οὐκ
807 598 988 656 ὑψηλῶν
1014 599 1086 640 καὶ
1127 597 1292 640 ἀπέδου
1320 603 1435 653 χω-5

21 679 86 725 26
155 681 264 729 ρίου.
319 672 534 715 Ἐνθαῦτα
570 670 617 713 ἐν
652 672 704 726 τῇ
736 668 902 718 διατάξι
931 665 1095 721 ἐγένετο
1133 666 1274 721 λόγων
1302 670 1406 708 πολ·
1462 681 1613 715 Tegeatas
1644 687 1675 710 et
1700 684 1740 710 A·

114 745 222 795 Ξλὸς
253 739 445 796 ὠθισμὸς
485 736 728 793 Τεγεητέων
755 751 799 778 τε
828 734 902 778 καὶ
926 731 1182 791 Ἀθηναίων.
1243 733 1404 776 ἐδικαί-

94 947 241 983 fontem
296 942 535 995 Gargaphiae
583 949 752 993 spectare

96 1002 228 1041 videri.

152 1054 259 1109 παρά
277 1054 427 1105 Ὑσιᾶς]
442 1057 465 1096 i.
475 1069 505 1092 e.
516 1060 656 1106 praeter
669 1055 752 1105 Hy-

97 1118 182 1162 sias,
214 1121 255 1150 ut
283 1115 328 1161 V,
357 1114 426 1153 74.
457 1114 518 1159 VI,
544 1115 635 1154 108.
694 1113 752 1147 De

96 1174 177 1222 ipsa
191 1171 284 1207 urbe
303 1170 382 1207 dixi
402 1168 449 1206 ad
468 1170 536 1217 IX,
561 1169 626 1210 15.
648 1168 752 1213 Quae

98 1229 279 1265 contiuuo
326 1232 536 1277 sequuntur
582 1224 622 1271 ἐς
676 1219 753 1274 τήν

101 1283 324 1322 Πλαταιΐδα
350 1285 425 1334 γῆν
452 1282 494 1330 (i.
517 1295 548 1318 e.
566 1282 604 1318 in
625 1293 752 1328 agrum

100 1340 365 1388 Plataeensem)
410 1339 494 1375 Gail
531 1335 751 1386 Lewphssol.

98 1397 151 1433 IV
172 1410 209 1447 p.
230 1394 311 1436 284
338 1395 386 1431 ob
416 1407 575 1446 sequens
607 1389 752 1431 ἀπικό-

100 1467 214 1504 μενοι
231 1452 390 1501 intelligi
415 1452 516 1488 vult:
569 1449 752 1487 marclaeant

99 1522 174 1546 vers
187 1509 218 1545 le
234 1510 404 1545 territozfre
414 1507 454 1544 de
465 1506 602 1554 Plate'e,
614 1518 752 1557 quem-

99 1564 307 1602 admodum
327 1565 440 1614 paulo
461 1570 549 1601 ante
570 1562 754 1601 ἐπικατα-

99 1622 219 1672 βῆναι
259 1619 297 1666 ἒς
331 1616 535 1666 Πλαταιάς
569 1619 752 1656 descemlre

96 1690 174 1714 vers
219 1675 356 1714 Plate'e.
409 1675 601 1728 Equidem
643 1688 710 1712 cur
730 1688 752 1711 a

97 1735 251 1784 vulgata
288 1734 595 1784 interpretatione
644 1745 753 1769 rece-

99 1789 200 1837 dam,
221 1788 324 1826 haud
344 1791 528 1839 iutelligO.

153 1848 228 1886 τοῦ
262 1845 441 1897 τεμένεος
473 1847 547 1885 τοῦ
582 1840 754 1896 Ἀνδρο-

99 1898 262 1953 κράτεος
294 1905 367 1942 τοῦ
406 1899 556 1953 ἥρωος]
597 1901 753 1938 Andro-

100 1960 210 1995 cratis
240 1959 373 1995 fanum
392 1960 546 2010 propius
575 1959 678 1995 abest
706 1958 752 1994 ab

98 2016 178 2066 ipsa
197 2016 474 2052 Plataeensium
495 2016 611 2062 urbe,
649 2013 754 2050 haud

99 2073 264 2108 multum
285 2085 306 2108 a
318 2073 460 2110 Cereris
479 2072 621 2123 templo
639 2072 753 2108 situm

98 2129 183 2165 loco
204 2129 328 2166 minus
351 2136 438 2179 apto
456 2136 536 2166 tam
564 2127 752 2179 peditibus

101 2198 217 2236 quain
238 2187 438 2237 equitibus.
499 2184 585 2222 vid.
607 2185 691 2222 Gail
726 2185 753 2225 Ι.

99 2241 127 2278 l.
146 2242 178 2278 V
208 2255 245 2292 p.
267 2243 485 2283 300—306
511 2243 632 2279 Kruse
653 2242 752 2282 Hell,

101 2298 148 2345 11,
172 2300 191 2336 1
212 2311 251 2349 p.
280 2299 359 2339 596
389 2305 427 2336 et
450 2299 620 2336 tabulam
650 2298 752 2335 adie-

105 2360 216 2400 ctam,
228 2367 324 2405 quae
336 2357 448 2392 totius
460 2357 623 2406 regionis
639 2368 751 2392 accu-

102 2415 223 2445 ratam
251 2413 418 2449 continet
444 2411 752 2450 delineationem.

103 2467 161 2501 De
191 2467 270 2515 ipso
299 2466 413 2505 heroe
454 2471 609 2521 antiquo
651 2469 750 2507 conf.

104 2522 242 2558 Wasse
272 2522 319 2559 ad
351 2523 570 2576 Thucydid.
600 2527 665 2574 III,
698 2524 753 2565 24

104 2585 141 2614 et
170 2580 404 2628 potissimum
440 2581 632 2620 Plutarch.
668 2583 755 2618 Ari-

103 2634 188 2671 stid.
212 2638 257 2674 11
281 2649 366 2686 pag.
389 2637 483 2678 325.
507 2663 558 2669 —
602 2638 665 2676 Ad
684 2651 755 2675 vo-

108 2704 169 2727 ces
190 2688 256 2729 dia*
275 2689 409 2741 ὄχθων
429 2693 502 2743 (per
517 2696 630 2744 colles)
653 2696 754 2732 conf.

106 2748 175 2795 IX,
213 2748 278 2788 56-
314 2748 366 2788 59
403 2756 439 2786 et
468 2752 577 2788 allata
610 2751 657 2788 ad
691 2753 754 2798 IV,

107 2806 200 2844 201.
258 2805 332 2842 Pro
370 2803 515 2858 χωρίου
542 2814 617 2846 tres
645 2807 755 2847 codd.

807 936 949 992 χώρου.
969 940 1095 992 Atque
1117 940 1205 976 alibi
1214 952 1367 992 quoque
1387 954 1466 990 χω-

809 998 898 1047 ρίον
919 996 965 1034 de
986 998 1069 1034 loco
1092 999 1253 1047 spatioso
1281 995 1464 1045 adhiberi,

808 1061 850 1090 ut
888 1055 936 1101 II,
967 1056 1018 1094 29
1049 1054 1222 1092 observat
1261 1051 1466 1104 Schweig-

809 1109 1027 1147 haeuserus.

1003 1199 1095 1250 cap.
1123 1200 1265 1237 XXVI.

863 1273 992 1330 λόγων
1009 1275 1154 1325 πολλὸς
1167 1275 1367 1329 ὤθισμός]
1377 1278 1464 1317 Vid.

807 1342 900 1371 nott.
931 1334 979 1371 ad
1000 1336 1079 1382 VII,
1101 1336 1196 1376 225.
1239 1335 1349 1381 Quod
1371 1337 1464 1372 olim

807 1392 1004 1440 legebatur
1035 1393 1194 1430 πολλῶν
1223 1392 1263 1427 in
1296 1393 1462 1429 Florent.

809 1460 962 1499 quoque
990 1448 1085 1484 libro
1107 1449 1367 1497 conspicuum,
1390 1448 1465 1485 du-

808 1504 901 1540 dum
925 1505 1087 1540 correxit
1120 1505 1351 1554 VVesseling.
1368 1506 1466 1542 Diss-

809 1559 951 1597 Herod.
978 1562 1034 1596 XI
1055 1573 1142 1610 pag.
1164 1561 1244 1601 205
1277 1574 1466 1612 reponens

810 1614 962 1664 πολλὸς,
983 1624 1026 1654 ut
1044 1618 1143 1665 VIII,
1159 1619 1211 1657 78
1229 1624 1265 1654 et
1283 1625 1384 1655 recte
1402 1619 1466 1654 in-

812 1680 1040 1724 terpretans:
1086 1674 1262 1711 vehemens
1285 1676 1464 1712 verborum

809 1730 1002 1770 altercatio,
1040 1730 1101 1767 Ad
1130 1732 1292 1767 verbum
1317 1730 1466 1770 ἐδικαί-

811 1800 879 1826 ευν
899 1788 999 1828 conf,
1016 1795 1110 1824 nott.
1133 1787 1180 1824 ad
1201 1789 1297 1835 VIII,
1322 1790 1400 1828 126
1427 1794 1465 1824 et

810 1843 858 1879 ad
882 1846 1110 1894 pronomina
1133 1841 1245 1883 αὐτοὶ
1266 1844 1351 1893 (ubi
1371 1845 1464 1880 olim

808 1901 909 1936 male
931 1896 1098 1949 αὐτέων)
1131 1898 1307 1950 ἑκάτεροι
1327 1899 1464 1940 Matth.

810 1957 874 1993 Gr.
888 1957 952 1995 Gr.
976 1959 1012 2001 ξ.
1024 1956 1102 1997 468
1119 1957 1181 1993 fin.
1199 1971 1233 2008 p,
1246 1960 1339 1998 869.
1362 1958 1465 1994 Con-

808 2013 935 2050 ferunt
953 2015 1017 2060 III,
1040 2015 1104 2060 82,
1126 2015 1191 2050 ubi
1219 2010 1340 2060 αὐτὸς
1374 2013 1465 2053 ἕκα-

809 2081 898 2116 στος
932 2077 969 2106 et
1007 2071 1051 2117 V,
1091 2073 1139 2110 13
1180 2067 1277 2109 αὐτοὶ
1311 2069 1466 2109 ἕκαστα.

809 2125 920 2171 Quod
939 2139 1029 2164 vero
1050 2125 1231 2166 Valcken.
1260 2124 1303 2165 τὸ
1334 2125 1466 2177 ἕτερον

806 2181 922 2233 κέρας
953 2197 1021 2234 per
1056 2183 1363 2234 euphemismum
1392 2182 1467 2219 dici

808 2247 915 2290 putat
934 2243 1114 2278 simstrum
1139 2253 1258 2287 cornu,
1291 2241 1338 2276 ob
1370 2240 1466 2276 Plu-

808 2295 928 2333 tarch.
948 2296 1101 2335 Aristid.
1127 2299 1198 2344 12,
1237 2297 1303 2332 ubi
1325 2295 1372 2333 de
1400 2309 1467 2333 ea·-

808 2352 898 2390 dem
928 2352 1198 2405 disceptatione
1226 2354 1324 2389 inter
1342 2352 1467 2390 Athe-

807 2411 955 2448 nienses
995 2418 1031 2448 et
1072 2411 1261 2461 Tegeates
1292 2410 1465 2458 refertur,

808 2468 944 2504 merito
993 2468 1211 2519 obloquitur
1264 2465 1465 2517 Schweig-

809 2523 988 2572 haeuser,
1029 2537 1148 2577 quum
1188 2522 1321 2574 ἕτερον
1348 2522 1466 2575 κέρας

809 2582 1031 2618 utrumlibet
1078 2581 1309 2629 intelligatur
1347 2593 1467 2618 cornu

810 2639 888 2673 sive
925 2637 1117 2674 sinistrum
1161 2638 1239 2673 sive
1274 2636 1467 2678 dextrum.

811 2692 872 2730 Ad
902 2696 1122 2743 proximum
1142 2696 1258 2733 τοῦτο
1286 2692 1359 2746 μὲν
1384 2708 1464 2732 nou

809 2751 979 2802 sequitur
998 2753 1113 2791 τοῦτο
1127 2748 1180 2798 δὲ,
1201 2751 1267 2788 sed
1283 2753 1361 2790 eius
1381 2754 1467 2791 loco

812 2820 893 2858 cap.
922 2810 976 2848 27
1000 2809 1107 2846 initio
1141 2808 1299 2859 legitur:
1335 2805 1468 2861 Ἀθη-

1464 646 1622 675 contentio
1645 648 1725 677 inter

1461 722 1541 759 703

1464 769 1636 800 thenienses
1653 771 1739 801 ‹lelo-
