1839 3292
236 186 321 228 42⁴}
782 181 1162 221 COMMENTATIO

239 310 327 335 rum
346 295 621 335 abundantiam
642 294 835 348 quandam
865 301 903 331 et
922 301 1069 344 gratam
1091 292 1283 345 quandam
1311 294 1584 345 negligentiam
1614 294 1724 346 parit,

239 355 284 392 iis
302 355 522 402 molestam,
553 354 620 405 qui
640 351 877 389 Herodoteae
898 351 1076 387 orationis
1086 357 1261 386 naturam
1281 358 1394 403 atque
1413 351 1585 389 indolem
1604 351 1726 390 haud-

240 423 435 464 quaquam
464 415 750 461 perspexerunt.
807 409 906 444 Nam
935 407 1101 443 multum
1121 407 1246 454 abest,
1275 414 1317 444 ut
1344 406 1433 446 hinc
1454 411 1619 447 remittat
1638 422 1726 446 ora-

240 469 293 506 tio
308 466 537 514 Herodotea,
558 464 638 515 sed,
665 471 708 502 ut
727 464 896 515 Dionysii
917 464 954 513 *)
984 470 1070 500 utar
1102 463 1246 511 verbis,
1289 459 1400 511 ’ὕψος
1435 464 1477 504 δὲ
1516 465 1585 505 καὶ
1628 461 1728 505 κάλ-

241 527 309 571 λος
328 523 396 563 καὶ
421 520 463 562 τὸ
480 519 692 574 λεγόμενον
712 520 820 567 ἰδίως
839 517 1001 571 πλασμα
1031 517 1230 570 ἱστορικόν
1259 516 1468 568 Ἡοόδοτος
1503 521 1590 572 ἔχει.
1647 524 1728 560 Nec

242 582 350 618 aliter
375 578 619 617 statuendum
652 577 699 615 de
721 578 953 615 orationibus
987 577 1193 612 narrationi
1212 575 1315 613 haud
1336 590 1419 614 raro
1440 579 1598 626 insertis,
1629 592 1728 631 quae

240 643 375 688 sponte
395 637 589 687 profluunt
610 649 658 672 ex
678 633 814 671 eodem
834 634 1021 683 scriptoris
1037 632 1174 681 studio,
1197 645 1272 684 quo
1295 635 1421 670 omnia
1440 635 1492 670 ita
1507 642 1669 684 enarrat,
1687 642 1729 673 ut

240 694 311 745 ipsi
331 691 459 730 adesse
479 705 599 744 eaque
613 698 829 743 praesentes
848 691 1041 741 percipere
1061 690 1169 726 nobis
1188 689 1396 728 videamur.
1425 692 1558 742 Itaque
1574 704 1595 728 a
1616 690 1730 728 Thu-

241 749 387 802 cydidis
408 750 637 786 orationibus
653 749 819 785 multum
839 748 986 792 absunt,
1018 754 1179 798 apteque
1201 754 1385 783 vocantur
1405 760 1426 783 a
1446 749 1665 785 Marcellino
1674 746 1729 799 **)

240 807 574 859 προσωποποιΐαι,
604 818 694 843 cum
722 802 998 855 Thucydideae
1017 803 1199 855 Dionysio
1219 805 1293 841 sint
1322 804 1572 855 δημηγορίαι.
1628 806 1732 842 Poe-

241 864 360 901 ticum
393 862 587 915 quendam
613 863 782 900 colorem
806 861 852 897 ab
881 859 1064 896 Herodoti
1100 873 1275 897 sermone
1295 861 1452 897 minime
1473 862 1622 909 abesse,
1670 860 1732 899 vel

241 921 401 958 Homeri
430 920 612 966 imitatio,
645 917 692 955 de
719 930 793 969 qua
819 929 932 967 supra
962 915 1149 964 diximus,
1180 917 1417 968 aliorumque
1446 925 1645 968 poetarum
1669 930 1733 954 ar·-

242 977 345 1028 guit3
375 977 415 1012 in
444 976 580 1027 quibus
598 981 642 1011 ut
675 972 908 1025 Sophoclem
926 972 1000 1022 ***)
1029 974 1178 1009 mittam
1195 1002 1205 1021 ,
1236 972 1470 1024 Aeschylum
1499 981 1598 1012 certe
1619 987 1732 1025 prae-

242 1034 354 1070 terire
375 1046 452 1069 non
474 1033 584 1079 licet,
615 1031 721 1068 cuius
739 1037 797 1067 tot
822 1030 1010 1066 formulae
1038 1042 1081 1066 ac
1109 1030 1319 1066 locutiones
1351 1043 1471 1081 aeque
1494 1031 1733 1081 reperiuntur

242 1090 282 1127 in
302 1088 487 1126 Herodoti
503 1089 606 1125 libris
619 1117 629 1135 ,
661 1094 704 1124 ut
724 1087 842 1123 animi
862 1085 1055 1138 quandam
1074 1085 1392 1123 necessitudinem
1410 1088 1509 1123 inter
1527 1094 1733 1139 utrumque

241 1146 491 1184 intercessisse
519 1143 670 1193 credas3
713 1155 949 1195 quamquam
981 1143 1144 1179 alterum
1169 1156 1218 1179 ex
1247 1143 1363 1179 altero
1394 1141 1559 1181 hausisse
1579 1157 1659 1181 non
1680 1150 1735 1181 est

243 1202 348 1254 quod
369 1212 536 1239 credam.
592 1203 697 1238 Inter
721 1199 927 1237 Herodotei
946 1201 1129 1236 sermonis
1157 1200 1360 1236 imitatores
1388 1201 1591 1252 Dionysius
1621 1200 1736 1238 refert

241 1257 518 1309 Xenoplzontem3
538 1257 586 1309 ἦ)
617 1271 740 1309 eoque
756 1258 871 1294 etiam
891 1256 1097 1292 referamus
1124 1255 1385 1306 Theopompum,
1416 1258 1482 1308 qui
1502 1258 1634 1308 quanti
1655 1259 1734 1293 He-

243 1315 423 1353 rodotum
444 1316 595 1363 fecerit,
624 1315 686 1352 vel
708 1327 756 1351 ex
776 1327 842 1361 ea,
873 1326 988 1365 quam
1011 1313 1173 1349 confecit
1195 1312 1370 1349 historiae
1398 1314 1636 1350 Herodoteae
1653 1315 1737 1364 epi-

242 1378 346 1410 tome
367 1373 526 1422 intelligi
541 1378 665 1422 potest
680 1400 690 1419 ,
722 1383 914 1422 quemque
940 1371 1054 1406 etiam
1074 1371 1112 1406 in
1133 1370 1208 1406 suis
1223 1368 1384 1406 historiis
1410 1371 1556 1420 saepius
1587 1370 1635 1407 ad
1655 1372 1738 1407 He-

243 1428 369 1466 rodoti
397 1427 594 1465 historiam
620 1428 826 1479 respexisse
851 1433 998 1463 certum
1021 1433 1086 1463 est.
1116 1424 1193 1477 ††)
1251 1428 1354 1463 Inter
1369 1427 1586 1464 recentioris
1607 1428 1737 1464 aetatis

242 1487 439 1536 scriptores
460 1484 564 1522 haud
577 1485 654 1522 scio
675 1497 724 1521 an
744 1483 965 1531 Froissarto,
988 1484 1110 1530 Gallo,
1131 1496 1271 1533 magna
1294 1496 1382 1520 cum
1402 1483 1596 1521 Herodoto
1616 1485 1738 1521 inter-

245 1543 396 1580 cesserit
426 1541 656 1590 similitudo,
704 1541 985 1592 simplicitatem
1013 1541 1118 1576 illam
1147 1541 1315 1576 nativam
1357 1547 1394 1577 et
1430 1541 1738 1591 perspicuitatem
1762 1553 1766 1557 ⁴

246 1611 438 1650 omneque
468 1597 620 1635 dicendi
642 1611 761 1648 genus
780 1598 810 1634 si
837 1597 1092 1647 respiciamus.
1150 1597 1237 1632 Alia
1257 1603 1298 1633 ut
1318 1610 1422 1633 nunc
1442 1592 1613 1645 mittam,
1634 1598 1738 1648 legas

243 1654 339 1692 mihi
357 1654 472 1692 modo
493 1656 745 1705 prooemium,
764 1652 820 1690 his
841 1654 963 1691 verbis
984 1659 1236 1703 conceptum:
1285 1653 1399 1700 „Afm
1417 1666 1491 1705 que
1511 1652 1738 1692 honorables

246 1713 426 1763 emprises
448 1718 483 1747 et
501 1712 633 1747 nobles
654 1717 852 1747 aventures
879 1717 915 1746 et
934 1710 1018 1745 faits
1039 1709 1212 1756 d’armes,
1243 1710 1440 1761 lesquelles
1467 1717 1552 1747 sont
1573 1723 1739 1748 avenues

245 1781 314 1820 par
342 1769 394 1805 les
423 1781 576 1818 guerres
599 1766 645 1804 de
672 1769 817 1803 France
846 1773 883 1803 et
909 1765 1172 1815 d’Angleterre
1201 1767 1324 1802 soient
1354 1767 1616 1804 notablement
1635 1768 1738 1818 regi-

245 1825 361 1862 strees
383 1831 418 1860 et
430 1826 540 1861 mises
552 1824 794 1861 enme'moire
814 1823 1058 1873 perpetuelle,
1079 1835 1148 1873 par
1168 1823 1258 1874 quoi
1269 1823 1322 1859 les
1343 1836 1465 1874 preux
1481 1824 1583 1861 aient
1602 1837 1740 1861 exem-

244 1882 308 1933 ple
337 1880 453 1918 d’eux
473 1893 707 1932 encourager
737 1893 785 1917 en
818 1880 905 1917 bien
925 1880 1080 1929 faisant,
1104 1880 1144 1930 je
1164 1892 1267 1919 veux
1283 1881 1410 1918 traiter
1431 1887 1468 1918 et
1481 1879 1658 1918 recorder
1676 1879 1739 1918 hi-

342 2106 378 2150 *)
402 2106 514 2151 Epist.
540 2105 582 2140 ad
607 2106 671 2139 Cn.
696 2102 845 2150 Pompei.
864 2104 909 2139 T.
933 2103 983 2138 VI
1004 2116 1037 2149 p.
1051 2104 1118 2139 779
1141 2102 1195 2137 ed.
1219 2103 1339 2138 Reisk.

342 2176 411 2229 ⁰)
420 2175 487 2209 Vit.
520 2173 712 2230 Thucydid.
739 2175 772 2214 ἓ.
807 2173 870 2207 38:
920 2169 966 2205 δι’
999 2170 1128 2215 ὀλίγων
1152 2170 1222 2215 ’γὰρ
1254 2170 1402 2215 ἐποίησε
1429 2170 1502 2213 (sc.
1528 2170 1737 2217 Herodotus)

249 2219 367 2264 λόγων
384 2233 434 2260 ως
452 2218 754 2264 προσωποποιΐας
771 2219 909 2261 μᾶλλον
927 2214 997 2261 ἤπε
1002 2230 1021 2261 ρ
1042 2218 1275 2261 δημηᾳορίας.
1309 2217 1460 2260 Dionysii
1483 2217 1589 2250 locum
1614 2218 1678 2262 (VI
1703 2230 1740 2263 p.

249 2267 318 2345 {gig
339 2266 455 2298 Reisk.
467 2266 482 2310 )
508 2276 611 2310 supra
633 2266 700 2300 iam
723 2264 834 2298 attuli.
882 2264 933 2298 De
956 2269 1101 2309 utroque
1125 2264 1190 2297 vid.
1217 2264 1377 2297 Cr.euzer
1402 2263 1531 2299 Histor.
1558 2263 1681 2298 Kuust.
1705 2275 1739 2309 p.

340 2323 412 2356 seq.

343 2379 405 2422 ”“)
428 2377 602 2423 Siquidem
619 2376 674 2410 hic
698 2380 799 2419 poeta
822 2387 863 2409 ex
888 2377 1061 2410 Herodoto
1087 2377 1198 2419 potius
1227 2376 1397 2421 ‘quaedam
1425 2376 1574 2410 hausisse
1594 2377 1740 2411 videtur.

251 2424 327 2459 Vid.
356 2424 396 2458 C.
421 2425 602 2458 Hermann.
625 2423 658 2455 in
683 2422 828 2455 Excurs.
853 2423 897 2456 T.
923 2423 955 2456 ΙΙ
981 2436 1010 2466 p.
1035 2424 1112 2456 653.
1137 2424 1202 2456 659
1220 2425 1271 2455 ed.
1298 2429 1402 2457 nostr.
1429 2430 1463 2455 et
1487 2435 1591 2468 supra
1614 2425 1645 2464 §-
1668 2423 1701 2457 5.

253 2539 284 2574 V
343 2493 387 2536 †)
401 2492 526 2572 ἐξῄει.
543 2491 587 2526 ad
612 2490 675 2524 Cn.
700 2489 848 2535 Pompei.
873 2490 917 2524 T.
942 2491 987 2523 VI
1012 2502 1046 2535 p.
1071 2491 1262 2526 777—779.
1281 2491 1372 2524 Vett.
1397 2491 1545 2536 Scriptt.
1568 2490 1669 2525 cens.
1694 2492 1740 2526 T.

307 2551 384 2583 pag.
426 2547 479 2572 ”m

345 2607 412 2649 ᾖ)
437 2606 513 2641 Vid.
537 2605 718 2640 Frommel.
734 2604 770 2638 in
799 2603 1071 2638 Creuz.h1elett.
1095 2603 1146 2637 111
1170 2615 1203 2649 p.
1230 2604 1293 2639 143
1311 2606 1385 2638 coll.
1412 2604 1486 2638 149.
1497 2624 1540 2630 —-
1563 2606 1740 2650 ΕρῙιοιιιπι

254 2651 343 2696 quod
367 2655 440 2685 olim
464 2654 661 2686 statuebant
682 2651 796 2684 itidem
821 2651 980 2683 librorum
1004 2650 1271 2683 Herodoteorum
1290 2651 1519 2694 compendium
1538 2652 1739 2691 exhibuisse,

254 2709 360 2742 prava
383 2699 471 2741 apud
493 2699 631 2732 Suidam
657 2699 700 2741 (s.
726 2709 760 2729 ν.
788 2695 1025 2739 Θεόπομπος)
1052 2696 1319 2740 interpunctione
1343 2697 1375 2729 id
1408 2696 1598 2738 nitebatur
1641 2708 1740 2741 quain

254 2748 360 2823 recttgt
371 2744 657 2822 nunc3constitu1t
672 2743 896 2778 Gaissordius.
944 2742 992 2776 Et
1015 2742 1102 2775 cons.
1127 2754 1262 2787 quoque
1286 2742 1397 2776 Marx.
1423 2742 1466 2776 ad
1492 2743 1625 2788 Ephori
1646 2745 1741 2787 frag-

254 2800 328 2822 men
363 2813 371 2821 .
396 2800 431 2833 p.
477 2795 509 2822 4.
