1839 3292
66 477 166 505 Nares
176 478 226 505 GC
240 487 257 505 a
266 479 337 507 Per-

141 514 337 548 praemis-zac,

65 554 143 579 quac
191 547 340 575 liuline-ani

65 580 339 615 nire-nuvevmepo-

65 614 199 648 timeque
214 614 336 649 Euripn,

66 647 165 676 suanm
211 649 339 676 Grai-eis

65 681 313 710 intercluderent.

399 237 454 275 10

808 234 1269 272 HERODOTI

398 343 704 398 ἐκφεύξεσθαι·
757 345 843 386 ἔδει
879 345 924 386 δὲ
954 343 1062 399 μηδὲ
1096 341 1360 397 πυρφόρον,
1400 348 1460 404 τῷ
1490 346 1667 390 ἐκείνων

307 415 339 459 7
395 410 537 468 λόγῳ,
588 413 840 466 ἐκφυγόντα
878 409 1196 466 περιγενέσθαι.

876 483 964 522 τῶν
994 481 1107 521 νεῶν
1128 477 1332 520 ἁπασέων
1353 476 1670 534 ἀποκρίναντες

393 478 495 526 τάδε
516 479 816 535 ἐμηχανέοντο.

1267 411 1388 465 Πρὸς
1431 420 1569 458 ταῦτα
1609 411 1672 459 ὦν

400 551 635 604 διηκοσίας,
665 547 962 602 περιέπεμπον
994 546 1155 597 ἔξωθεν
1185 545 1406 598 Σκιάθου,
1440 547 1499 598 ὣς
1525 548 1582 592 ἂν
1611 550 1669 605 μή

396 616 595 671 ὀφθέωσι
626 615 711 658 ὑπὸ
747 621 832 658 τῶν
861 615 1082 668 πολεμίων
1112 614 1441 667 περιπλώουσαι
1471 615 1724 670 Εὕβοιαν35

400 683 509 729 κατά
538 701 582 728 τε
604 684 820 740 Καφηρέα
849 683 922 726 καὶ
950 682 1049 736 περὶ
1085 683 1333 738 Γεραιστόν,
1367 683 1410 736 ἐς
1438 685 1515 728 τὸν
1535 682 1672 740 Εὔρι-

344 871 462 910 quare
493 858 556 895 vix
579 870 673 908 opus
705 857 892 907 corrigere
914 854 1005 907 με’λέ

344 919 440 954 λωσι
505 915 566 951 vel
636 912 837 964 μέλλοιεν,
897 912 1002 965 quod

344 970 710 1021 Scliweigliaeusero
754 973 793 1007 in
832 978 1006 1007 mentem

344 1035 511 1075 venerat,
543 1029 608 1079 qui
644 1028 737 1065 haec
766 1029 846 1079 ipsa
877 1029 1004 1065 minus

345 1092 519 1122 accurate
551 1087 602 1122 sic
632 1087 921 1136 interpretatur:
962 1097 1005 1122 ne

345 1165 399 1170 ——
420 1155 491 1179 uox
509 1141 696 1192 fugientes
715 1145 878 1193 reciperet
898 1141 1005 1179 adeo-

344 1212 409 1250 que
438 1199 533 1235 salui
561 1199 621 1235 illa·
654 1200 875 1236 evaderent.“
928 1199 1003 1235 Ubi

344 1257 489 1292 nullam
532 1269 684 1306 prorsus
712 1257 902 1293 rationem
932 1254 1004 1292 ha-

344 1314 425 1349 buit
445 1314 603 1349 voculae
626 1313 766 1364 δῆθεν,
789 1312 836 1349 de
858 1326 932 1364 qna
955 1313 1004 1349 cf.

343 1371 424 1408 citt.
447 1368 494 1405 ad
519 1383 601 1420 cap.
626 1369 665 1410 5.
693 1392 748 1398 -
777 1372 819 1405 In
842 1368 1002 1406 Tauch-

342 1428 433 1466 nitz.
469 1425 555 1463 edit.
587 1428 682 1463 min.
706 1433 848 1463 exstat:
881 1441 1003 1465 κατα·

341 1479 471 1537 λα’βῃ
503 1476 531 1536 ᾗ
553 1481 621 1521 καὶ
653 1482 814 1532 ἔμελλον
845 1498 883 1521 κ.
911 1498 943 1521 τ.
967 1485 1001 1521 λ.

401 1539 479 1578 ἔδει
509 1536 551 1577 δὲ
581 1537 680 1590 μηδὲ
709 1537 922 1591 πυρφόρον
950 1562 997 1568 —

341 1591 570 1647 ἐκφυγόντα
581 1595 879 1649 περιγενέσθαι]
903 1598 1002 1633 Pro-

342 1654 499 1690 verbiali
519 1654 654 1690 Noster
674 1655 791 1690 utitur
809 1655 1002 1691 locutione

342 1709 391 1747 de
411 1711 473 1754 iis,
494 1711 558 1761 qui
580 1709 628 1746 ad
648 1724 769 1747 unum
788 1724 920 1748 omnes
940 1712 1003 1747 in-

342 1767 562 1804 ternecione
589 1775 770 1818 pereunt,
801 1769 852 1804 ita
886 1774 928 1804 ut
954 1781 1004 1804 ne

343 1837 442 1860 unus
474 1823 631 1875 quidem
670 1827 850 1875 supersit,
886 1823 1004 1863 cladis

343 1882 499 1917 nuntius
521 1882 586 1932 qui
607 1881 665 1928 sit,
686 1889 729 1918 ut
751 1881 896 1922 disertis
916 1895 1004 1918 ver-

342 1938 397 1974 bis
416 1937 542 1988 prodit
561 1937 718 1978 Diodor.
745 1940 813 1987 XI,
841 1941 910 1985 23,
937 1939 1005 1975 ubi

340 1993 418 2031 vid.
449 1995 683 2045 WVesseling.
724 1997 783 2032 De
809 1997 890 2046 ipso
910 2009 1004 2046 pro-

341 2052 472 2089 verbio
494 2053 612 2088 citant
626 2051 789 2089 Suidam
805 2066 834 2090 s.
853 2066 889 2089 v.
908 2048 1004 2092 ου’δὲ

340 2103 553 2159 πυρφόρος
572 2110 609 2144 ΙΙ
638 2123 679 2159 p.
707 2111 800 2150 732.
853 2110 1001 2148 Zenob.

340 2165 450 2202 cent.
479 2166 525 2213 V,
547 2164 615 2205 34.
636 2166 800 2216 Diogen.
829 2167 911 2213 Vll,
935 2165 1002 2207 15.

339 2220 472 2259 Schol.
503 2220 551 2258 ad
589 2222 762 2273 Euripid.
803 2221 1001 2265 Plioeniss.

346 2280 449 2318 1386
480 2291 568 2329 pag.
593 2278 667 2319 141
703 2278 838 2316 Valck.
869 2278 1000 2316 Schol.

340 2333 389 2370 ad
406 2335 568 2385 Gregor.
587 2337 767 2375 Nazianz.
790 2337 884 2375 Stel.
905 2338 941 2372 II
961 2350 1001 2387 p.

343 2392 409 2430 92.
447 2392 505 2430 Ac
535 2389 743 2444 πυρφόρος
763 2394 915 2444 proprie
941 2392 1001 2430 di-

343 2448 499 2485 cebatur
526 2449 605 2486 sive
625 2449 801 2487 sacerdos
827 2451 906 2487 sive
925 2450 1002 2487 mi-

344 2503 459 2539 nister
478 2505 625 2555 igmser,
646 2508 714 2558 qui
732 2508 771 2543 iu
795 2507 1002 2557 Spartano-

347 2570 431 2594 rum
445 2561 747 2610 expeditionibus
759 2563 883 2599 facem
893 2577 1002 2603 exer-

346 2615 434 2650 citui
447 2619 692 2668 praeferebat,
708 2633 859 2657 sacrum
869 2620 1002 2670 ignem

346 2683 477 2708 secum
514 2677 683 2722 gestabat
722 2677 879 2728 ipseque
911 2676 1001 2714 inde

346 2736 604 2766 sacrosanctus
643 2730 864 2773 habebatur.
928 2734 1002 2779 Qui

347 2782 438 2820 inde
459 2786 489 2821 si
510 2787 756 2837 occubuisset,
785 2803 918 2828 omnes
939 2803 1003 2827 re·-

345 2840 485 2893 liquos,
514 2842 566 2879 ita
592 2850 635 2880 ut
661 2857 710 2881 ue
738 2848 892 2885 nuntius
913 2847 1002 2900 qui-

1063 856 1153 894 dem
1168 858 1392 895 calamitatis
1407 865 1631 908 superesset,
1654 859 1725 896 ob-

1062 916 1146 951 iisse
1176 914 1366 952 dicebant.
1419 915 1505 954 Vid.
1540 915 1725 966 Xenoph.

1060 974 1119 1009 De
1140 973 1286 1023 republ.
1307 971 1447 1009 Laced.
1470 974 1564 1008 XIII
1586 974 1621 1018 §.
1640 976 1680 1013 2.
1697 975 1721 1012 3

1062 1030 1149 1067 coll.
1180 1031 1306 1070 stum,
1337 1031 1434 1067 Lex.
1469 1028 1723 1080 Xenophont.

1061 1087 1115 1122 ΙΙΙ
1145 1100 1233 1138 pag·
1262 1089 1360 1127 766.
1401 1086 1504 1124 Scite
1534 1087 1726 1138 proverbii

1062 1145 1142 1180 vim
1201 1144 1404 1180 vernacule
1453 1144 1506 1180 sic
1559 1142 1725 1180 reddidit

1061 1202 1215 1251 Lange:
1262 1213 1322 1248 „es
1347 1201 1447 1237 sollte
1474 1200 1565 1237 auch
1593 1200 1727 1239 keine

1062 1256 1110 1295 M
1120 1271 1200 1294 aus
1221 1256 1526 1294 davonkommenst

1285 1314 1378 1364 Cap.
1410 1313 1491 1350 VII.

1118 1368 1269 1417 ἔξωθεν
1302 1366 1509 1418 Σκιάθου]
1560 1370 1619 1406 De
1649 1367 1723 1407 hac

1058 1427 1181 1464 insula
1203 1426 1280 1464 vid.
1301 1434 1397 1463 nott.
1419 1426 1468 1463 ad
1487 1427 1568 1474 Vll,
1593 1428 1687 1466 176.

1116 1480 1217 1522 κατά
1248 1498 1288 1522 τε
1318 1483 1516 1535 Καφηρέα
1546 1481 1614 1522 καὶ
1634 1481 1726 1533 περὶ

1060 1537 1296 1590 Γεραιστὸν]
1351 1540 1445 1577 Sine
1483 1541 1580 1576 iusta
1611 1552 1724 1577 causa

1060 1596 1311 1643 Schaeferus‚
1355 1609 1472 1649 quem
1509 1594 1645 1634 Matth.
1687 1603 1724 1634 et

1058 1653 1188 1690 Bekk.
1209 1655 1328 1691 secuti
1342 1661 1442 1701 sunt,
1465 1652 1605 1691 delevit
1619 1651 1724 1703 περὶ,

1061 1710 1166 1763 quod
1208 1724 1341 1748 omnes
1379 1710 1490 1748 codd.
1543 1711 1723 1747 retinent.

1065 1768 1272 1818 Caplcareus
1310 1767 1506 1805 dicebatur
1535 1780 1724 1818 promou-

1060 1827 1203 1862 torium
1238 1826 1410 1862 maxime
1444 1826 1723 1875 importunum,

1061 1881 1111 1918 ad
1138 1881 1243 1934 quod
1272 1882 1364 1919 olim
1392 1881 1534 1918 fecerat
1563 1881 1724 1917 naufra-

1060 1940 1169 1989 gium
1191 1940 1425 1976 Graecorum
1456 1939 1581 1976 classis
1602 1936 1723 1974 Troia

1060 2003 1265 2043 revertens,
1286 1997 1325 2033 in
1338 1996 1521 2033 Euboeae
1538 1993 1724 2032 meridio-

1060 2054 1156 2090 nalis
1177 2054 1282 2104 apice
1294 2054 1410 2090 situm
1431 2066 1452 2089 e
1472 2053 1630 2103 regione
1641 2052 1722 2087 An-

1061 2108 1119 2147 dri
1148 2111 1305 2149 insulae.
1343 2112 1456 2147 Nunc
1488 2109 1609 2145 fertur
1636 2108 1723 2145 loco

1058 2179 1204 2203 nomen
1236 2161 1468 2218 ξυλοφᾶγον
1498 2166 1542 2213 (i.
1566 2179 1599 2202 e.
1619 2164 1724 2213 ligna

1059 2222 1244 2274 devorans)
1267 2225 1332 2260 vel
1353 2223 1450 2273 capo
1475 2222 1600 2261 d'Om.
1635 2223 1723 2258 Non

1057 2283 1226 2318 multum
1244 2279 1336 2317 hinc
1357 2279 1518 2317 distabat
1533 2280 1723 2327 Geraestus

1059 2344 1099 2374 et
1127 2338 1286 2374 urbs'et
1317 2344 1460 2388 portus,
1505 2337 1612 2373 cuius
1643 2335 1723 2372 iam

1059 2394 1162 2445 apud
1184 2396 1399 2434 Homerum
1419 2394 1566 2430 mentio
1587 2390 1720 2442 Odyss-

1059 2453 1125 2499 111,
1146 2454 1240 2492 177.
1291 2452 1357 2488 Tu
1385 2449 1466 2487 vid.
1496 2446 1719 2499 Thucydid.

1058 2509 1125 2556 111,
1139 2511 1163 2548 3
1184 2508 1278 2559 ibiq.
1293 2509 1433 2545 Wasse
1455 2512 1491 2542 et
1509 2507 1643 2556 Poppo
1668 2505 1720 2542 T.

1058 2566 1089 2606 Ι.
1110 2568 1137 2606 2
1157 2577 1244 2614 pag.
1265 2566 1360 2605 270.
1403 2560 1541 2600 Adhuc
1561 2567 1720 2600 vocatur

1060 2622 1206 2663 Gere'sto
1224 2634 1253 2657 s.
1282 2619 1416 2658 Casiri.
1472 2631 1479 2639 ·

1114 2679 1173 2714 De
1189 2676 1331 2727 Euripo
1346 2675 1449 2714 conf.
1463 2682 1562 2713 nott.
1576 2673 1626 2712 ad
1637 2675 1717 2721 VH,

1063 2736 1156 2774 173.
1195 2755 1252 2760 —
1310 2734 1354 2769 In
1398 2733 1475 2770 fine
1515 2745 1599 2783 cap.
1629 2737 1718 2768 ante

1060 2785 1239 2840 α’ριθμόν
1251 2790 1408 2840 quidam
1424 2788 1538 2830 codd.
1551 2787 1717 2827 offerunt

1057 2843 1144 2896 τόν,
1173 2853 1216 2883 ut
1234 2846 1315 2896 vn,
1336 2846 1404 2890 59.
