1839 3292
402 165 488 205 288
805 164 1265 202 HERODOTI

271 274 339 323 53

67 342 173 370 dextra
205 341 312 374 (Lace-

67 376 218 404 daemonii
244 384 311 404 cum

66 410 225 451 Tegeatis)
250 414 281 437 et
303 410 344 437 si-

398 273 487 316 Καὶ
517 273 561 316 οἱ
588 272 668 328 μὲν
696 273 792 326 περὶ
812 271 861 316 τὸ
878 273 1060 327 ”Ηραῖον
1078 273 1515 326 ἐστρατοπεδεύοντο·
1549 278 1667 319 Παυ·
1678 282 1722 317 35

402 342 554 397 σανίης
595 341 662 392 δὲ,
700 340 840 393 ὁρέων
877 340 1012 395 σφέας
1050 339 1463 397 ἀπαλλασσομένους
1503 344 1549 386 ἐκ
1589 347 1668 388 τοῦ

66 444 344 476 nistmfflhenien
401 408 716 464 στρατοπέδου,
745 406 1010 464 παρήγγελλε
1041 408 1114 451 καὶ
1141 411 1255 450 τοῖσι
1271 411 1668 466 Λακεδαιμονίοισι,

66 481 204 547 {ffirg’ff
219 481 344 539 1033
403 473 702 530 αναλαβόντας
730 492 783 518 τα
815 474 927 519 ὅπλα
957 476 1066 519 ἰέναι
1094 492 1204 519 κατα
1242 473 1345 525 τούς
1376 475 1534 529 α’λλους
1563 478 1668 530 τοὺς

66 545 348 613 ῑζζῗῗὲῦςῐξὲᾒξᾞξξ
402 541 662 596 προϊόντας·
699 545 882 599 νομίσας
912 543 1073 594 αὐτούς
1103 544 1146 594 ές
1174 541 1253 585 τὸν
1281 547 1428 598 χῶρον
1456 545 1587 596 ἰέναι,
1625 546 1668 597 ἐς

66 587 212 653 Barbat‘ffi
238 613 346 652 fuges?
375 612 482 654 Ξτὸν
511 610 822 667 συνεθήκαντο.
880 609 1099 654 Ἐνθαῦτα
1128 612 1170 654 οἱ
1197 611 1275 665 μὲν
1300 610 1425 654 α’λλοι
1453 612 1595 666 ἄρτιοι
1622 607 1666 668 ἦ·
1679 616 1725 653 4ο

401 691 485 722 σαν
513 683 603 722 τῶν
631 677 894 734 ταξιαρχέων
915 679 1145 720 πείθεσθαι
1168 681 1428 735 Παυσανίῃ·
1452 677 1669 735 Ἀμομφοὶ-

66 647 296 709 ἷμὲιῗὲὲῗὲῗω
307 654 346 673 ⁸¹

88 690 98 710 l
240 700 249 715 ν

401 763 523 803 ρετος
553 747 598 790 δὲ
620 746 643 790 ὁ
669 748 896 790 Πολιάδεω
911 778 923 798 ,
952 747 1171 802 λοχηγέων
1199 750 1279 790 τοῦ
1299 748 1577 804 Πιτανητέων
1597 746 1670 792 λό-

343 925 424 948 esse
448 911 546 948 inter
570 909 759 949 τίθεσθαι
778 905 826 947 τοὶ
848 904 949 948 ’ὅπλα
975 915 1012 946 et

342 969 442 1005 inter
463 965 870 1018 στρατοπεδεύεσθαι,
904 964 1009 1015 quod

345 1037 547 1076 perperam
587 1023 692 1060 idem
735 1035 814 1059 esse
851 1021 1009 1073 quidam

345 1087 570 1118 statuerunt.
630 1077 709 1117 Sed
735 1079 816 1129 ipsa
845 1079 917 1115 viri
938 1077 1010 1114 do-

346 1138 501 1174 ctissimi
542 1136 658 1174 verba
699 1134 912 1172 adscribere
946 1135 1010 1170 iu-

345 1201 431 1232 vat:
464 1195 622 1242 „Prima
642 1192 680 1229 di
706 1193 808 1243 porsi
827 1205 849 1228 a
871 1204 1007 1242 campo

344 1251 499 1288 intorno
514 1251 550 1287 al
565 1250 708 1301 tempio
727 1248 1009 1286 soffermaronsi

347 1306 388 1345 di
419 1309 612 1344 rincontro
629 1319 651 1343 a
677 1307 820 1356 tempio
845 1306 931 1342 coll’
951 1318 1010 1341 ar-

345 1365 402 1401 mi
426 1378 448 1401 a
481 1371 580 1401 terra
614 1376 682 1414 per
714 1362 966 1399 determinare
987 1375 1008 1398 a

347 1422 438 1474 qual
473 1422 611 1472 partito
642 1420 849 1470 appigliare
879 1421 910 1456 si
937 1418 1009 1455 do-

346 1491 514 1526 vesser03
546 1476 680 1529 quindi
704 1475 894 1513 essendosi
915 1488 1011 1512 con-

347 1535 486 1585 sigliati
512 1533 551 1571 di
577 1534 829 1583 accamparsi,
857 1531 1010 1569 diedero

347 1592 386 1629 le
431 1597 645 1642 opportune
687 1589 950 1641 disposizionit,
991 1602 1011 1624 e

347 1648 570 1685 finalmente
615 1647 803 1697 ripigliate
842 1647 878 1682 le
904 1646 1013 1694 armi,

348 1703 553 1742 andaronsi
578 1717 599 1740 a
629 1717 740 1754 porre
764 1704 867 1753 negli
895 1703 1013 1752 allog-

350 1762 535 1813 giamenti
563 1761 716 1798 intorno
757 1761 794 1796 al
827 1760 1013 1811 templo-‘⁶

569 1850 660 1902 Cap.
689 1851 792 1892 LIII,

406 1926 664 1983 παρήγγελλε]
688 1931 744 1967 Ita
756 1942 844 1967 cum
855 1935 1014 1966 recentt.

351 1986 510 2024 exhibui
539 2001 559 2024 e
577 1989 741 2025 Florent.
766 1995 803 2024 et
824 1986 1015 2024 Sancrofti

347 2045 446 2082 libro
459 2057 527 2096 pro
542 2045 647 2095 vulg,
660 2041 891 2096 παρήγγελε,
908 2042 1014 2094 quod

349 2115 440 2139 cum
483 2100 691 2139 Schaefero
731 2109 858 2138 tuetur
897 2101 1012 2136 Butt-

348 2172 481 2195 mann.
523 2159 588 2195 Gr.
625 2159 717 2195 mai.
753 2160 788 2195 ΙΙ
828 2169 914 2208 pag.
944 2158 1010 2205 62,

348 2215 620 2266 imperfectum
645 2214 734 2252 huic
751 2216 836 2252 loco
868 2226 1012 2250 conve-

350 2274 433 2309 nire
453 2284 608 2322 negans.
633 2294 678 2299 —
700 2274 744 2307 In
766 2284 872 2322 seqq.
895 2270 1012 2307 verba

352 2328 456 2368 ἰέναι
476 2325 575 2366 nocto?
601 2325 694 2374 τούς
714 2325 878 2375 ἄλλους,
919 2323 1012 2372 τοὺς

350 2381 565 2433 προϊόντας
574 2386 716 2435 accipio
728 2397 738 2422 z
750 2384 865 2422 eadem
874 2395 1017 2433 progre-

356 2441 463 2479 clima
469 2442 563 2492 ‚qud
584 2442 711 2492 reliqui
720 2443 932 2492 praezerant.
948 2440 1016 2476 At-

354 2512 427 2549 que
440 2500 490 2535 ita
499 2500 729 2567 ⁷quoquelll,
742 2498 767 2538 4
782 2493 1016 2543 αποστείλας

353 2550 435 2593 κατ’
457 2572 479 2593 c
469 2552 591 2602 ὕτὸν,
607 2555 709 2607 quod
729 2553 908 2605 equidem
923 2554 1017 2589 sim-

353 2612 498 2661 pliciter
511 2613 701 2649 intellexi
719 2612 766 2649 acl
786 2612 887 2649 illum
908 2612 1014 2657 mz··‚s2t

352 2668 511 2717 intelligi
536 2670 616 2706 vult
636 2638 1014 2719 Schweighaeuser.:²

353 2726 450 2760 misit
477 2726 595 2762 eadem
634 2726 716 2772 vici,
755 2726 827 2776 qud
856 2724 917 2762 ille
944 2726 1013 2760 iter

353 2780 553 2830 direxerat,
584 2789 620 2819 et
648 2785 692 2831 Ι,
728 2784 781 2823 84
807 2783 876 2820 fin.
929 2781 1010 2817 Ne—

1066 921 1142 961 que
1155 907 1230 947 huc
1249 922 1328 947 non
1348 911 1552 961 pertinebit
1564 911 1632 959 lX,
1650 913 1725 952 66:

1065 963 1163 1005 κατοέ
1183 962 1307 1006 τῶυτό
1336 966 1450 1007 ἰέναι.
1479 990 1535 994 -
1574 967 1636 1005 Ad
1662 980 1728 1004 ac-

1066 1024 1279 1060 cusativum
1329 1019 1618 1076 εἷναλαβόντες,
1661 1025 1728 1060 ubi

1065 1079 1328 1129 praegreditur
1352 1079 1498 1118 dativus
1514 1085 1619 1120 τοῖσι
1640 1086 1729 1119 Λα-

1064 1136 1353 1185 κεδαιμονίοισι
1377 1137 1478 1173 conf.
1505 1136 1640 1174 Matth.
1661 1139 1728 1174 Gr.

1065 1193 1133 1229 Gr.
1161 1194 1196 1238 ξ.
1215 1193 1292 1233 581
1319 1205 1406 1243 pag.
1431 1192 1550 1233 1054.
1569 1215 1626 1221 —
1666 1193 1729 1230 Ad

1064 1262 1202 1286 vocem
1246 1246 1376 1300 ἄρτιοι
1412 1249 1513 1288 conf.
1549 1251 1627 1298 IX,
1659 1253 1728 1292 27.

1064 1308 1122 1342 De
1147 1305 1414 1355 Amompltczreto
1443 1306 1531 1343 vide
1558 1308 1606 1344 sis
1632 1308 1728 1344 Plu-

1065 1361 1241 1400 tarchum
1271 1364 1311 1398 in
1331 1362 1482 1401 Aristid.
1523 1377 1583 1415 cp.
1607 1366 1658 1404 17
1689 1377 1724 1414 Ρ.

1067 1421 1148 1460 308
1179 1421 1225 1458 E.
1252 1420 1303 1455 ita
1335 1421 1588 1458 scribentem:
1622 1415 1727 1473 οἷνηρ

1066 1469 1291 1526 θυμοειδης
1327 1476 1394 1515 καὶ
1430 1477 1727 1526 φιλοκίνδυνος,

1067 1531 1232 1572 ἔκπαλαι
1253 1548 1353 1582 προς
1368 1529 1442 1584 τὴν
1456 1531 1586 1584 μα’χην
1604 1546 1730 1584 σπαρ-

1067 1591 1173 1641 γῶν,
1199 1584 1271 1628 οὐκ
1293 1588 1370 1640 ἔφη
1392 1591 1547 1641 λείψειν
1568 1605 1641 1641 την
1661 1585 1730 1628 τᾶ-

1070 1648 1155 1694 ξιν,
1188 1641 1267 1684 ἀλλ’
1289 1642 1437 1685 αι’τόθι
1474 1646 1604 1697 μένων
1633 1643 1729 1697 μετοῖ

1069 1705 1149 1741 τῶν
1182 1701 1328 1741 εαυτοῦ
1353 1705 1518 1753 λοχιτῶν
1548 1698 1731 1754 ὐποστή-

1071 1763 1215 1799 σεσθαι
1232 1756 1489 1811 ΒἸαρὸόνιον.

1126 1815 1326 1867 λοχηγέων
1363 1818 1436 1855 τοῦ
1470 1812 1729 1866 Πιτανητέων

1070 1867 1203 1922 λόχου]
1223 1871 1421 1924 λογηγέων
1435 1874 1604 1924 plerique
1617 1871 1729 1909 codd.

1069 1931 1131 1966 Ex
1150 1929 1292 1966 Aldina
1308 1931 1470 1966 finxerat
1490 1928 1729 1981 λοχηγετέων

1071 1999 1093 2022 a
1115 1987 1231 2023 verbo
1262 1989 1507 2038 λοχηγετεῖν,
1539 1984 1642 2038 quod
1677 1987 1730 2022 si-

1070 2043 1152 2079 mili
1183 2042 1300 2080 modo
1331 2045 1539 2080 formatum
1575 2049 1731 2094 apparet

1069 2107 1182 2151 atque
1207 2095 1452 2152 ἅρχηγετεῖν,
1485 2102 1728 2150 κυνηγετεῖν,

1067 2157 1323 2207 ποδηγετεῐν,
1356 2158 1428 2193 alia
1450 2155 1487 2192 id
1503 2168 1638 2205 genus.
1678 2156 1731 2192 At

1068 2226 1182 2263 supra
1215 2214 1293 2259 IX,
1325 2216 1375 2253 21
1420 2215 1622 2264 λοχηγεῖντ
1668 2212 1731 2248 cui

1067 2270 1184 2307 verbo
1229 2268 1333 2321 quod
1377 2267 1417 2305 h.
1460 2270 1487 2309 l.
1527 2267 1731 2305 adstruitur

1072 2327 1260 2376 genitivus
1290 2322 1431 2375 λόχου,
1457 2338 1535 2362 non
1557 2324 1729 2370 offendit,

1072 2384 1254 2420 similium
1279 2384 1482 2419 verborum
1504 2389 1731 2419 structuram

1072 2440 1102 2476 si
1134 2440 1387 2490 respiciamus.
1446 2441 1523 2475 Pro
1551 2441 1732 2489 Πιτανη-

1071 2495 1189 2541 τέων,
1221 2497 1324 2547 quod
1339 2511 1359 2533 e
1381 2496 1517 2532 Koenii
1537 2496 1732 2532 coniectu-

1071 2565 1113 2588 ra
1130 2552 1177 2589 ad
1190 2554 1348 2603 Gregor.
1371 2554 1457 2592 Cor,
1473 2551 1521 2589 de
1545 2551 1633 2589 dial.
1646 2553 1730 2588 Ion.

1072 2611 1108 2654 ξ.
1131 2611 1154 2649 6
1185 2623 1273 2659 pag.
1301 2609 1380 2650 384
1409 2609 1551 2659 recepit
1573 2607 1732 2645 Bekke-

1069 2679 1131 2702 rus
1156 2663 1409 2717 Πιτανήτεω,
1441 2679 1486 2703 eo
1510 2665 1611 2702 haud
1636 2677 1729 2714 opus

1067 2721 1218 2759 videtur
1244 2724 1346 2760 libris
1371 2724 1510 2760 invitis.
1569 2720 1669 2767 Quid
1689 2733 1730 2756 e-

1066 2780 1150 2816 nim
1179 2779 1325 2830 diflert,
1363 2782 1629 2817 Pitanatarum
1666 2789 1730 2815 co·-
