1839 3292
44 284 97 310 tae
113 282 155 311 fil.
175 283 286 324 [5‚19.]

45 325 322 379 ἓῗιᾙῃὲξίἐᾞῖἓὲἶ

44 392 100 411 nas
119 384 217 411 mittit.
241 385 322 412 Alex-

44 417 131 445 andri
149 426 214 445 cum
233 418 304 445 Per-

44 451 85 478 sis
104 451 290 480 necessitudo

47 484 171 521 [5,21.].

375 177 458 217 188

743 174 1206 213 HERODOTI

377 301 458 335 νας
500 283 777 338 Ἀλέξανδρον
812 282 890 326 τόν
925 281 1160 337 Ἀμύντεω,
1197 281 1336 336 ἄνδρα
1365 278 1604 325 Μακεδόνα

381 351 470 407 ἅμα
498 352 575 407 μὲν
592 351 658 393 ὅτι
686 352 730 392 οἵ
748 348 1009 404 προσκηδέες
1038 352 1080 393 οἱ
1103 348 1269 402 Πέρσαι
1290 347 1414 406 ἦσαν·
1439 346 1684 400 Ἀλεξάν-7ο

374 421 484 473 δρου
516 419 596 472 γάρ
619 417 834 472 ἀδελφεὴν
851 419 1065 472 Γυγαίην,
1092 415 1302 471 Ἀμύντεω
1327 417 1373 459 δὲ
1392 416 1627 471 θυγατέρα,

378 484 610 540 Βουβάρης
648 482 759 540 οἶνήρ
802 484 971 539 Πέρσης
1007 484 1123 539 ἔσχε,
1163 484 1209 527 ἐκ
1245 487 1322 539 τῆς
1356 484 1400 526 οἱ
1437 482 1627 539 ἐγεγόνεε

369 553 576 607 Ἀμύντης
607 551 630 594 ὁ
661 551 708 594 ἐν
741 556 793 608 τῇ
827 550 968 608 Ἀσίῃ,
1008 553 1114 607 ἔχων
1143 552 1190 595 τὸ
1244 551 1412 605 οὕνομα
1441 554 1520 593 τοῦ
1549 567 1629 606 μη-

375 619 664 673 τροπάτορος·
696 622 757 674 τῷ
790 619 841 675 δὴ
871 619 917 662 ἐκ
946 619 1144 674 βασιλέος
1173 623 1247 674 τῆς
1283 618 1476 673 Φρυγίης
1496 614 1630 670 ἐδόθη

370 687 612 742 Ἀλάβανδα
644 686 767 737 πόλις
803 687 963 743 μεγάλη
991 687 1217 742 νέμεσθαι·
1248 686 1337 741 ἅμα
1369 686 1414 727 δὲ
1445 681 1468 727 ὁ
1502 686 1628 737 Μαρ-
1641 686 1686 722 75

380 754 541 806 δόνιος,
581 753 832 809 πυθόμενος
862 753 928 798 ὅτι
944 754 1148 808 πρόξενός
1178 771 1221 797 τε
1252 756 1316 809 εἴη
1348 752 1420 797 καὶ
1454 750 1629 806 εὐεργέ-

348 830 453 878 Ξτης
485 820 508 864 ὁ
545 820 847 876 Ἀλέξανδρος,
885 821 1056 876 ἔπεμπε.

1115 821 1219 872 τούς
1257 822 1340 877 γὰρ
1365 820 1632 875 Ἀθηναίους

380 889 493 934 οὕτω
524 886 666 931 ἐδόκεε
695 888 877 942 μάλιστα
907 888 1274 944 προσκτήσεσθαι,
1313 887 1424 931 λεών
1453 903 1497 930 τε
1530 891 1632 930 πολ·
1666 932 1667 935 Ἴ

376 957 457 1002 adv
501 955 586 1008 ἄρα
645 955 821 999 ἀκούων
864 955 974 999 εἶναι
1014 957 1086 999 καὶ
1125 956 1331 1011 ἄλκιμον·

1383 953 1435 997 τά
1475 970 1519 997 τε
1561 971 1632 996 κα-

379 1025 432 1068 zoe
462 1023 539 1078 τήν
571 1024 800 1066 θάλασσαν
831 1022 1098 1078 συντυχόντα
1128 1036 1207 1077 σφι
1223 1021 1459 1079 παθήματα
1489 1028 1689 1073 κατερ-80

352 1090 659 1148 3γασαμένους
687 1088 872 1146 μάλιστα
897 1088 1158 1146 Ἀθηναίους
1189 1090 1403 1134 ἐπίστατο.

377 1284 873 1341 Ἀλάβανδα-νέμεσθαι]
891 1284 978 1327 Vid.

321 1347 404 1394 VII,
429 1347 507 1386 195
535 1348 663 1398 ibique
693 1351 787 1380 nott.
812 1341 978 1393 Stepha-

323 1416 395 1440 nus
429 1404 524 1453 Byz·
548 1417 586 1452 p.
608 1404 660 1443 87
704 1399 765 1437 hic
791 1401 978 1436 invenisse

323 1459 473 1497 videtur
489 1454 750 1508 Ἀλάβαστρας
766 1469 862 1508 quae
883 1454 979 1491 mihi

320 1522 453 1565 lgnota
474 1522 527 1551 est
547 1516 648 1552 urbs.
679 1534 734 1540 —
774 1515 830 1549 De
860 1513 976 1549 verbo

321 1570 515 1623 νέμεσθαι
535 1570 613 1608 vid.
625 1576 721 1606 nott.
729 1568 777 1605 ad
796 1570 862 1615 ΙΙΙ,
887 1571 978 1609 160.

380 1624 439 1668 ότι
456 1623 646 1677 πρόξενός
673 1639 713 1664 τε
744 1625 803 1675 εἴη
828 1623 895 1663 καὶ
916 1620 980 1662 εὕ-

321 1682 501 1736 εργὲτης]
536 1685 635 1720 011111
662 1681 718 1718 his
750 1679 979 1719 conferenda

321 1747 422 1788 sunt,
455 1753 551 1791 quae
580 1740 678 1785 VIII,
714 1737 790 1778 143
819 1744 978 1776 exstant.

321 1798 423 1833 Hinc
452 1798 554 1832 enim
573 1794 791 1832 Alexander
808 1795 905 1846 ⁷qui
924 1795 980 1829 A-

321 1852 578 1890 theniensium
605 1847 790 1903 πρόξενος
816 1850 883 1889 καὶ
912 1845 981 1889 εὕ-

324 1908 480 1961 εργὲτης
509 1911 587 1946 sive
609 1909 724 1958 φίλος
753 1914 842 1953 erat,
865 1907 981 1957 aptis-

322 1967 439 2003 simus
472 1965 672 2002 Mardonio
703 1963 901 2001 videbatur
933 1962 981 1999 ad

322 2021 444 2059 hoece
471 2023 667 2072 legationis
699 2021 879 2058 officium.
924 2021 980 2056 Ac

323 2075 524 2129 πρόξενοι,
546 2086 587 2115 ut
608 2076 869 2114 Valckenaerii
898 2083 982 2112 utar

323 2136 446 2171 verbis
477 2133 758 2171 Animadverss.
800 2133 848 2170 ad
884 2133 982 2168 Am-

322 2205 427 2230 mon.
450 2193 514 2237 111,
542 2195 589 2231 10
610 2205 644 2241 p.
667 2193 743 2230 201
764 2220 773 2238 ‚
809 2189 981 2226 homines

324 2247 548 2284 dicebantur
583 2248 741 2297 privati,
777 2247 912 2297 quibus
941 2247 981 2281 in

323 2305 444 2355 patria
475 2304 565 2339 urbe
580 2303 802 2353 degentibus
824 2301 982 2338 honori-

324 2360 443 2397 ficum
469 2359 619 2409 hospitii
649 2361 705 2395 ius
726 2372 814 2395 cum
835 2359 905 2394 alia
926 2359 981 2394 ci-

324 2418 440 2453 vitate
469 2417 669 2467 publicitus
700 2415 978 2451 intercedebat·

324 2471 383 2509 his
411 2472 451 2509 id
482 2474 650 2508 muneris
680 2479 758 2508 erat
778 2472 979 2521 praecipue

324 2529 550 2577 iniunctum,
573 2536 614 2565 ut
639 2527 769 2564 sedulo
791 2529 982 2578 prospice-

326 2593 421 2632 rent,
443 2600 491 2621 ne
513 2585 604 2637 quid
625 2586 775 2635 publica
803 2585 905 2621 istius
927 2585 982 2620 ci-

325 2642 448 2678 vitatis
482 2656 538 2678 res
559 2655 581 2678 3
611 2643 753 2678 civibus
773 2641 848 2677 suis
869 2654 982 2690 cape-

324 2704 382 2734 ret
422 2696 664 2745 detrimenti3
702 2699 846 2748 legatos
879 2698 982 2733 illinc

325 2754 521 2793 venientes
550 2753 712 2805 hospitio
749 2755 982 2806 exciperent,

1464 1087 1634 1133 τούτων

1037 1284 1084 1322 ad
1105 1284 1291 1336 populum
1322 1281 1553 1320 deducerent
1572 1287 1690 1333 utque

1034 1344 1078 1379 iis
1127 1343 1224 1378 bene
1274 1347 1369 1376 esset
1427 1345 1691 1390 procurarent.

1035 1400 1101 1436 Tu
1139 1397 1216 1438 vid,
1256 1398 1368 1433 etiam
1407 1395 1589 1434 Herodot.
1621 1395 1690 1442 IX,

1035 1454 1103 1495 43.
1139 1454 1206 1494 85.
1236 1454 1297 1499 VI,
1330 1454 1394 1500 57,
1433 1454 1562 1504 ibique.
1594 1457 1691 1490 nott.

1037 1518 1074 1547 et
1105 1509 1192 1547 add.
1217 1508 1373 1546 Ullrich.
1423 1511 1481 1545 De
1507 1509 1692 1559 proxenia

1036 1565 1390 1616 (Berolin.1832)
1420 1578 1508 1616 pag.
1529 1568 1584 1605 22
1611 1577 1691 1616 seq.

1037 1624 1088 1663 43
1111 1637 1189 1675 seq.
1211 1622 1276 1669 51,
1312 1621 1414 1658 unde
1434 1621 1508 1659 hoc
1538 1633 1692 1672 quoque

1037 1679 1225 1726 discimus,
1265 1678 1478 1729 προξενίαν
1518 1684 1555 1714 et
1585 1673 1692 1728 εὔερ-

1035 1737 1171 1788 γεσίαν
1200 1734 1304 1771 haud
1334 1747 1416 1771 raro
1448 1734 1692 1771 coniunctam

1036 1794 1203 1843 reperiri,
1248 1793 1288 1827 in
1317 1793 1492 1841 praemiis
1513 1802 1691 1826 numera-

1036 1856 1116 1886 tam
1147 1855 1211 1885 aut
1236 1847 1442 1885 honoribus
1472 1848 1621 1898 publice
1651 1847 1693 1882 in

1038 1907 1205 1957 aliquem
1236 1905 1392 1941 collatis.
1452 1906 1564 1940 Hunc
1589 1903 1693 1939 enim

1037 1970 1242 2013 utrumque
1276 1960 1462 1998 honorem
1484 1959 1692 1998 concedere

1037 2020 1208 2055 solebant
1232 2018 1397 2054 civitates
1417 2018 1478 2054 vel
1508 2016 1693 2053 beneficia

1038 2077 1115 2112 sive
1148 2088 1307 2111 munera
1328 2082 1481 2124 accepta
1500 2081 1542 2110 ut
1562 2085 1692 2109 remu-

1038 2139 1260 2167 nei-arentur
1275 2132 1332 2167 vel
1343 2131 1693 2181 potentissimorum

1037 2189 1255 2239 principum
1275 2188 1436 2237 gratiam
1456 2193 1496 2222 ut
1523 2197 1693 2235 aucupa-

1037 2251 1181 2280 rentur.
1238 2242 1347 2279 Unde
1368 2256 1446 2279 11011
1467 2243 1620 2289 mirum,
1636 2243 1693 2277 A-

1037 2299 1265 2337 lexandrum
1310 2298 1370 2336 hic
1409 2299 1520 2336 simul
1566 2298 1694 2335 vocari

1037 2353 1233 2409 πρόξενον
1254 2363 1367 2424 etque
1391 2351 1606 2404 εὐεργέτην.

1094 2428 1187 2459 τους
1217 2428 1291 2464 γαρ
1315 2409 1554 2461 Ἀθηναίους
1591 2406 1694 2450 ου’τω

1038 2465 1216 2509 ε’δόκεεκ.
1236 2484 1267 2507 τ.
1290 2467 1353 2518 λ.]
1387 2469 1513 2505 013110
1535 2469 1695 2518 scripto-

1038 2529 1086 2563 ris
1108 2524 1217 2562 valde
1231 2526 1379 2562 turbata
1394 2526 1522 2561 multis
1538 2524 1694 2562 vocibus

1037 2583 1252 2619 interiectis.
1283 2580 1366 2622 vid.
1388 2580 1520 2618 Matth.
1543 2582 1609 2618 Gr.
1626 2581 1693 2617 Gr.

1038 2653 1076 2690 p.
1101 2642 1220 2679 1300.
1264 2640 1361 2674 Nam
1382 2639 1432 2675 ita
1460 2638 1607 2688 singula
1627 2648 1694 2673 co—

1037 2695 1215 2732 haerent:
1258 2691 1497 2743 Μαρδόνιος
1509 2716 1562 2721 --
1576 2692 1694 2743 ἔπεμ-

1037 2761 1105 2805 ψε,
1127 2747 1210 2804 ἅμα
1239 2748 1310 2804 μὲν
1335 2748 1396 2791 ὅτι
1420 2775 1469 2781 -
1494 2746 1575 2803 ἅμα
1600 2746 1694 2790 δὲ.ὁ“
