1839 3292
545 215 889 252 URANIA.
947 213 1081 251 VIII.

1335 218 1419 256 193

145 325 342 370 3τούτων
360 324 449 366 τῶν
478 321 652 375 ἀνδρῶν
681 319 760 366 ἄπ’
785 320 962 378 ’Ἄργεος
991 318 1203 376 ἀπόγονοι
1231 323 1422 377 Σωτῆρι.

175 387 327 442 οὗτος,
360 389 448 433 ἐπεί
477 407 521 433 τε
551 390 754 445 διέβησαν
782 391 825 432 οἱ
858 389 1112 445 Τημενίδαι,
1145 388 1274 443 μέγας
1303 388 1419 432 οὕτω

169 456 302 513 ἔῤῥύη
334 456 440 500 ὥστε
468 455 571 507 τοὺς
600 456 752 506 ἷππέας
784 456 840 511 μὴ
871 458 994 507 οἴους
1020 472 1064 499 τε
1092 456 1295 510 γενέσθαι
1325 458 1474 507 δια-,25

139 528 315 581 4βῆναι.

376 525 429 566 Οἱ
459 523 524 573 δὲ,
555 520 808 577 ἀπικόμενοι
838 522 879 573 ἐς
908 522 1040 577 ἄλλην
1067 527 1151 576 γῆν
1178 526 1252 578 τῆς
1274 527 1419 568 Μακε-

169 593 340 646 δονίης,
380 592 560 645 οἴκησαν
588 588 716 638 πέλας
743 592 831 630 τῶν
873 587 1023 642 κήπων
1057 592 1145 631 τῶν
1173 590 1419 644 λεγομένων

167 656 280 701 εἶναι,
307 658 460 700 Μίδεω
497 660 576 698 τοῦ
611 656 825 708 Γορδίεω·
871 655 917 698 ἐν
954 661 1067 698 τοῖσι
1096 655 1251 710 φύεται
1288 655 1417 700 αὐτό-

170 742 284 781 ματα
315 723 444 782 ῥόδα,
473 724 522 766 ἓν
554 722 734 766 ἕκαστον
763 722 860 778 ἔχον
886 722 1092 779 ἑξήκοντα
1120 721 1278 779 φύλλα,
1309 723 1421 781 ὀδμῇ

112 931 135 955 a
153 918 258 954 nobis
268 923 436 955 avertant
452 917 690 955 imminentia
701 924 765 955 aut

112 987 133 1010 a
154 975 326 1024 periculis
346 987 416 1010 nos
443 981 633 1024 praestent
650 982 763 1015 tutos.

111 1029 547 1080 ConferaturSpanhem.
558 1032 615 1066 De
626 1038 763 1082 praest.

110 1099 219 1123 num.
239 1087 333 1123 Diss.
354 1087 423 1123 VII
446 1100 483 1136 p.
505 1085 584 1127 416
606 1100 627 1122 a
647 1088 766 1124 Wes-

112 1143 246 1192 seling.
276 1141 448 1179 laudatus
475 1142 670 1180 Plutarch.
691 1144 767 1179 Ca-

111 1200 208 1235 min.
242 1201 291 1239 10
323 1198 389 1236 fin.
419 1198 571 1235 Aristid.
602 1202 665 1238 11.
686 1200 765 1234 De-

111 1261 220 1291 metr.
255 1256 319 1294 10.
348 1255 434 1291 Dio.
466 1253 519 1294 46
547 1255 628 1292 init.
658 1256 764 1292 Arat.

114 1309 166 1349 14
195 1309 262 1348 fin.
284 1309 350 1350 42.

166 1386 286 1434 πέλας
312 1390 392 1426 τῶν
422 1382 565 1438 κήπων
589 1390 670 1426 τῶν
700 1390 764 1426 λε-

109 1443 288 1496 γομένων
310 1441 410 1482 εἶναι
429 1445 567 1482 Μίδεω
580 1447 650 1483 τοῦ
665 1446 762 1495 Γορ-

111 1497 223 1550 δίεω]
269 1499 419 1547 „Midae
437 1498 560 1547 huius,
581 1501 678 1537 inter
697 1513 762 1536 su-

109 1557 334 1607 perstitionis
372 1563 541 1592 auctores
571 1569 659 1592 cum
690 1558 763 1593 Or-

110 1611 210 1663 pheo
231 1619 266 1648 et
274 1612 463 1662 Eumolpo
473 1613 662 1662 principis,
674 1613 762 1661 fata,

110 1681 234 1704 mores
263 1675 434 1719 artesque
474 1670 512 1704 in
543 1669 663 1705 Vossii
695 1670 761 1706 lib.

111 1725 130 1760 Ι
149 1727 204 1760 De
224 1723 357 1760 Idolol.
381 1737 415 1761 c.
439 1724 491 1764 24
515 1731 550 1760 et
569 1724 763 1761 Bouhierii

109 1781 205 1819 Diss.
227 1779 394 1817 Herodd.
416 1793 448 1816 c.
460 1781 498 1820 8.
529 1782 680 1817 Fixerat
702 1795 764 1818 se-

112 1835 176 1873 des
216 1843 301 1872 ante
327 1837 488 1886 Brigum
516 1838 705 1874 coloniam
725 1840 765 1874 in

111 1893 242 1928 Asiam
262 1891 478 1940 deductam,
508 1892 556 1930 ad
576 1892 764 1930 Thraciae

111 1947 432 2000 Macedoniaeque
463 1956 635 1986 montem
668 1952 766 1986 Ber-

112 2005 246 2051 mium,
276 2005 433 2041 Conone
460 2012 598 2044 narrat.
625 2007 643 2042 I
671 2019 760 2042 con·

112 2062 309 2098 sentiente.
357 2062 517 2110 Propter
543 2075 632 2097 eum
651 2075 766 2099 mon-

111 2123 190 2153 tem
210 2115 330 2161 horti,
355 2118 537 2154 notabiles
557 2131 766 2166 sexagenum

108 2172 279 2222 foliorum
301 2175 399 2221 rosis,
419 2186 515 2224 quae
528 2175 765 2211 Tertulliano

112 2230 169 2265 De
192 2229 329 2267 Coron.
354 2230 403 2269 14
432 2233 649 2268 centena-riae
668 2244 766 2268 rosae

113 2284 154 2321 de
177 2285 273 2321 horto
289 2284 417 2322 ,Midae
436 2285 563 2333 lectae3
584 2286 650 2324 sed
671 2301 766 2324 con-

113 2339 303 2388 fundenti,
325 2343 355 2378 si
374 2348 502 2378 tamen
514 2346 677 2393 primam
697 2357 768 2380 vo-

116 2409 199 2432 cem
219 2398 325 2434 Beat.
345 2396 551 2437 Rhenanus
573 2407 608 2437 et
636 2401 768 2449 Rigal-

114 2453 187 2487 tius
207 2459 305 2489 recte
324 2453 532 2502 formarint,
559 2456 767 2506 centzfolz'aS,

117 2504 215 2557 ῥόδα
242 2506 560 2558 ἑκατοντάφυλλα
586 2514 766 2562 Pangaei,

115 2562 303 2600 Thraciae
312 2567 504 2614 montis‚in
514 2566 769 2619 Theophrast-

115 2620 212 2655 Hist.
235 2620 359 2657 Plant.
381 2621 444 2670 Vl,
471 2626 510 2664 6,
546 2625 622 2661 Illis
638 2632 768 2662 autem

115 2675 154 2711 iu
177 2674 292 2713 hortis
321 2672 404 2726 ἥλω
427 2683 549 2728 captus
581 2681 671 2729 (non
704 2694 769 2718 ex-

115 2735 255 2781 ceptus,
293 2732 347 2768 uti
382 2733 511 2785 Valla)
551 2737 700 2774 Silenus
732 2744 769 2774 et

118 2794 268 2823 coactus
299 2787 347 2823 ad
368 2801 411 2824 ea
433 2789 503 2827 suit
532 2792 767 2844 explicanda,

172 2845 393 2882 HERODOT.
421 2846 486 2883 IV.

819 929 918 969 quae
945 915 1190 967 Theopompi
1220 916 1315 966 fide,
1346 918 1416 956 ista
1434 919 1476 957 in

818 973 1159 1020 fabulafiudicibus
1187 975 1370 1026 Dionysio
1393 978 1474 1013 Ha-

818 1031 880 1067 lic.
892 1031 988 1070 T.11
999 1044 1037 1080 Ρ.
1052 1032 1130 1069 132
1147 1037 1182 1066 et
1202 1029 1364 1067 Theone
1376 1033 1475 1070 Pro-

820 1099 954 1137 gymn.
984 1100 1015 1122 c.
1044 1088 1082 1132 2,
1123 1087 1219 1122 mire
1248 1088 1474 1127 luxuriantis

820 1143 1010 1192 Virgilius,
1025 1140 1197 1186 Ovidius,
1209 1143 1386 1180 Aelianus
1409 1146 1473 1193 [V.

819 1200 868 1238 H,
890 1200 956 1246 111,
981 1200 1053 1245 18,
1093 1198 1159 1234 ubi
1179 1198 1252 1235 vid.
1275 1201 1473 1252 Perizon.]

819 1255 928 1291 nobis
990 1252 1234 1303 prodidere.“
1299 1255 1475 1294 Wesse-

820 1310 940 1358 ling.
968 1308 1260 1348 Valckenaerius
1279 1319 1474 1361 praeterea

819 1366 983 1402 conferri
1011 1366 1093 1402 vult
1121 1365 1168 1402 de
1199 1367 1328 1404 Sileno
1356 1369 1397 1404 in
1416 1368 1475 1406 his

818 1421 945 1458 Midae
975 1420 1091 1457 hortis
1131 1429 1240 1472 capto
1277 1425 1403 1461 Davis.
1434 1426 1476 1461 in

817 1480 922 1515 Max.
944 1479 1041 1528 Tyr.
1074 1478 1142 1521 XI,
1166 1482 1185 1517 1
1227 1485 1264 1515 et
1294 1478 1477 1518 Bouhier.

818 1535 913 1571 Diss.
934 1547 998 1570 sur
1023 1532 1203 1570 l’histoire
1238 1534 1418 1573 d'Herod.
1441 1550 1477 1574 c.

819 1593 858 1631 8.
898 1592 964 1627 Tu
978 1589 1065 1627 vide
1087 1602 1184 1641 quae
1205 1589 1252 1628 de
1272 1590 1343 1628 hac
1363 1592 1477 1628 fabu-

818 1648 855 1684 la
895 1648 1050 1698 eiusque
1090 1659 1203 1683 sensu
1233 1647 1477 1685 reconditiori

818 1702 990 1741 disseruit
1011 1702 1185 1742 Creuzer.
1215 1703 1278 1740 in:
1313 1704 1476 1742 Studien

817 1762 853 1796 ΙΙ
880 1774 916 1810 Ρ.
939 1757 1020 1800 234
1047 1772 1150 1810 seqq.
1185 1760 1269 1799 coll.
1299 1761 1476 1812 Sylnbol.

818 1817 872 1852 ΙΙΙ
905 1829 942 1866 p.
971 1814 1067 1855 215.
1125 1816 1199 1859 Qui
1229 1816 1333 1852 idem
1354 1819 1476 1862 {nunc

822 1874 936 1909 etiam
983 1870 1153 1907 adhiberi
1197 1873 1279 1909 vult
1316 1874 1475 1925 Dionys,

820 1929 941 1964 Halic.
961 1928 1080 1976 Epist.
1104 1927 1152 1963 ad
1171 1929 1359 1979 Pompeii.
1386 1943 1476 1980 pag.

821 1988 901 2025 787
932 1982 1062 2020 Reisk.
1091 1996 1180 2034 pag.
1221 1986 1274 2026 57
1313 1987 1475 2036 Kriiger.

820 2039 1008 2090 huiusque
1037 2047 1133 2076 nott.
1190 2040 1292 2079 Add.
1328 2041 1477 2079 Hoeck.

823 2097 921 2133 Cret.
943 2108 1031 2146 pag.
1056 2098 1153 2143 129,
1185 2098 1250 2147 qui
1271 2096 1477 2135 Thracicas

822 2160 952 2203 gentes
973 2151 1045 2187 hoc
1073 2153 1141 2187 sub
1165 2152 1270 2189 Mida
1290 2155 1328 2189 in
1350 2153 1477 2205 Phry-

822 2211 925 2259 giam
942 2221 1126 2258 regressos
1137 2221 1215 2245 esse
1230 2211 1369 2247 statuit.
1403 2212 1478 2246 Fa-

822 2266 951 2302 bulam
983 2264 1081 2300 hanc
1110 2263 1157 2300 de
1178 2266 1310 2302 Sileno
1332 2279 1353 2302 a
1372 2265 1477 2302 Mida

823 2335 912 2371 rege
934 2327 1066 2370 capto,
1105 2321 1256 2358 uberius
1286 2329 1478 2359 narratam

822 2377 1123 2427 Philippicorum
1144 2379 1351 2416 inseruerat
1371 2386 1478 2415 octa-

822 2447 871 2471 vo
905 2434 1000 2470 libro
1035 2432 1323 2484 Theophrastus
1361 2436 1477 2485 ipsius

823 2488 1006 2526 Herodoti
1027 2488 1120 2525 haec
1138 2490 1178 2528 ἐν
1195 2488 1359 2543 παρόδῳ
1372 2491 1478 2541 quasi

825 2546 1030 2582 enarrantis
1071 2547 1290 2582 auctoritate
1322 2560 1479 2596 permo-

823 2610 896 2648 tus,
917 2603 972 2638 uti
991 2600 1154 2641 videtur.
1210 2601 1296 2640 Vid.
1328 2604 1476 2642 Aelian.

824 2660 849 2695 l.
872 2660 895 2697 l.
917 2658 1066 2693 Monuit
1085 2658 1290 2697 Frommel.
1304 2659 1345 2695 in
1362 2661 1482 2696 Creu-

825 2715 902 2751 zeri
921 2713 1065 2749 Melett.
1085 2714 1138 2749 111
1156 2727 1195 2763 p.
1219 2712 1311 2754 140.

909 2787 1031 2844 ῥόδα,
1088 2790 1134 2831 ’ἐν
1180 2790 1344 2833 ἕκαστον
1389 2792 1478 2845 ἕχον

1164 2850 1215 2889 13
