1839 3292
395 189 481 230 364
803 191 1261 229 HERODOTI

392 299 472 342 τόν
501 298 719 354 στρατιὴν,
742 298 789 340 ἐν
805 301 858 355 τῇ
879 297 970 353 ὁδῷ
988 299 1231 344 κατέκτεινε
1258 301 1394 346 αὐτόν
1414 318 1457 346 τε
1485 302 1652 348 ἐκεῖνον

357 396 361 397 ⁷
392 366 466 409 καὶ
495 365 602 415 τούς
631 367 788 416 παῖδας
820 365 957 408 αὐτοῦ
989 367 1064 409 καὶ
1091 367 1169 422 τὴν
1204 370 1408 425 στρατιὴν
1436 371 1515 426 τὴν
1549 373 1651 415 ἐκεί·
1667 381 1709 414 10

364 437 498 476 4νου.
532 433 655 475 Κατὰ
684 433 762 486 μὲν
791 432 870 477 τὸν
898 434 1035 488 ἔρωτα
1064 434 1142 477 τὸν
1165 434 1329 489 Ξέρξεω
1357 438 1431 481 καὶ
1456 439 1534 482 τόν
1551 444 1652 484 Μα-

391 503 543 545 σίστεω
571 501 768 544 θάνατον
796 506 988 545 τοσαῦτα
1020 501 1200 558 ἐγένετο.

501 627 555 668 Οἱ
584 627 629 669 δὲ
659 627 705 670 ἐκ
740 626 954 683 Μυκάλης
985 626 1246 683 ὁρμηθέντες
1259 628 1461 685 ’Έλληνες
1481 628 1542 673 ἐπ’
1557 629 1650 674 Ἑλ-

390 694 636 749 λησπόντου
677 699 853 749 πρῶτον
893 695 970 750 μὲν
1019 696 1117 748 περὶ
1155 696 1321 740 Λεκτὸν
1350 697 1532 753 ὅρμεον,
1562 698 1649 743 ὑπό

394 759 567 815 ἀνέμων
603 762 986 819 ἀπολαμφθέντες·
1035 764 1235 807 ἐνθεῦτεν
1275 765 1319 808 δὲ
1361 765 1572 811 οἷπίκοντο
1607 768 1650 819 ἐς

376 830 591 885 ”Αβυδον,
623 832 694 873 καὶ
725 831 800 882 τὰς
829 829 1025 885 γεφύρας
1056 826 1191 886 εὗρον
1223 835 1539 889 διαλελυμένας,
1571 835 1705 887 τοὶςΙ5

387 897 564 941 ἐδόκεον
595 896 797 954 εὑρήσειν
828 900 888 942 ἔτι
919 900 1214 954 ἐντεταμένας·
1252 902 1325 944 καὶ
1363 902 1533 946 τούτων
1564 902 1647 947 οὐκ

389 965 543 1021 ἥκιστα
574 967 736 1008 εἵνεκεν
760 967 801 1017 ἐς
830 966 1244 1023 τόν“Ελλήσποντον
1274 969 1505 1013 ἄπίκοντο.’
1533 976 1648 1014 τοῖσι

388 1033 468 1088 μέν
509 1049 593 1075 νυν
630 1031 742 1089 ἀμφὶ
785 1036 1049 1090 Λευτυχίδεα
1089 1040 1480 1092 Πελοποννησίοισι
1531 1040 1646 1091 ἔδοξε

385 1101 616 1144 ἀποπλέειν
645 1100 687 1152 ἐς
715 1100 795 1157 τὴν
821 1101 1036 1147 Ἑλλάδα·
1061 1102 1331 1162 Ἀθηναίοισι
1362 1105 1407 1148 δὲ
1438 1107 1512 1150 καὶ
1531 1108 1646 1157 ,Ξαν-

227 634 327 679 114

56 696 245 725 Graecorum
257 699 333 725 clas-

55 738 88 757 se
101 731 129 757 ἰιι
156 731 333 767 Hellespon-

53 766 116 791 tum
134 765 171 792 ad
214 770 320 800 pontes

54 799 266 826 rescindendos

52 831 267 871 profectusum
277 841 330 860 eos

53 873 113 892 lain
139 867 250 893 solutos
278 867 326 894 de<

52 900 284 934 prehendissent

54 934 206 969 [8‚117.]‚
242 934 328 961 Pelo-

50 968 328 1002 ponnesiiinGrae-
358 972 378 1004 Ξ

50 1001 128 1028 ciam
158 1005 313 1029 revertun-

49 1037 115 1063 turz
136 1036 331 1063 Athenienses

49 1068 88 1096 ad
107 1069 225 1096 Sestum
235 1077 326 1103 oppii<

49 1103 199 1136 gnandaiu
209 1112 242 1131 se
255 1110 326 1130 con-

49 1140 183 1172 vertunt,

380 1309 454 1363 τήν
487 1309 673 1364 στρατιήν
705 1309 778 1364 τήν
808 1311 982 1365 ἐκείνου]

322 1369 538 1420 „Suspicor
571 1383 707 1408 vocem
729 1369 914 1423 στρατιήν
934 1386 984 1410 ex

321 1428 504 1477 proximis
528 1425 798 1472 finhaereutem
830 1442 983 1466 memo-

321 1484 398 1519 riae
410 1485 772 1532 scribentis,alterius
785 1486 866 1522 vice
879 1488 981 1523 maie

319 1539 435 1576 fuisse
448 1543 658 1591 repetitam.
672 1542 745 1587 Qui
756 1542 860 1579 Susis
874 1544 980 1580 abie-

319 1604 377 1633 rat
397 1599 633 1647 cumliberis,
654 1597 719 1637 καὶ
741 1594 792 1649 δή
812 1614 884 1638 κου
900 1599 978 1639 τισὶ

318 1652 385 1692 καὶ
419 1651 592 1702 ἄλλοισι,
632 1657 773 1707 quique
808 1655 977 1693 necdum

314 1718 539 1761 pervenerat
560 1711 608 1748 ad
629 1725 737 1748 suam
764 1713 976 1762 praefectu-

315 1780 417 1815 ram,
456 1769 486 1805 is
514 1770 642 1806 miuus
677 1769 879 1806 commode
901 1769 974 1807 dici

313 1831 462 1874 poterat
494 1826 571 1861 iam
601 1839 704 1863 nunc
736 1839 868 1862 secum
901 1826 974 1863 ha-

315 1882 439 1918 buisse
473 1885 674 1920 exercitum.
732 1884 853 1919 Multo
878 1883 974 1920 mihi

311 1937 505 1975 videretur
535 1939 871 1988 accommodatius,
901 1942 931 1977 si
952 1954 974 1977 a

310 1996 441 2031 Xerxe
472 1996 577 2033 missi
610 1998 648 2032 in
674 1996 734 2033 visi
759 1995 974 2034 dicerentur

310 2053 541 2089 interfecisse
583 2049 707 2093 αὐτόν
744 2068 784 2092 τε
816 2053 970 2093 ἐκεῖνον

308 2108 376 2147 καὶ
406 2106 499 2156 τούς
530 2111 678 2156 παῖδας
708 2105 856 2158 αιῖτοῦ,
903 2110 969 2149 καὶ

310 2162 386 2216 τήν
405 2168 634 2217 θεραπηΐην
658 2163 731 2217 τήν
752 2166 918 2215 ἐκείνου,
939 2169 969 2204 si

309 2220 383 2258 hoc
415 2222 568 2259 aliunde
596 2224 790 2259 firmatum
819 2225 968 2274 accipe-

310 2280 434 2317 rem.“
470 2279 578 2316 falc
593 2280 613 2316 k
627 2293 732 2316 enac
745 2294 773 2318 r.
794 2282 969 2317 Lectioni

310 2336 486 2386 vulgatae
516 2335 619 2373 haud
649 2338 725 2373 scio
756 2339 876 2373 auita
902 2350 967 2387 pa-

309 2391 588 2440 trocinandum,
618 2400 660 2429 ut
682 2394 721 2429 in
739 2394 818 2443 ipsa
839 2395 898 2430 via
920 2393 966 2430 de

308 2448 521 2486 defectione
540 2451 709 2500 cogitans
720 2452 886 2486 Masis-tes
899 2464 967 2487 co-

306 2507 385 2556 pias
396 2507 601 2557 collegerit,
614 2506 679 2543 sed
700 2520 721 2542 a
742 2508 881 2543 Xerxis
897 2521 965 2543 ex-

306 2565 424 2600 ercitu
445 2577 664 2614 oppressus,
696 2563 772 2600 unzi
793 2577 881 2600 cum
898 2577 966 2601 co-

306 2620 374 2668 piis
394 2621 587 2658 interierit.
625 2621 724 2665 Quin
742 2622 822 2671 ipsa
842 2622 966 2671 suspi-

305 2676 363 2712 cio
385 2676 479 2712 mihi
495 2685 575 2714 orta
597 2685 652 2714 est
667 2678 782 2713 verba
805 2677 871 2716 καὶ
890 2675 964 2729 τήν

305 2730 490 2783 στρατιήν
516 2730 590 2785 τήν
615 2733 768 2773 ἐκείνου
800 2749 820 2770 e
840 2736 963 2785 glossa

302 2791 502 2840 marginali
522 2791 561 2827 in
591 2795 740 2828 textum
759 2792 962 2843 irrepsisse.

1250 1350 1343 1402 cap.
1366 1350 1499 1388 CXIV.

1095 1426 1185 1482 περὶ
1201 1426 1359 1470 Λεκτόν
1376 1425 1539 1481 ὅρμεον]
1561 1428 1586 1465 ἰ.
1608 1442 1640 1466 e.
1661 1431 1700 1467 in

1038 1489 1190 1524 statione
1238 1490 1339 1524 erant
1382 1500 1488 1537 prope
1536 1485 1699 1526 Lectum.

1037 1544 1207 1580 Vei-bum
1230 1543 1369 1594 ὁρμεῖν
1390 1543 1463 1580 hoc
1489 1556 1602 1580 sensu
1625 1556 1696 1579 ex-

1033 1606 1104 1636 stat
1140 1600 1220 1648 VII,
1256 1603 1322 1640 22.
1381 1596 1550 1647 Λεκτός,
1590 1598 1694 1651 quod

1033 1658 1168 1693 reclinis
1217 1657 1329 1693 scribi
1377 1655 1528 1702 Λέκτος
1567 1662 1695 1693 censet

1032 1712 1431 1764 Schweighaeuserus,
1465 1720 1693 1764 promonto-

1030 1771 1130 1806 rium
1173 1770 1263 1807 Idae
1292 1771 1432 1806 montis
1462 1776 1527 1817 est,
1569 1770 1692 1806 Lesbo

1030 1828 1175 1864 insulae
1202 1829 1416 1873 obversum,
1439 1826 1486 1862 de
1514 1839 1590 1878 quo
1612 1825 1691 1864 vid.

1033 1883 1162 1922 Schol.
1202 1883 1250 1920 ad
1288 1882 1468 1920 Nicandr.
1507 1881 1687 1933 Alexiph.

1033 1939 1086 1980 40
1114 1939 1255 1982 Athen,
1284 1941 1377 1977 XIII
1406 1953 1495 1991 pag.
1531 1939 1613 1981 598
1645 1941 1688 1978 C.

1031 1998 1208 2035 strabon.
1235 1999 1327 2034 XIII
1358 2011 1396 2049 p.
1419 1995 1499 2037 604
1519 1998 1566 2032 A.
1596 2010 1626 2034 s.
1646 2010 1686 2047 p.

1029 2056 1109 2094 900
1138 2057 1182 2092 D.
1216 2057 1296 2095 606
1332 2055 1374 2095 C.
1404 2068 1434 2090 s-
1468 2067 1507 2104 p.
1542 2055 1620 2093 903
1643 2054 1687 2091 C.

1026 2112 1108 2148 Liv.
1140 2112 1337 2157 XXXVII,
1369 2112 1436 2150 37.
1494 2110 1599 2154 Quae
1629 2117 1685 2147 at-

1026 2168 1111 2203 tulit
1142 2168 1430 2217 VVesselingius,
1465 2166 1608 2203 addens
1636 2167 1684 2202 il-

1025 2224 1074 2260 lic
1114 2226 1335 2274 navigantes
1363 2224 1483 2259 ventis
1518 2221 1683 2260 adversis

1022 2293 1135 2330 saepe
1182 2282 1221 2316 iu
1264 2293 1374 2317 cursu
1412 2278 1613 2330 impeditos
1647 2287 1685 2318 et

1024 2336 1230 2374 retardatos
1252 2338 1378 2373 fuisse.
1401 2358 1451 2364 —
1483 2335 1544 2373 Ad
1566 2338 1682 2373 verba

1023 2391 1103 2432 ὑπὸ
1136 2389 1294 2445 ἀνέμων
1345 2389 1682 2442 ἅπολαμφθέντες

1023 2450 1100 2489 vid.
1135 2452 1183 2499 II,
1212 2451 1288 2492 115
1314 2451 1441 2501 ibique
1465 2457 1560 2487 nott.
1619 2449 1681 2487 Ad

1022 2506 1277 2559 ἐντεταμένας
1295 2509 1398 2545 conf.
1416 2508 1484 2555 IX,
1510 2509 1601 2548 106.

1077 2624 1180 2660 τοῖσι
1213 2618 1285 2671 μέν
1313 2635 1388 2659 νυν
1424 2615 1532 2671 α’μφὶ
1571 2623 1680 2659 Λευ-

1021 2678 1195 2727 τυχίδεα]
1218 2676 1280 2713 Ad
1310 2678 1543 2714 locutionem
1573 2676 1674 2713 conf.

1019 2736 1087 2782 IX,
1119 2735 1186 2775 57.
1232 2733 1481 2785 Thucydides
1501 2736 1568 2771 ista
1592 2740 1677 2769 tan—

1018 2804 1112 2842 gens
1142 2792 1171 2840 1,
1202 2792 1254 2831 89
1283 2790 1329 2828 de
1360 2790 1529 2828 dissensu
1561 2789 1678 2826 Pelo—
