1839 3292
63 532 125 578 91

59 1013 124 1058 92

566 223 910 260 URANIA.
967 222 1097 260 VIII.

1368 225 1450 265 125

199 337 324 393 φίλος
351 332 436 376 ἐών
462 330 762 387 Ἀριαράμνης,
793 328 903 386 ἀνήρ
932 329 1102 385 Πέρσης
1131 328 1326 384 παρειὰν,
1355 330 1507 373 τού-45

195 418 275 445 του
300 403 382 442 τοῦ
413 402 672 455 Φοινικηίου
701 398 890 449 πάθεος·
945 399 989 441 οἱ
1016 397 1096 453 μὲν
1125 395 1178 454 δὴ
1206 395 1320 452 πρὸς
1347 397 1449 450 τοὺς

201 469 408 517 Φοίνικας
435 465 689 520 ἐτράποντο.

308 537 408 576 Τῶν
437 533 482 576 δὲ
513 533 749 589 βαρβάρων
779 533 821 583 ἐς
852 530 997 588 φυγὴν
1025 531 1334 587 τραπομένων,
1372 532 1446 575 καὶ
1501 547 1779 577 Persaevictwha-

192 600 459 645 ἐκπλεόντων
487 600 598 654 πρὸς
626 600 673 644 τὸ
697 600 922 656 Φάληρον,
954 599 1204 654 Αἰγινῆται,
1233 598 1448 643 ὑποστάν-

163 676 254 719 Ξτες
282 669 328 712 ἐν
356 671 415 726 τῷ
446 671 648 724 πορθμῷ,
679 668 782 723 ἔργα
812 665 1070 718 ἀπεδέξαντο
1102 665 1237 720 λόγου
1268 666 1374 718 ἄξια.
1406 667 1450 710 οἷ

192 735 269 791 μὲν
296 734 379 790 γάρ
403 733 622 791 Ἀθηναῖοι
651 735 699 778 έν
727 738 788 791 τῷ
815 731 999 790 θορύβῳ
1030 731 1252 787 έκεράϊζον
1293 733 1368 783 τάς
1403 742 1503 778 τε5ο

190 800 499 858 ἀντισταμένας
551 803 624 846 καὶ
652 803 729 853 τοὶς
769 800 1017 859 φευγούσας
1046 804 1135 843 τῶν
1163 804 1297 856 νηῶν,
1330 803 1374 844 οἱ
1402 802 1448 845 δὲ

191 869 504 924 Αἰγινῆταιτὰς
525 869 820 921 ἐκπλωούσας·
851 870 963 919 ὅκως
977 869 1022 911 δέ
1052 883 1166 919 τινες
1191 868 1295 920 τούς
1321 868 1448 925 Ἀθη-

190 939 342 987 ναίους
360 939 633 993 διαφύγοιεν,
664 938 897 993 φερόμενοι
926 935 1155 980 ἐσέπιπτον
1177 935 1219 987 ές
1247 936 1351 987 τοὺς
1365 938 1447 979 Αἰ-

187 1005 376 1060 γινήτας.
429 1004 646 1050 Ἐνθαῦτα
676 1005 941 1060 συνεκύρεον
976 1008 1074 1059 νῆες
1109 1003 1138 1060 ἥ
1163 1020 1208 1047 τε
1244 1008 1446 1060 Θεμιστο-
1500 1027 1667 1062 Aegmtae
1683 1035 1752 1063 pur-

187 1073 311 1123 κλέος
341 1071 560 1117 διώκουσα
589 1078 686 1128 νῆα,
715 1074 788 1116 καὶ
817 1071 843 1128 ἡ
877 1073 1152 1127 Πολυκρίτου
1177 1077 1258 1116 τοῦ
1287 1076 1446 1128 Κριοῦ,

189 1139 351 1196 ἀνδρός
401 1142 663 1197 Αἰγινήτεω,
702 1142 776 1196 νηῒ
813 1139 1061 1195 ἐμβαλοῦσα
1100 1142 1309 1198 Σιδωνίῃ,
1337 1139 1500 1197 ἥπερ55

189 1205 273 1251 εἷλε
302 1208 380 1264 τὴν
407 1208 809 1265 προφυλάσσουσαν
838 1208 904 1251 ἐπὶ
935 1207 1118 1265 Σκιάθῳ
1147 1208 1226 1266 τὴν
1251 1210 1443 1264 Αἰγιναί-

133 1406 199 1431 vos
217 1390 360 1434 τούτου
379 1395 451 1433 τοῦ
464 1390 617 1441 πάθεος
626 1388 790 1445 suppIeri

133 1449 273 1489 ἕνεκαε
317 1453 402 1500 quia
437 1452 572 1487 obnisus
601 1456 676 1487 erat
707 1452 788 1488 hnic

133 1505 344 1543 Phoenicum
365 1507 578 1544 calamitati.
613 1508 670 1544 Ac
685 1509 787 1544 Mat-

130 1560 230 1598 thiae
259 1575 423 1614 quoque,
465 1576 580 1614 quem
617 1566 786 1616 sequitur

127 1617 340 1666 Bekkerus‚
373 1620 526 1656 retinuit
547 1616 784 1671 προσεβάλε-

128 1689 184 1721 το,
221 1675 323 1726 quod
353 1674 506 1712 defendi
531 1689 638 1726 posse
676 1684 783 1728 putat

127 1731 316 1768 locutione
348 1732 519 1782 Euripid.
553 1732 656 1770 Med.
699 1735 781 1774 238

127 1788 268 1837 Musgr.
299 1786 560 1839 ξυμβάλλεται
592 1787 634 1828 δέ
655 1787 780 1829 πολλὰ

127 1844 244 1882 τοῦδε
280 1844 471 1895 δείματος.
527 1847 658 1896 Lange
693 1859 781 1884 ver-

127 1901 263 1936 nacule
274 1899 367 1937 haec
378 1902 429 1937 ita
440 1904 638 1952 expressit:
656 1904 779 1950 „Aus-

128 1956 258 1992 serdem
278 1957 358 1993 aber
375 1961 458 2006 trag
483 1959 572 1996 ancli
597 1960 664 1996 viel
684 1960 778 1996 daza

127 2012 182 2049 bez·
193 2013 432 2061 Ariaramnes‚
447 2016 500 2050 ein
514 2015 617 2052 Perse
628 2029 693 2052 von
706 2017 778 2053 Ge-

126 2068 206 2104 hurt
234 2069 305 2104 uncl
322 2069 464 2106 Freuncl
486 2071 545 2108 cler
565 2071 685 2117 Ioner,
717 2072 777 2108 ἄεν

126 2125 178 2160 bei
198 2125 320 2161 diesem
349 2126 514 2174 Ungliiclf
543 2128 604 2165 der
624 2128 776 2166 Fc'inilcer

125 2193 283 2230 zugegen
301 2185 414 2219 war.“

341 2271 432 2323 cap.
461 2274 561 2310 xct.

180 2345 446 2398 ὑποστάντες]
489 2353 526 2388 in
559 2352 724 2390 subsidiis
745 2367 773 2392 s,

125 2403 263 2440 insidiis
283 2409 412 2442 stantes
438 2407 561 2445 reddit
576 2408 777 2460 Schweig-

124 2456 250 2495 haeus.
276 2475 496 2513 comparans
526 2463 690 2511 ύπείσας
711 2469 774 2514 111,

129 2515 348 2563 126.V,103
363 2520 414 2568 (in
423 2521 560 2557 insidiis
571 2522 775 2571 collocans).

124 2570 284 2621 Propius
318 2572 391 2610 huc
410 2576 499 2613 facit
522 2577 564 2625 V,
594 2580 647 2618 92
678 2580 714 2623 ξ.
735 2583 774 2619 7.

123 2624 346 2677 ύποστῆσαι
366 2633 403 2667 in
425 2633 569 2676 *insidiis
592 2635 774 2672 collocare.

122 2683 180 2717 De
200 2684 355 2732 portlano
370 2686 447 2722 dixi
475 2688 522 2725 ad
542 2691 640 2737 Vm,
664 2694 716 2731 76
739 2698 776 2728 et

123 2737 171 2774 de
191 2741 305 2776 verbo
327 2744 516 2792 κεραΐζειν
540 2747 578 2781 in
599 2754 694 2784 nott.
727 2747 775 2784 ad

121 2794 218 2844 VIII,
241 2799 317 2846 863
349 2798 396 2835 ad
418 2801 532 2838 verba
561 2799 777 2856 φερόμενοι

844 1390 1053 1433 ἐσέπιπτον
1074 1394 1175 1430 conf.
1207 1400 1301 1433 nott.
1331 1392 1379 1431 ad
1399 1394 1499 1442 VIII,

843 1451 908 1489 87.
968 1450 1106 1486 Statuit
1125 1457 1252 1487 autem
1273 1451 1315 1487 C.
1333 1451 1377 1487 O.
1397 1452 1502 1486 Mal-

841 1507 908 1544 ler.
940 1506 1132 1556 Aeginett.
1161 1520 1248 1557 pag.
1284 1506 1360 1546 124
1402 1505 1499 1543 haec

841 1563 957 1600 verba
977 1575 1055 1599 non
1077 1562 1124 1599 ad
1146 1564 1226 1600 illas
1246 1564 1398 1613 triginta
1418 1564 1499 1599 Ae-

840 1620 1057 1669 ginetarum
1076 1633 1204 1667 naves,
1227 1633 1324 1672 quae
1344 1633 1498 1670 pugnae

841 1676 1018 1712 dicuntur
1052 1677 1264 1714 interfuisse
1300 1676 1399 1724 VIII,
1429 1675 1497 1718 45.

837 1732 903 1780 46,
927 1746 1099 1784 quaeque
1121 1735 1219 1770 intra
1245 1733 1386 1770 fretum
1406 1746 1497 1770 cum

836 1789 1119 1839 Megarensibus
1159 1797 1196 1827 et
1235 1789 1499 1827 Lacedaemo-

837 1846 907 1882 niis
927 1853 1115 1894 stetemnt,
1138 1847 1268 1882 referri
1288 1860 1409 1897 posse,
1429 1846 1496 1884 sed

836 1900 883 1938 de
912 1904 1070 1939 navibus
1091 1902 1139 1939 ad
1160 1904 1331 1953 Aeginae
1352 1905 1497 1953 praesi-

835 1958 942 1994 dium
963 1960 1111 2007 relictis,
1133 1973 1230 2011 quae
1250 1961 1348 1996 inter
1368 1961 1495 2010 ipsum

831 2016 1019 2065 proelium
1050 2018 1321 2067 praecluserint
1352 2017 1494 2053 fretum

832 2072 1104 2109 Salaminium:
1136 2074 1187 2109 ita
1208 2080 1250 2109 ut
1270 2074 1393 2110 omnis
1413 2074 1493 2108 Ae-

832 2129 1050 2177 ginetarum
1071 2131 1195 2167 classis
1216 2131 1361 2180 proelio
1376 2131 1494 2166 inter-

832 2185 957 2222 fuerit.

1039 2274 1131 2325 Cap.
1158 2275 1278 2311 XCII.

889 2351 963 2404 τήν
991 2350 1356 2405 προφυλάσσουσαν
1388 2368 1424 2391 κ.
1455 2368 1489 2392 τ.

831 2411 885 2459 λ.]
909 2409 970 2447 Ad
991 2409 1083 2448 haec
1106 2418 1142 2447 et
1159 2424 1265 2462 seqq.
1287 2411 1388 2447 conf.
1409 2411 1490 2458 VH,

834 2469 910 2506 181
936 2468 1065 2519 ibique
1086 2475 1181 2505 nott.
1242 2469 1373 2518 Κριοῦ
1392 2473 1493 2503 recte

831 2521 870 2559 h.
900 2523 926 2559 1.
947 2526 1128 2574 scriptum
1150 2536 1170 2559 a
1197 2536 1290 2559 voce
1315 2525 1351 2560 Κ
1365 2538 1385 2573 ρ
1399 2520 1490 2570 ιός,

831 2581 937 2616 cuius
957 2581 1041 2616 loco
1064 2579 1167 2631 quod
1182 2592 1294 2629 supra
1315 2579 1386 2625 VI,
1421 2580 1488 2621 50.
1534 2590 1537 2593 “

831 2639 883 2675 73
906 2643 1026 2673 exstat
1049 2639 1172 2686 Κρῖος
1192 2634 1231 2671 id
1249 2636 1405 2673 omnino
1425 2649 1488 2672 re-

830 2692 1038 2728 iiciendum
1070 2705 1147 2728 esse
1179 2699 1304 2729 censet
1343 2691 1487 2729 Lehrs:

831 2749 888 2783 De
909 2747 1115 2784 Aristarchi
1135 2747 1264 2785 studiis
1283 2762 1370 2800 pag.
1395 2751 1489 2796 296,

832 2811 915 2841 tum
946 2804 1136 2853 codicum,
1165 2811 1249 2842 tum
1284 2804 1491 2843 Aristarchi

1501 582 1598 610 lerum
1629 586 1780 618 repetunt.

1502 1064 1565 1097 gati
1592 1063 1715 1090 crimine

1502 1102 1561 1132 ’τοῦ
1578 1100 1744 1144 μηδισμοῦ.
