1839 3292
403 226 470 262 DE
502 223 621 262 vm
649 223 722 260 ET
752 222 986 260 scRmTIS
1013 223 1291 261 HERODOTI.
1508 229 1590 268 421

111 335 238 375 adhuc
253 335 464 387 superstites
475 342 512 372 et
532 348 580 371 ex
601 348 678 372 uno
698 334 816 383 fonte,
837 341 880 372 ut
900 333 1059 381 videtur,
1081 332 1266 371 derivatos
1275 342 1465 384 superent.
1493 339 1589 375 Per-

109 395 230 431 tinent
255 391 330 428 huc
362 393 496 439 etiam,
527 392 598 427 alia
621 398 663 428 ut
691 398 860 440 taceam,
894 391 1166 442 frequentiores
1185 392 1240 427 illi
1267 391 1308 426 in
1338 393 1506 429 numeris
1527 407 1588 430 er-

107 463 220 497 rores,
251 450 288 497 *)
321 461 413 499 quos
433 449 621 498 scriptoris
640 446 834 485 socordiae
864 454 928 484 aut
952 448 1208 496 negligentiae
1226 447 1390 483 tribuere
1416 461 1506 484 cum
1524 451 1589 487 vix

106 507 215 542 liceat
244 506 453 540 maximam
473 511 572 541 certe
601 511 747 554 partem
767 504 925 539 librariis
958 502 1167 539 adscribeie
1187 504 1391 541 malumus.
1447 505 1505 541 Ac
1531 506 1588 541 le-

105 562 229 612 giinus
254 558 356 610 apud
384 559 569 611 Porphjr.
601 562 750 605 Quaest.
769 561 885 596 Hom.
906 572 988 609 cap.
1011 562 1063 600 8·
1106 557 1231 598 πολλὰ
1256 558 1452 612 φέοεσθαι
1479 559 1588 613 μέχρι

106 633 184 657 νυν
204 632 463 670 αμαοτηματα
477 613 575 656 κριτοὶ
592 613 666 667 τὴν
683 612 904 669 Ηροδότου
927 612 1174 667 συγγραφήν.

759 761 798 806 ξ.
845 760 910 802 15.

216 873 293 912 Sed
327 879 559 911 revertamur
588 870 637 908 ad
667 872 802 924 ipsam,
834 874 1109 925 qualiscunque
1129 879 1202 921 est,
1231 873 1417 911 Herodoti
1445 876 1583 913 oratio-

103 942 193 967 nem
207 960 216 978 ‚
246 943 363 982 quam
383 930 519 966 multas
538 928 667 966 laudes
688 929 790 980 apud
809 936 953 967 veteres
970 932 1109 979 tulisse,
1142 931 1251 980 plura
1269 930 1451 969 indicant.
1480 933 1582 970 Hinc

102 987 350 1032 Quintilianus
382 989 474 1024 Inst.
505 986 606 1022 Orat.
632 987 699 1033 IX,
729 985 767 1033 4,
792 989 864 1028 18:
904 988 976 1036 „In
1003 986 1198 1023 Herodoto
1218 1000 1308 1024 vero
1329 1001 1418 1025 cum
1439 990 1580 1036 omnia,

99 1050 143 1079 ut
161 1056 232 1093 ego
254 1042 409 1094 quidem
432 1043 551 1078 sentio
565 1070 575 1088 ‚
602 1042 736 1078 leniter
754 1043 897 1092 fluunt,
930 1050 1014 1080 tum
1032 1045 1112 1093 ipsa
1137 1039 1336 1090 διάλεκτος
1364 1043 1479 1081 habet
1494 1058 1581 1082 eam

99 1099 395 1146 iucunditatem,
426 1105 468 1134 ut
499 1099 655 1134 latentes
686 1099 800 1134 etiam
819 1112 997 1136 numeros
1021 1100 1220 1150 complexa
1239 1099 1451 1140 videatur.“
1507 1102 1581 1138 Af-

98 1156 171 1192 fert
192 1163 320 1192 autem
341 1154 413 1192 hoc
434 1161 564 1190 contra
594 1155 816 1191 Ciceronem
833 1185 842 1203 ‚
874 1157 940 1208 qui
958 1158 1134 1207 Lysiam,
1174 1156 1434 1205 Herodotum,
1465 1156 1580 1194 Thu-

100 1211 278 1262 cydidem
307 1225 443 1262 parum
461 1210 644 1248 studiosos
671 1212 748 1248 eius
777 1213 890 1260 artis,
921 1225 1018 1264 quae
1047 1214 1085 1248 in
1109 1213 1284 1249 orationis
1306 1214 1580 1264 compositione

99 1275 286 1315 versatur,
316 1268 428 1304 fuisse
449 1266 607 1305 dixerat.
664 1269 796 1318 Neque
815 1281 905 1305 vero
926 1267 1025 1305 hanc
1055 1267 1292 1305 Herodoteae
1324 1270 1502 1306 orationis
1517 1272 1579 1307 iu-

99 1324 314 1360 cunditatem
333 1326 411 1361 sive
431 1322 722 1374 pulcritudinem
736 1325 776 1359 in
794 1325 916 1361 verbis
927 1332 1075 1361 tantum
1087 1326 1319 1376 quaerebant
1336 1333 1491 1373 veteres,
1512 1325 1579 1363 sed

99 1382 308 1417 suavitatem
329 1393 481 1432 quoque
502 1380 739 1428 elocutionis,
759 1381 799 1416 in
827 1382 940 1418 totius
960 1382 1137 1418 orationis
1155 1388 1341 1418 structura
1361 1389 1397 1419 et
1417 1395 1579 1433 compo-

98 1437 232 1473 sitione
265 1437 375 1473 sitam
404 1435 685 1484 collaudabant,
724 1449 844 1488 quum
870 1438 922 1474 ita
951 1439 1108 1487 scriptor
1135 1450 1193 1473 res
1215 1444 1383 1487 enarret,
1429 1445 1472 1475 ut
1490 1440 1577 1475 illae

97 1492 213 1529 fando
257 1493 317 1528 vel
358 1491 599 1529 iucundiores
637 1493 731 1529 fiant
759 1506 876 1544 quam
906 1494 937 1530 si
966 1494 1082 1530 oculis
1113 1494 1358 1530 subiiciantur
1384 1496 1579 1546 nostrique

72 1560 74 1563 ·
97 1550 215 1584 animi
240 1547 330 1585 inde
359 1550 420 1586 vel
449 1550 618 1584 maxime
648 1557 974 1587 commoveantur.
996 1546 1065 1598 issi)
1121 1549 1280 1586 Accedit
1309 1548 1367 1586 his
1387 1557 1493 1600 grata
1512 1553 1579 1588 illa

97 1606 273 1641 orationis
291 1607 445 1642 variatio
464 1606 505 1641 in
524 1606 646 1642 verbis
667 1607 822 1655 singulis
851 1619 972 1657 aeque
988 1619 1031 1642 ac
1058 1612 1139 1642 tota
1159 1607 1335 1643 orationis
1358 1607 1576 1644 conforma-

95 1662 198 1697 tione
231 1662 329 1699 bene
357 1662 572 1711 conspicua.
628 1662 679 1698 Et
707 1675 826 1713 quum
853 1661 1067 1699 Herodotus
1096 1663 1135 1698 in
1157 1664 1326 1699 oratioue
1345 1676 1414 1699 sua
1433 1664 1576 1700 iustum

94 1718 236 1769 ubique
259 1724 386 1754 teneat
413 1717 575 1761 modum
599 1731 672 1754 nec
701 1720 779 1755 ullo
809 1718 926 1756 modo
952 1719 1164 1755 molestiam
1195 1726 1318 1767 creet,
1349 1726 1455 1756 extra
1481 1720 1575 1757 fines

96 1772 311 1823 evagando,
344 1787 539 1825 quumque
558 1775 707 1824 singula
725 1776 859 1822 verba,
888 1776 980 1826 quin
1001 1777 1124 1812 omnis
1155 1777 1272 1812 oratio
1302 1777 1445 1825 optime
1468 1775 1575 1812 dele-

96 1836 156 1866 cta
184 1831 314 1880 reique
340 1832 508 1866 maxime
542 1832 768 1867 conveniens
797 1833 1030 1878 inveniatur,
1061 1831 1299 1881 praedicatur
1317 1834 1358 1868 in
1378 1831 1575 1870 Herodoto

96 1885 194 1936 μέση
226 1885 344 1933 λέξις,
373 1886 443 1934 ***)
474 1900 571 1938 quae
590 1886 831 1923 mediocriter
850 1894 1057 1937 temperata
1078 1887 1226 1924 delectu
1247 1895 1391 1925 constat
1426 1902 1571 1937 eorum,

96 1954 194 1992 quae
212 1943 250 1977 in
271 1943 422 1993 reliquis
443 1942 592 1978 dicendi
613 1944 812 1992 generibus
838 1943 1038 1980 videantur
1055 1942 1395 1993 praestantissima,
1417 1946 1573 1996 eiusque

94 2010 219 2035 sermo
245 1998 416 2035 medium
444 1998 639 2051 quoddam
674 2006 805 2036 tenere
839 1999 974 2037 dicitnr
1004 2001 1101 2037 iuter
1129 2001 1289 2037 nimiam
1317 2003 1572 2039 austeritatem

183 2189 221 2230 *)
255 2188 353 2221 Conf.
379 2190 463 2222 nott.
492 2189 536 2222 ad
559 2189 588 2232 I,
612 2190 643 2224 7.
665 2189 710 2223 T.
734 2188 751 2222 I
774 2201 807 2234 p.
831 2190 888 2224 23.
922 2189 950 2231 Ῑ,
973 2191 1029 2225 32.
1064 2190 1110 2232 11,
1135 2190 1168 2223 9.
1195 2189 1272 2225 145.
1311 2190 1357 2224 Τ.
1390 2189 1408 2223 Ι
1433 2200 1469 2236 p.
1493 2189 1572 2226 496.

94 2233 170 2267 819.
195 2234 271 2276 vn,
298 2235 372 2269 187.
397 2235 440 2268 T.
465 2234 516 2267 111
538 2246 572 2279 p.
597 2236 663 2270 732
686 2246 757 2280 seq.
783 2235 857 2269 c011.
881 2235 942 2277 IX,
967 2237 1010 2270 29
1026 2237 1089 2277 ‚T.
1114 2237 1161 2270 lv
1186 2248 1218 2280 p.
1242 2235 1322 2271 251.

183 2301 241 2344 **)
267 2302 366 2336 Conf.
376 2303 512 2346 Dionys
530 2303 640 2337 Halic.
665 2304 717 2336 De
741 2308 913 2347 composit.
936 2305 1054 2339 verbb.
1079 2304 1131 2336 III
1155 2316 1188 2348 p.
1212 2304 1347 2338 37-47
1372 2303 1426 2338 6(1.
1445 2304 1573 2337 Sebae-

93 2348 156 2380 fer
178 2347 252 2387 (ubi
276 2350 426 2392 exempla
448 2361 490 2382 ex
513 2349 688 2383 Herodoto
709 2350 810 2383 affeit
833 2350 861 2388 I,
890 2352 922 2383 6.
949 2351 1000 2391 8)
1025 2351 1120 2394 IVp
1124 2350 1201 2383 .57
1225 2351 1298 2383 coll.
1318 2350 1350 2383 X
1367 2350 1423 2382 fin.
1448 2361 1481 2393 p.
1495 2349 1571 2391 115,

93 2392 152 2424 ubi
182 2393 407 2426 Herodoteam
442 2395 623 2428 orationem
655 2401 690 2428 et
724 2395 853 2427 dulcem
889 2392 1055 2438 (ἡδεῖαν)
1090 2361 1131 2428 ept
1154 2395 1304 2440 pulcram
1340 2407 1415 2428 esse
1440 2395 1571 2428 statuit.

94 2438 457 2481 Conf..X1Xp.267
482 2452 554 2483 seq.
581 2442 667 2474 Add.
692 2441 968 2474 Lucian.He10d.
996 2443 1014 2475 1
1040 2441 1114 2474 init.
1163 2441 1250 2474 Hinc
1267 2441 1572 2493 apudAthenaeum

93 2484 155 2522 ΠΙ,
182 2483 221 2516 15
248 2495 280 2537 p.
305 2485 348 2517 ’78
372 2485 418 2518 E
438 2497 472 2530 p.
497 2487 562 2520 309
587 2488 700 2521 SchW.
732 2486 926 2520 Herodotus
950 2490 1090 2521 vocatur
1115 2482 1135 2521 ὁ
1167 2484 1480 2530 θαυμασιώτατος
1509 2485 1571 2519 καὶ

92 2531 184 2571 μελὶι
185 2528 291 2571 '1975ss-

183 2597 220 2616 *
226 2597 260 2640 k)
286 2597 384 2632 Cons.
406 2599 544 2641 Dionys.
561 2600 672 2633 Halic.
696 2600 748 2634 De
772 2601 868 2636 verb.
891 2611 1036 2643 compos.
1062 2600 1179 2633 XXIV
1202 2611 1235 2644 p.
1260 2601 1328 2634 372
1350 2599 1570 2633 Schaef.c011.

91 2641 176 2675 XIX
200 2653 232 2686 p
258 2644 323 2676 267
350 2655 421 2688 seq.
445 2646 580 2680 Schaef.
607 2646 659 2679 De
683 2646 866 2680 admirand.
892 2646 924 2678 vi
949 2645 1078 2678 dicen&
1111 2646 1144 2677 in
1169 2645 1339 2678 Demosth.
1375 2647 1408 2686 ἓ.
1433 2645 1490 2679 41.
1525 2645 1571 2678 Τ

90 2687 136 2720 VI
162 2699 194 2732 p.
222 2689 309 2721 1082
335 2700 407 2733 seq.
430 2690 545 2724 Reisk.
570 2692 660 2734 (coll.
687 2693 720 2735 ς.
750 2692 793 2725 35
812 2703 881 2735 seq
899 2703 932 2734 p.
958 2692 1075 2733 1067),
1099 2691 1157 2723 ubi
1185 2691 1350 2724 Herodoti
1385 2691 1488 2724 affert,
1521 2690 1573 2723 lo-

91 2744 164 2765 cum
191 2733 312 2787 V11‚8
341 2736 370 2774 ἓ.
397 2737 429 2768 1.
450 2735 639 2770 Marcellin
662 2738 730 2771 Vit.
743 2737 910 2791 Thupyd
934 2739 966 2777 ἓ.
989 2736 1052 2769 40:
1091 2736 1170 2769 ἴσθι
1195 2732 1254 2770 ὅτι
1273 2734 1370 2781 μέσῳ
1393 2736 1461 2778 μὲν
1489 2737 1572 2778 (χοι-

91 2758 267 2855 ἕακτηρι),
291 2775 498 2820 Ηρόδοτος
523 2779 713 2826 ἐχρήσατο,
741 2778 784 2822 ὃς
801 2779 886 2816 οὔτε
907 2778 1052 2826 υψηλός
1072 2779 1168 2815 ἐστιν
1192 2778 1280 2816 οὔτε
1302 2771 1435 2826 ἰσχνός,
1462 2781 1569 2826 ἰσχνῳ

115 2835 129 2857 ε
148 2836 166 2857 ο
191 2825 383 2868 Αενοφών.
