<?xml version="1.0" encoding="UTF-8"?>
<!DOCTYPE html PUBLIC "-//W3C//DTD XHTML 1.0 Transitional//EN"
    "http://www.w3.org/TR/xhtml1/DTD/xhtml1-transitional.dtd">
<html xmlns="http://www.w3.org/1999/xhtml" xml:lang="en" lang="en">
 <head>
  <title>
</title>
<meta http-equiv="Content-Type" content="text/html;charset=utf-8" />
  <meta name='ocr-system' content='tesseract 3.04.00' />
  <meta name='ocr-capabilities' content='ocr_page ocr_carea ocr_par ocr_line ocrx_word'/>
</head>
<body>
  <div class='ocr_page' id='page_1' title='image "./musaeher04hero/musaeher04hero_0383.png"; bbox 0 0 1839 3292; ppageno 0'>
   <div class='ocr_carea' id='block_1_1' title="bbox 162 195 1555 246">
    <p class='ocr_par' dir='ltr' id='par_1_1' title="bbox 162 195 1555 246">
     <span class='ocr_line' id='line_1_1' title="bbox 162 195 1555 246; baseline 0.004 -10"><span class='ocrx_word' id='word_1_1' title='bbox 162 197 536 237; x_wconf 84' lang='lat' dir='ltr'><strong>COMMENTATIO</strong></span> <span class='ocrx_word' id='word_1_2' title='bbox 557 197 625 232; x_wconf 92' lang='lat' dir='ltr'>DE</span> <span class='ocrx_word' id='word_1_3' title='bbox 646 195 773 233; x_wconf 90' lang='lat' dir='ltr'><strong>VITA</strong></span> <span class='ocrx_word' id='word_1_4' title='bbox 791 196 865 233; x_wconf 92' lang='lat' dir='ltr'>ET</span> <span class='ocrx_word' id='word_1_5' title='bbox 886 196 1119 236; x_wconf 85' lang='lat' dir='ltr'>SCRIPTIS</span> <span class='ocrx_word' id='word_1_6' title='bbox 1136 200 1413 241; x_wconf 88' lang='lat' dir='ltr'>HERODOTI.</span> <span class='ocrx_word' id='word_1_7' title='bbox 1470 206 1555 246; x_wconf 72' lang='lat'>375</span> 
     </span>
    </p>
   </div>
   <div class='ocr_carea' id='block_1_2' title="bbox 79 309 1556 418">
    <p class='ocr_par' dir='ltr' id='par_1_2' title="bbox 79 309 1556 418">
     <span class='ocr_line' id='line_1_2' title="bbox 79 309 1556 358; baseline 0.004 -11"><span class='ocrx_word' id='word_1_8' title='bbox 79 324 168 348; x_wconf 86' lang='lat' dir='ltr'>vero</span> <span class='ocrx_word' id='word_1_9' title='bbox 199 312 239 347; x_wconf 89' lang='lat' dir='ltr'>in</span> <span class='ocrx_word' id='word_1_10' title='bbox 269 310 340 347; x_wconf 87' lang='lat' dir='ltr'>hac</span> <span class='ocrx_word' id='word_1_11' title='bbox 365 315 493 345; x_wconf 83' lang='lat' dir='ltr'>nostra</span> <span class='ocrx_word' id='word_1_12' title='bbox 524 309 855 346; x_wconf 88' lang='lat' dir='ltr'>Commentatione</span> <span class='ocrx_word' id='word_1_13' title='bbox 886 316 1109 358; x_wconf 80' lang='lat' dir='ltr'>tractantur,</span> <span class='ocrx_word' id='word_1_14' title='bbox 1150 310 1332 349; x_wconf 86' lang='lat' dir='ltr'>indicabit</span> <span class='ocrx_word' id='word_1_15' title='bbox 1351 312 1458 352; x_wconf 86' lang='lat' dir='ltr'><strong>hicce</strong></span> <span class='ocrx_word' id='word_1_16' title='bbox 1478 317 1556 353; x_wconf 87' lang='lat' dir='ltr'>sin-</span> 
     </span>
     <span class='ocr_line' id='line_1_3' title="bbox 79 363 459 418; baseline -0.008 -15"><span class='ocrx_word' id='word_1_17' title='bbox 79 369 170 418; x_wconf 85' lang='lat' dir='ltr'>gull.</span> <span class='ocrx_word' id='word_1_18' title='bbox 192 380 299 417; x_wconf 83' lang='lat' dir='ltr'>capp.</span> <span class='ocrx_word' id='word_1_19' title='bbox 320 363 459 401; x_wconf 79' lang='lat' dir='ltr'>iudex:</span> 
     </span>
    </p>
   </div>
   <div class='ocr_carea' id='block_1_3' title="bbox 233 479 379 1410">
    <p class='ocr_par' dir='ltr' id='par_1_3' title="bbox 233 479 379 1410">
     <span class='ocr_line' id='line_1_4' title="bbox 243 479 379 522; baseline -0.015 -5"><span class='ocrx_word' id='word_1_20' title='bbox 243 479 379 522; x_wconf 49' lang='lat' dir='ltr'>§L</span> 
     </span>
     <span class='ocr_line' id='line_1_5' title="bbox 241 547 378 590; baseline 0.007 -8"><span class='ocrx_word' id='word_1_21' title='bbox 241 547 378 590; x_wconf 50' lang='lat' dir='ltr'>§a</span> 
     </span>
     <span class='ocr_line' id='line_1_6' title="bbox 241 613 375 658; baseline 0.015 -8"><span class='ocrx_word' id='word_1_22' title='bbox 241 613 375 658; x_wconf 45' lang='lat' dir='ltr'>§a</span> 
     </span>
     <span class='ocr_line' id='line_1_7' title="bbox 240 735 374 782; baseline 0 -8"><span class='ocrx_word' id='word_1_23' title='bbox 240 735 374 782; x_wconf 34' lang='grc' dir='ltr'>φφ</span> 
     </span>
     <span class='ocr_line' id='line_1_8' title="bbox 239 804 372 850; baseline -0.06 0"><span class='ocrx_word' id='word_1_24' title='bbox 239 805 276 850; x_wconf 62' lang='grc' dir='ltr'>ξ.</span> <span class='ocrx_word' id='word_1_25' title='bbox 334 804 372 845; x_wconf 87' lang='lat'>5.</span> 
     </span>
     <span class='ocr_line' id='line_1_9' title="bbox 236 928 372 972; baseline 0 -8"><span class='ocrx_word' id='word_1_26' title='bbox 236 928 372 972; x_wconf 49' lang='lat' dir='ltr'>§a</span> 
     </span>
     <span class='ocr_line' id='line_1_10' title="bbox 235 1051 372 1095; baseline 0.007 -8"><span class='ocrx_word' id='word_1_27' title='bbox 235 1051 372 1095; x_wconf 48' lang='lat' dir='ltr'>§m</span> 
     </span>
     <span class='ocr_line' id='line_1_11' title="bbox 235 1118 372 1162; baseline -0.058 0"><span class='ocrx_word' id='word_1_28' title='bbox 235 1118 273 1162; x_wconf 59' lang='grc' dir='ltr'>ς.</span> <span class='ocrx_word' id='word_1_29' title='bbox 332 1120 372 1158; x_wconf 83' lang='lat'>8.</span> 
     </span>
     <span class='ocr_line' id='line_1_12' title="bbox 233 1241 370 1287; baseline -0.058 0"><span class='ocrx_word' id='word_1_30' title='bbox 233 1241 272 1287; x_wconf 59' lang='grc' dir='ltr'>ξ.</span> <span class='ocrx_word' id='word_1_31' title='bbox 330 1244 370 1282; x_wconf 87' lang='lat'>9.</span> 
     </span>
     <span class='ocr_line' id='line_1_13' title="bbox 235 1365 368 1410; baseline -0.015 -6"><span class='ocrx_word' id='word_1_32' title='bbox 235 1365 368 1410; x_wconf 56' lang='lat' dir='ltr'>sm</span> 
     </span>
    </p>
   </div>
   <div class='ocr_carea' id='block_1_4' title="bbox 255 1547 363 1586">
    <p class='ocr_par' dir='ltr' id='par_1_4' title="bbox 255 1547 363 1586">
     <span class='ocr_line' id='line_1_14' title="bbox 255 1547 363 1586; baseline -0.009 -3"><span class='ocrx_word' id='word_1_33' title='bbox 255 1547 363 1586; x_wconf 80' lang='lat'>.11.</span> 
     </span>
    </p>
   </div>
   <div class='ocr_carea' id='block_1_5' title="bbox 229 1614 365 1659">
    <p class='ocr_par' dir='ltr' id='par_1_5' title="bbox 229 1614 365 1659">
     <span class='ocr_line' id='line_1_15' title="bbox 229 1614 365 1659; baseline 0 -7"><span class='ocrx_word' id='word_1_34' title='bbox 229 1614 267 1659; x_wconf 64' lang='grc' dir='ltr'>ξ.</span> <span class='ocrx_word' id='word_1_35' title='bbox 302 1617 365 1656; x_wconf 80' lang='lat'>12.</span> 
     </span>
    </p>
   </div>
   <div class='ocr_carea' id='block_1_6' title="bbox 225 2179 262 2292">
    <p class='ocr_par' dir='ltr' id='par_1_6' title="bbox 225 2179 262 2292">
     <span class='ocr_line' id='line_1_16' title="bbox 225 2179 262 2292; textangle 90"><span class='ocrx_word' id='word_1_36' title='bbox 225 2248 262 2292; x_wconf 60' lang='lat'>20⁸</span> <span class='ocrx_word' id='word_1_37' title='bbox 225 2179 247 2223; x_wconf 63' lang='lat'>⁸62</span> 
     </span>
    </p>
   </div>
   <div class='ocr_carea' id='block_1_7' title="bbox 225 1852 263 2099">
    <p class='ocr_par' dir='ltr' id='par_1_7' title="bbox 225 1852 263 2099">
     <span class='ocr_line' id='line_1_17' title="bbox 225 1852 263 2099; textangle 90"><span class='ocrx_word' id='word_1_38' title='bbox 225 1852 263 2099; x_wconf 48' lang='grc' dir='ltr'>ψψφφ</span> 
     </span>
    </p>
   </div>
   <div class='ocr_carea' id='block_1_8' title="bbox 296 1854 359 1892">
    <p class='ocr_par' dir='ltr' id='par_1_8' title="bbox 296 1854 359 1892">
     <span class='ocr_line' id='line_1_18' title="bbox 296 1854 359 1892; baseline 0 -1"><span class='ocrx_word' id='word_1_39' title='bbox 296 1854 359 1892; x_wconf 80' lang='grc'>13.</span> 
     </span>
    </p>
   </div>
   <div class='ocr_carea' id='block_1_9' title="bbox 299 1918 359 1959">
    <p class='ocr_par' dir='ltr' id='par_1_9' title="bbox 299 1918 359 1959">
     <span class='ocr_line' id='line_1_19' title="bbox 299 1918 359 1959; baseline 0.033 -2"><span class='ocrx_word' id='word_1_40' title='bbox 299 1918 359 1959; x_wconf 81' lang='lat'>14.</span> 
     </span>
    </p>
   </div>
   <div class='ocr_carea' id='block_1_10' title="bbox 254 1988 361 2028">
    <p class='ocr_par' dir='ltr' id='par_1_10' title="bbox 254 1988 361 2028">
     <span class='ocr_line' id='line_1_20' title="bbox 254 1988 361 2028; baseline 0.019 -4"><span class='ocrx_word' id='word_1_41' title='bbox 254 2014 264 2024; x_wconf 93' lang='lat'>.</span> <span class='ocrx_word' id='word_1_42' title='bbox 297 1988 361 2028; x_wconf 87' lang='lat'>15.</span> 
     </span>
    </p>
   </div>
   <div class='ocr_carea' id='block_1_11' title="bbox 296 2056 385 2095">
    <p class='ocr_par' dir='ltr' id='par_1_11' title="bbox 296 2056 385 2095">
     <span class='ocr_line' id='line_1_21' title="bbox 296 2056 385 2095; baseline 0.022 -2"><span class='ocrx_word' id='word_1_43' title='bbox 296 2056 385 2095; x_wconf 82' lang='lat'>16.’</span> 
     </span>
    </p>
   </div>
   <div class='ocr_carea' id='block_1_12' title="bbox 253 2182 362 2219">
    <p class='ocr_par' dir='ltr' id='par_1_12' title="bbox 253 2182 362 2219">
     <span class='ocr_line' id='line_1_22' title="bbox 253 2182 362 2219; baseline 0.009 -4"><span class='ocrx_word' id='word_1_44' title='bbox 253 2205 263 2215; x_wconf 88' lang='lat'>.</span> <span class='ocrx_word' id='word_1_45' title='bbox 300 2182 362 2219; x_wconf 80' lang='lat'>17.</span> 
     </span>
    </p>
   </div>
   <div class='ocr_carea' id='block_1_13' title="bbox 297 2249 356 2287">
    <p class='ocr_par' dir='ltr' id='par_1_13' title="bbox 297 2249 356 2287">
     <span class='ocr_line' id='line_1_23' title="bbox 297 2249 356 2287; baseline 0 -1"><span class='ocrx_word' id='word_1_46' title='bbox 297 2249 356 2287; x_wconf 76' lang='lat'>18.</span> 
     </span>
    </p>
   </div>
   <div class='ocr_carea' id='block_1_14' title="bbox 434 477 1340 597">
    <p class='ocr_par' dir='ltr' id='par_1_14' title="bbox 434 477 1340 597">
     <span class='ocr_line' id='line_1_24' title="bbox 436 477 1135 526; baseline 0.004 -13"><span class='ocrx_word' id='word_1_47' title='bbox 436 478 494 513; x_wconf 84' lang='lat' dir='ltr'>De</span> <span class='ocrx_word' id='word_1_48' title='bbox 514 483 685 526; x_wconf 87' lang='lat' dir='ltr'>tempore</span> <span class='ocrx_word' id='word_1_49' title='bbox 706 482 743 513; x_wconf 85' lang='lat' dir='ltr'>et</span> <span class='ocrx_word' id='word_1_50' title='bbox 760 477 917 513; x_wconf 88' lang='lat' dir='ltr'>nomine</span> <span class='ocrx_word' id='word_1_51' title='bbox 937 477 1135 516; x_wconf 84' lang='lat' dir='ltr'>Herodoti.</span> 
     </span>
     <span class='ocr_line' id='line_1_25' title="bbox 434 542 1340 597; baseline 0.007 -18"><span class='ocrx_word' id='word_1_52' title='bbox 434 546 491 580; x_wconf 91' lang='lat' dir='ltr'>De</span> <span class='ocrx_word' id='word_1_53' title='bbox 512 545 631 594; x_wconf 88' lang='lat' dir='ltr'>patria</span> <span class='ocrx_word' id='word_1_54' title='bbox 651 542 856 590; x_wconf 85' lang='lat' dir='ltr'>Herodoti,</span> <span class='ocrx_word' id='word_1_55' title='bbox 888 546 1127 594; x_wconf 87' lang='lat' dir='ltr'>parentibus,</span> <span class='ocrx_word' id='word_1_56' title='bbox 1158 548 1340 597; x_wconf 86' lang='lat' dir='ltr'>cognatis.</span> 
     </span>
    </p>
   </div>
   <div class='ocr_carea' id='block_1_15' title="bbox 434 609 1558 705">
    <p class='ocr_par' dir='ltr' id='par_1_15' title="bbox 434 609 1558 705">
     <span class='ocr_line' id='line_1_26' title="bbox 434 609 1558 668; baseline 0.006 -21"><span class='ocrx_word' id='word_1_57' title='bbox 434 613 490 648; x_wconf 90' lang='lat' dir='ltr'>De</span> <span class='ocrx_word' id='word_1_58' title='bbox 511 609 734 646; x_wconf 82' lang='lat' dir='ltr'>educatione</span> <span class='ocrx_word' id='word_1_59' title='bbox 755 617 791 646; x_wconf 91' lang='lat' dir='ltr'>et</span> <span class='ocrx_word' id='word_1_60' title='bbox 813 611 1045 647; x_wconf 78' lang='lat' dir='ltr'>institutione</span> <span class='ocrx_word' id='word_1_61' title='bbox 1065 613 1249 651; x_wconf 86' lang='lat' dir='ltr'>Herodoti</span> <span class='ocrx_word' id='word_1_62' title='bbox 1278 616 1433 668; x_wconf 84' lang='lat' dir='ltr'>eiusque</span> <span class='ocrx_word' id='word_1_63' title='bbox 1452 629 1558 654; x_wconf 89' lang='lat' dir='ltr'>com-</span> 
     </span>
     <span class='ocr_line' id='line_1_27' title="bbox 486 666 1042 705; baseline 0.002 -2"><span class='ocrx_word' id='word_1_64' title='bbox 486 667 699 703; x_wconf 84' lang='lat' dir='ltr'>moratione</span> <span class='ocrx_word' id='word_1_65' title='bbox 719 666 759 702; x_wconf 89' lang='lat' dir='ltr'>in</span> <span class='ocrx_word' id='word_1_66' title='bbox 780 666 888 703; x_wconf 88' lang='lat' dir='ltr'>Sami</span> <span class='ocrx_word' id='word_1_67' title='bbox 907 668 1042 705; x_wconf 84' lang='lat' dir='ltr'>insula.</span> 
     </span>
    </p>
   </div>
   <div class='ocr_carea' id='block_1_16' title="bbox 433 734 1557 789">
    <p class='ocr_par' dir='ltr' id='par_1_16' title="bbox 433 734 1557 789">
     <span class='ocr_line' id='line_1_28' title="bbox 433 734 1557 789; baseline 0.007 -18"><span class='ocrx_word' id='word_1_68' title='bbox 433 737 490 771; x_wconf 92' lang='lat' dir='ltr'>De</span> <span class='ocrx_word' id='word_1_69' title='bbox 510 734 730 770; x_wconf 84' lang='lat' dir='ltr'>recitatione</span> <span class='ocrx_word' id='word_1_70' title='bbox 751 735 872 784; x_wconf 79' lang='lat' dir='ltr'>operis</span> <span class='ocrx_word' id='word_1_71' title='bbox 895 736 1094 787; x_wconf 69' lang='lat' dir='ltr'>Olympiae</span> <span class='ocrx_word' id='word_1_72' title='bbox 1125 737 1282 789; x_wconf 85' lang='lat' dir='ltr'>aliisque</span> <span class='ocrx_word' id='word_1_73' title='bbox 1304 739 1395 776; x_wconf 88' lang='lat' dir='ltr'>locis</span> <span class='ocrx_word' id='word_1_74' title='bbox 1416 737 1557 779; x_wconf 86' lang='lat' dir='ltr'>habita.</span> 
     </span>
    </p>
   </div>
   <div class='ocr_carea' id='block_1_17' title="bbox 430 800 1556 899">
    <p class='ocr_par' dir='ltr' id='par_1_17' title="bbox 430 800 1556 899">
     <span class='ocr_line' id='line_1_29' title="bbox 430 800 1556 856; baseline 0.006 -18"><span class='ocrx_word' id='word_1_75' title='bbox 430 804 487 838; x_wconf 89' lang='lat' dir='ltr'>De</span> <span class='ocrx_word' id='word_1_76' title='bbox 518 800 681 837; x_wconf 83' lang='lat' dir='ltr'>discessu</span> <span class='ocrx_word' id='word_1_77' title='bbox 714 801 900 839; x_wconf 81' lang='lat' dir='ltr'>Herodoti</span> <span class='ocrx_word' id='word_1_78' title='bbox 930 817 950 839; x_wconf 90' lang='lat' dir='ltr'>e</span> <span class='ocrx_word' id='word_1_79' title='bbox 982 805 1142 841; x_wconf 76' lang='lat' dir='ltr'>Graecia</span> <span class='ocrx_word' id='word_1_80' title='bbox 1173 807 1213 842; x_wconf 87' lang='lat' dir='ltr'>in</span> <span class='ocrx_word' id='word_1_81' title='bbox 1234 807 1405 856; x_wconf 82' lang='lat' dir='ltr'>Italiam,</span> <span class='ocrx_word' id='word_1_82' title='bbox 1439 807 1556 845; x_wconf 89' lang='lat' dir='ltr'>Thu-</span> 
     </span>
     <span class='ocr_line' id='line_1_30' title="bbox 488 859 861 899; baseline 0.005 -6"><span class='ocrx_word' id='word_1_83' title='bbox 488 859 633 893; x_wconf 88' lang='lat' dir='ltr'>riorum</span> <span class='ocrx_word' id='word_1_84' title='bbox 652 859 692 893; x_wconf 88' lang='lat' dir='ltr'>in</span> <span class='ocrx_word' id='word_1_85' title='bbox 711 859 861 899; x_wconf 84' lang='lat' dir='ltr'>urbem.</span> 
     </span>
    </p>
   </div>
   <div class='ocr_carea' id='block_1_18' title="bbox 429 925 1552 1090">
    <p class='ocr_par' dir='ltr' id='par_1_18' title="bbox 429 925 1552 1090">
     <span class='ocr_line' id='line_1_31' title="bbox 431 925 1552 976; baseline 0.008 -15"><span class='ocrx_word' id='word_1_86' title='bbox 431 925 513 971; x_wconf 74' lang='lat' dir='ltr'>Quo</span> <span class='ocrx_word' id='word_1_87' title='bbox 542 938 663 976; x_wconf 86' lang='lat' dir='ltr'>usque</span> <span class='ocrx_word' id='word_1_88' title='bbox 690 925 906 963; x_wconf 87' lang='lat' dir='ltr'>Herodotus</span> <span class='ocrx_word' id='word_1_89' title='bbox 937 927 1086 966; x_wconf 81' lang='lat' dir='ltr'>vixerit.</span> <span class='ocrx_word' id='word_1_90' title='bbox 1152 931 1210 966; x_wconf 90' lang='lat' dir='ltr'>De</span> <span class='ocrx_word' id='word_1_91' title='bbox 1238 930 1424 969; x_wconf 83' lang='lat' dir='ltr'>Herodoti</span> <span class='ocrx_word' id='word_1_92' title='bbox 1452 931 1552 969; x_wconf 88' lang='lat' dir='ltr'>ima-</span> 
     </span>
     <span class='ocr_line' id='line_1_32' title="bbox 472 982 637 1032; baseline 0.012 -15"><span class='ocrx_word' id='word_1_93' title='bbox 472 982 637 1032; x_wconf 86' lang='lat' dir='ltr'>ginibus.</span> 
     </span>
     <span class='ocr_line' id='line_1_33' title="bbox 429 1049 917 1090; baseline 0.004 -5"><span class='ocrx_word' id='word_1_94' title='bbox 429 1051 486 1085; x_wconf 93' lang='lat' dir='ltr'>De</span> <span class='ocrx_word' id='word_1_95' title='bbox 506 1050 701 1086; x_wconf 86' lang='lat' dir='ltr'>itineribus</span> <span class='ocrx_word' id='word_1_96' title='bbox 721 1049 917 1090; x_wconf 87' lang='lat' dir='ltr'>Herodoti.</span> 
     </span>
    </p>
   </div>
   <div class='ocr_carea' id='block_1_19' title="bbox 429 1115 1550 1210">
    <p class='ocr_par' dir='ltr' id='par_1_19' title="bbox 429 1115 1550 1210">
     <span class='ocr_line' id='line_1_34' title="bbox 429 1115 1550 1162; baseline 0.008 -9"><span class='ocrx_word' id='word_1_97' title='bbox 429 1119 485 1153; x_wconf 88' lang='lat' dir='ltr'>De</span> <span class='ocrx_word' id='word_1_98' title='bbox 518 1117 684 1155; x_wconf 73' lang='lat' dir='ltr'>fontibus</span> <span class='ocrx_word' id='word_1_99' title='bbox 712 1115 889 1155; x_wconf 85' lang='lat' dir='ltr'>historiae</span> <span class='ocrx_word' id='word_1_100' title='bbox 927 1118 1181 1159; x_wconf 88' lang='lat' dir='ltr'>Herodoteae.</span> <span class='ocrx_word' id='word_1_101' title='bbox 1260 1123 1319 1158; x_wconf 87' lang='lat' dir='ltr'>De</span> <span class='ocrx_word' id='word_1_102' title='bbox 1358 1124 1550 1162; x_wconf 83' lang='lat' dir='ltr'>Hecataeo</span> 
     </span>
     <span class='ocr_line' id='line_1_35' title="bbox 481 1175 639 1210; baseline 0.006 -1"><span class='ocrx_word' id='word_1_103' title='bbox 481 1175 639 1210; x_wconf 86' lang='lat' dir='ltr'>Milesio.</span> 
     </span>
    </p>
   </div>
   <div class='ocr_carea' id='block_1_20' title="bbox 428 1240 1549 1349">
    <p class='ocr_par' dir='ltr' id='par_1_20' title="bbox 428 1240 1549 1349">
     <span class='ocr_line' id='line_1_36' title="bbox 428 1240 1549 1299; baseline 0.007 -21"><span class='ocrx_word' id='word_1_104' title='bbox 428 1241 680 1278; x_wconf 83' lang='lat' dir='ltr'>Continuatur</span> <span class='ocrx_word' id='word_1_105' title='bbox 713 1242 752 1276; x_wconf 88' lang='lat' dir='ltr'>in</span> <span class='ocrx_word' id='word_1_106' title='bbox 782 1240 916 1278; x_wconf 89' lang='lat' dir='ltr'>eodem</span> <span class='ocrx_word' id='word_1_107' title='bbox 949 1251 1188 1292; x_wconf 79' lang='lat' dir='ltr'>argumento.</span> <span class='ocrx_word' id='word_1_108' title='bbox 1257 1245 1356 1292; x_wconf 81' lang='lat' dir='ltr'>Quid</span> <span class='ocrx_word' id='word_1_109' title='bbox 1375 1245 1549 1299; x_wconf 87' lang='lat' dir='ltr'>sophistis</span> 
     </span>
     <span class='ocr_line' id='line_1_37' title="bbox 479 1296 1180 1349; baseline 0.003 -15"><span class='ocrx_word' id='word_1_110' title='bbox 479 1311 521 1335; x_wconf 88' lang='lat' dir='ltr'>ac</span> <span class='ocrx_word' id='word_1_111' title='bbox 541 1296 775 1349; x_wconf 88' lang='lat' dir='ltr'>philosophis</span> <span class='ocrx_word' id='word_1_112' title='bbox 797 1298 1009 1336; x_wconf 83' lang='lat' dir='ltr'>Herodotus</span> <span class='ocrx_word' id='word_1_113' title='bbox 1032 1299 1180 1337; x_wconf 89' lang='lat' dir='ltr'>debeat.</span> 
     </span>
    </p>
   </div>
   <div class='ocr_carea' id='block_1_21' title="bbox 429 1365 1548 1532">
    <p class='ocr_par' dir='ltr' id='par_1_21' title="bbox 429 1365 1548 1532">
     <span class='ocr_line' id='line_1_38' title="bbox 429 1365 1548 1417; baseline 0.004 -15"><span class='ocrx_word' id='word_1_114' title='bbox 429 1366 679 1403; x_wconf 86' lang='lat' dir='ltr'>Continuatur</span> <span class='ocrx_word' id='word_1_115' title='bbox 714 1366 755 1401; x_wconf 85' lang='lat' dir='ltr'>in</span> <span class='ocrx_word' id='word_1_116' title='bbox 781 1365 918 1402; x_wconf 88' lang='lat' dir='ltr'>eodem</span> <span class='ocrx_word' id='word_1_117' title='bbox 947 1375 1188 1417; x_wconf 84' lang='lat' dir='ltr'>argumento.</span> <span class='ocrx_word' id='word_1_118' title='bbox 1260 1370 1361 1407; x_wconf 87' lang='lat' dir='ltr'>Artis</span> <span class='ocrx_word' id='word_1_119' title='bbox 1397 1370 1548 1407; x_wconf 82' lang='lat' dir='ltr'>criticae</span> 
     </span>
     <span class='ocr_line' id='line_1_39' title="bbox 479 1420 1548 1475; baseline 0.006 -17"><span class='ocrx_word' id='word_1_120' title='bbox 479 1423 585 1459; x_wconf 88' lang='lat' dir='ltr'>initia</span> <span class='ocrx_word' id='word_1_121' title='bbox 616 1420 718 1473; x_wconf 86' lang='lat' dir='ltr'>apud</span> <span class='ocrx_word' id='word_1_122' title='bbox 748 1421 1007 1471; x_wconf 85' lang='lat' dir='ltr'>Herodotum,</span> <span class='ocrx_word' id='word_1_123' title='bbox 1037 1426 1103 1475; x_wconf 85' lang='lat' dir='ltr'>qui</span> <span class='ocrx_word' id='word_1_124' title='bbox 1134 1438 1270 1462; x_wconf 80' lang='lat' dir='ltr'>verum</span> <span class='ocrx_word' id='word_1_125' title='bbox 1300 1426 1425 1463; x_wconf 89' lang='lat' dir='ltr'>dicere</span> <span class='ocrx_word' id='word_1_126' title='bbox 1452 1440 1548 1464; x_wconf 86' lang='lat' dir='ltr'>num</span> 
     </span>
     <span class='ocr_line' id='line_1_40' title="bbox 478 1479 1208 1532; baseline 0.003 -16"><span class='ocrx_word' id='word_1_127' title='bbox 478 1479 640 1517; x_wconf 85' lang='lat' dir='ltr'>voluerit</span> <span class='ocrx_word' id='word_1_128' title='bbox 669 1485 782 1529; x_wconf 88' lang='lat' dir='ltr'>atque</span> <span class='ocrx_word' id='word_1_129' title='bbox 802 1481 979 1529; x_wconf 79' lang='lat' dir='ltr'>potuerit,</span> <span class='ocrx_word' id='word_1_130' title='bbox 1001 1482 1208 1532; x_wconf 86' lang='lat' dir='ltr'>quaeritur.</span> 
     </span>
    </p>
   </div>
   <div class='ocr_carea' id='block_1_22' title="bbox 419 1546 1026 1596">
    <p class='ocr_par' dir='ltr' id='par_1_22' title="bbox 419 1546 1026 1596">
     <span class='ocr_line' id='line_1_41' title="bbox 419 1546 1026 1596; baseline 0.002 -13"><span class='ocrx_word' id='word_1_131' title='bbox 419 1548 478 1583; x_wconf 91' lang='lat' dir='ltr'>De</span> <span class='ocrx_word' id='word_1_132' title='bbox 499 1547 644 1583; x_wconf 89' lang='lat' dir='ltr'>ambitu</span> <span class='ocrx_word' id='word_1_133' title='bbox 664 1546 785 1596; x_wconf 89' lang='lat' dir='ltr'>operis</span> <span class='ocrx_word' id='word_1_134' title='bbox 805 1547 1026 1585; x_wconf 86' lang='lat' dir='ltr'>Herodotei.</span> 
     </span>
    </p>
   </div>
   <div class='ocr_carea' id='block_1_23' title="bbox 421 1613 1545 1838">
    <p class='ocr_par' dir='ltr' id='par_1_23' title="bbox 421 1613 1545 1838">
     <span class='ocr_line' id='line_1_42' title="bbox 421 1613 1545 1654; baseline 0.002 -2"><span class='ocrx_word' id='word_1_135' title='bbox 421 1618 479 1653; x_wconf 83' lang='lat' dir='ltr'>De</span> <span class='ocrx_word' id='word_1_136' title='bbox 499 1613 683 1651; x_wconf 90' lang='lat' dir='ltr'>Herodoti</span> <span class='ocrx_word' id='word_1_137' title='bbox 703 1615 858 1651; x_wconf 86' lang='lat' dir='ltr'>consilio</span> <span class='ocrx_word' id='word_1_138' title='bbox 879 1615 919 1650; x_wconf 88' lang='lat' dir='ltr'>iu</span> <span class='ocrx_word' id='word_1_139' title='bbox 939 1613 1092 1652; x_wconf 84' lang='lat' dir='ltr'>historia</span> <span class='ocrx_word' id='word_1_140' title='bbox 1111 1615 1310 1654; x_wconf 87' lang='lat' dir='ltr'>scribenda</span> <span class='ocrx_word' id='word_1_141' title='bbox 1330 1623 1367 1653; x_wconf 89' lang='lat' dir='ltr'>et</span> <span class='ocrx_word' id='word_1_142' title='bbox 1387 1618 1545 1654; x_wconf 85' lang='lat' dir='ltr'>Homeri</span> 
     </span>
     <span class='ocr_line' id='line_1_43' title="bbox 470 1670 1543 1726; baseline 0.003 -18"><span class='ocrx_word' id='word_1_143' title='bbox 470 1672 695 1708; x_wconf 86' lang='lat' dir='ltr'>imitatione.</span> <span class='ocrx_word' id='word_1_144' title='bbox 751 1670 936 1708; x_wconf 87' lang='lat' dir='ltr'>Herodoti</span> <span class='ocrx_word' id='word_1_145' title='bbox 958 1674 1144 1709; x_wconf 86' lang='lat' dir='ltr'>sententia</span> <span class='ocrx_word' id='word_1_146' title='bbox 1165 1672 1212 1710; x_wconf 85' lang='lat' dir='ltr'>de</span> <span class='ocrx_word' id='word_1_147' title='bbox 1235 1673 1305 1711; x_wconf 90' lang='lat' dir='ltr'>deo</span> <span class='ocrx_word' id='word_1_148' title='bbox 1331 1673 1543 1726; x_wconf 84' lang='lat' dir='ltr'>divinisque</span> 
     </span>
     <span class='ocr_line' id='line_1_44' title="bbox 474 1726 1542 1782; baseline 0.003 -17"><span class='ocrx_word' id='word_1_149' title='bbox 474 1730 585 1765; x_wconf 88' lang='lat' dir='ltr'>rebus</span> <span class='ocrx_word' id='word_1_150' title='bbox 602 1757 612 1776; x_wconf 88' lang='lat'>,</span> <span class='ocrx_word' id='word_1_151' title='bbox 644 1727 692 1764; x_wconf 90' lang='lat' dir='ltr'>de</span> <span class='ocrx_word' id='word_1_152' title='bbox 719 1727 820 1775; x_wconf 81' lang='lat' dir='ltr'>fato,</span> <span class='ocrx_word' id='word_1_153' title='bbox 860 1726 907 1764; x_wconf 90' lang='lat' dir='ltr'>de</span> <span class='ocrx_word' id='word_1_154' title='bbox 928 1728 1055 1766; x_wconf 82' lang='lat' dir='ltr'>diviua</span> <span class='ocrx_word' id='word_1_155' title='bbox 1076 1731 1214 1766; x_wconf 86' lang='lat' dir='ltr'>iustitia</span> <span class='ocrx_word' id='word_1_156' title='bbox 1237 1738 1273 1767; x_wconf 91' lang='lat' dir='ltr'>et</span> <span class='ocrx_word' id='word_1_157' title='bbox 1292 1730 1542 1782; x_wconf 82' lang='lat' dir='ltr'>providentia,</span> 
     </span>
     <span class='ocr_line' id='line_1_45' title="bbox 474 1783 1343 1838; baseline 0.005 -16"><span class='ocrx_word' id='word_1_158' title='bbox 474 1785 522 1822; x_wconf 91' lang='lat' dir='ltr'>de</span> <span class='ocrx_word' id='word_1_159' title='bbox 543 1785 702 1822; x_wconf 88' lang='lat' dir='ltr'>oraculis</span> <span class='ocrx_word' id='word_1_160' title='bbox 726 1790 762 1821; x_wconf 88' lang='lat' dir='ltr'>et</span> <span class='ocrx_word' id='word_1_161' title='bbox 785 1783 949 1837; x_wconf 84' lang='lat' dir='ltr'>denique</span> <span class='ocrx_word' id='word_1_162' title='bbox 971 1786 1017 1823; x_wconf 89' lang='lat' dir='ltr'>de</span> <span class='ocrx_word' id='word_1_163' title='bbox 1038 1788 1149 1824; x_wconf 88' lang='lat' dir='ltr'>rebus</span> <span class='ocrx_word' id='word_1_164' title='bbox 1168 1788 1343 1838; x_wconf 80' lang='lat' dir='ltr'>publicis.</span> 
     </span>
    </p>
   </div>
   <div class='ocr_carea' id='block_1_24' title="bbox 414 1853 1489 2041">
    <p class='ocr_par' dir='ltr' id='par_1_24' title="bbox 414 1853 1489 2041">
     <span class='ocr_line' id='line_1_46' title="bbox 414 1853 1117 1903; baseline 0.003 -15"><span class='ocrx_word' id='word_1_165' title='bbox 414 1853 472 1888; x_wconf 88' lang='lat' dir='ltr'>De</span> <span class='ocrx_word' id='word_1_166' title='bbox 491 1853 734 1902; x_wconf 86' lang='lat' dir='ltr'>inscriptione</span> <span class='ocrx_word' id='word_1_167' title='bbox 755 1853 877 1903; x_wconf 84' lang='lat' dir='ltr'>operis</span> <span class='ocrx_word' id='word_1_168' title='bbox 898 1853 1117 1891; x_wconf 76' lang='lat' dir='ltr'>Herodotei.</span> 
     </span>
     <span class='ocr_line' id='line_1_47' title="bbox 417 1920 1293 1959; baseline 0.003 -3"><span class='ocrx_word' id='word_1_169' title='bbox 417 1922 474 1956; x_wconf 89' lang='lat' dir='ltr'>De</span> <span class='ocrx_word' id='word_1_170' title='bbox 502 1920 687 1957; x_wconf 88' lang='lat' dir='ltr'>Herodoti</span> <span class='ocrx_word' id='word_1_171' title='bbox 706 1933 881 1957; x_wconf 88' lang='lat' dir='ltr'>sermone</span> <span class='ocrx_word' id='word_1_172' title='bbox 904 1927 940 1958; x_wconf 86' lang='lat' dir='ltr'>et</span> <span class='ocrx_word' id='word_1_173' title='bbox 970 1920 1129 1959; x_wconf 87' lang='lat' dir='ltr'>dialecto</span> <span class='ocrx_word' id='word_1_174' title='bbox 1150 1923 1293 1959; x_wconf 87' lang='lat' dir='ltr'>Ionica.</span> 
     </span>
     <span class='ocr_line' id='line_1_48' title="bbox 419 1987 1489 2041; baseline 0.003 -17"><span class='ocrx_word' id='word_1_175' title='bbox 419 1989 476 2024; x_wconf 87' lang='lat' dir='ltr'>De</span> <span class='ocrx_word' id='word_1_176' title='bbox 495 1987 624 2025; x_wconf 90' lang='lat' dir='ltr'>indole</span> <span class='ocrx_word' id='word_1_177' title='bbox 647 1989 823 2025; x_wconf 85' lang='lat' dir='ltr'>orationis</span> <span class='ocrx_word' id='word_1_178' title='bbox 839 1988 1078 2026; x_wconf 82' lang='lat' dir='ltr'>Herodoteae</span> <span class='ocrx_word' id='word_1_179' title='bbox 1102 1990 1257 2041; x_wconf 87' lang='lat' dir='ltr'>eiusque</span> <span class='ocrx_word' id='word_1_180' title='bbox 1278 1989 1489 2027; x_wconf 81' lang='lat' dir='ltr'>virtutibus.</span> 
     </span>
    </p>
   </div>
   <div class='ocr_carea' id='block_1_25' title="bbox 415 2055 1539 2162">
    <p class='ocr_par' dir='ltr' id='par_1_25' title="bbox 415 2055 1539 2162">
     <span class='ocr_line' id='line_1_49' title="bbox 415 2055 1539 2110; baseline 0.001 -18"><span class='ocrx_word' id='word_1_181' title='bbox 415 2057 472 2092; x_wconf 92' lang='lat' dir='ltr'>De</span> <span class='ocrx_word' id='word_1_182' title='bbox 492 2055 748 2094; x_wconf 86' lang='lat' dir='ltr'>laudatoribus</span> <span class='ocrx_word' id='word_1_183' title='bbox 768 2056 971 2106; x_wconf 82' lang='lat' dir='ltr'>Herodoti,</span> <span class='ocrx_word' id='word_1_184' title='bbox 1019 2057 1267 2110; x_wconf 87' lang='lat' dir='ltr'>eiusdemque</span> <span class='ocrx_word' id='word_1_185' title='bbox 1311 2056 1539 2093; x_wconf 81' lang='lat' dir='ltr'>detrectato-</span> 
     </span>
     <span class='ocr_line' id='line_1_50' title="bbox 474 2114 856 2162; baseline 0.008 -13"><span class='ocrx_word' id='word_1_186' title='bbox 474 2114 589 2150; x_wconf 87' lang='lat' dir='ltr'>ribus.</span> <span class='ocrx_word' id='word_1_187' title='bbox 636 2115 693 2149; x_wconf 89' lang='lat' dir='ltr'>De</span> <span class='ocrx_word' id='word_1_188' title='bbox 713 2114 856 2162; x_wconf 78' lang='lat' dir='ltr'>glossis.</span> 
     </span>
    </p>
   </div>
   <div class='ocr_carea' id='block_1_26' title="bbox 414 2180 1302 2302">
    <p class='ocr_par' dir='ltr' id='par_1_26' title="bbox 414 2180 1302 2302">
     <span class='ocr_line' id='line_1_51' title="bbox 419 2180 905 2218; baseline 0.002 -1"><span class='ocrx_word' id='word_1_189' title='bbox 419 2183 476 2217; x_wconf 89' lang='lat' dir='ltr'>De</span> <span class='ocrx_word' id='word_1_190' title='bbox 497 2181 688 2218; x_wconf 90' lang='lat' dir='ltr'>codicibus</span> <span class='ocrx_word' id='word_1_191' title='bbox 709 2180 905 2218; x_wconf 85' lang='lat' dir='ltr'>Herodoti.</span> 
     </span>
     <span class='ocr_line' id='line_1_52' title="bbox 414 2248 1302 2302; baseline 0.003 -17"><span class='ocrx_word' id='word_1_192' title='bbox 414 2251 470 2285; x_wconf 90' lang='lat' dir='ltr'>De</span> <span class='ocrx_word' id='word_1_193' title='bbox 491 2249 716 2288; x_wconf 74' lang='lat' dir='ltr'>edificnibus</span> <span class='ocrx_word' id='word_1_194' title='bbox 737 2249 922 2287; x_wconf 88' lang='lat' dir='ltr'>Herodoti</span> <span class='ocrx_word' id='word_1_195' title='bbox 942 2249 1097 2302; x_wconf 79' lang='lat' dir='ltr'>aliisque</span> <span class='ocrx_word' id='word_1_196' title='bbox 1118 2248 1302 2288; x_wconf 83' lang='lat' dir='ltr'>subsidiis.</span> 
     </span>
    </p>
   </div>
  </div>
 </body>
</html>
