1839 3292
545 226 893 262 URANIA.
954 225 1078 260 vill.

1384 228 1435 263 19

143 336 459 395 ε’φερομένοισι
503 334 717 378 ἐπέπιπτε.
775 332 847 376 καὶ
886 331 936 375 τὸ
971 330 1093 382 τέλος
1139 341 1219 386 σφι
1270 329 1435 386 ἐγένετο

170 406 320 461 ἄχαρι·
368 403 427 453 ὠς
463 402 545 458 γὰρ
579 402 630 458 δὴ
660 397 854 444 πλώουσι
886 398 1057 443 αὐτοῖσι
1094 396 1253 454 χειμών
1292 414 1337 441 τε
1365 399 1494 440 καὶ75

168 471 218 514 τὸ
248 471 368 525 ὕδωρ
399 471 643 525 ἐπεγίνετο,
686 469 808 512 ἐοῦσι
847 466 958 510 κατὰ
985 466 1039 509 τὰ
1068 469 1210 508 Κοῖλα
1239 469 1314 520 τῆς
1344 464 1437 508 Εὕ-

168 540 312 595 βοίης,
355 537 591 594 φερόμενοι
619 540 679 594 τῷ
710 534 946 590 πνεύματι,
976 534 1050 577 καὶ
1081 531 1163 576 οὐκ
1194 533 1353 583 εἰδότες
1381 536 1436 588 τῇ

139 607 384 662 δέφέροντο
402 639 414 658 ,
456 604 680 656 ἐξέπιπτον
718 601 831 656 πρὸς
858 601 935 651 τὰς
964 600 1132 655 πέτρας.
1175 599 1364 643 ἐποιέετό
1392 616 1436 644 τε

168 678 255 718 πᾶν
283 673 369 716 ὑπὸ
401 676 484 716 τοῦ
517 676 639 723 θεοῦ,
681 669 794 720 ὅκως
825 669 880 711 ἂν
909 668 1132 724 ἐξισωθείη
1160 672 1222 725 τῷ
1249 666 1437 724 Ἑλληνι-

167 746 231 798 κῷ
261 740 308 783 τὸ
341 740 585 793 Περσικὸν,
617 738 724 794 μηδὲ
753 740 899 793 πολλῷ
928 737 1064 780 πλέον
1095 738 1172 792 εἴη.
1214 730 1338 778 οὗτοι
1358 736 1492 792 μὲν8ο

41 821 104 865 14
170 825 254 852 νυν
288 809 388 862 περὶ
417 807 470 850 τὰ
500 810 642 850 Κοῖλα
671 809 747 861 τῆς
768 804 963 861 Εὐβοίης
1005 805 1324 860 διεφθείροντο.
1383 806 1435 846 Οἱ

172 876 217 919 δ’
258 875 306 919 ἐν
329 874 531 933 Ἀφέτῃσι
560 875 801 933 βάρβαροι,
847 872 906 924 ὥς
936 883 1015 928 σφι
1046 870 1271 928 ἀσμένοισι
1299 870 1435 928 ἡμέρη

111 1022 181 1053 rat.
210 1016 291 1053 crit.
323 1014 371 1052 ad
401 1012 651 1052 Demosthen.
683 1015 733 1055 T.
754 1015 772 1050 I

111 1086 150 1123 p.
174 1075 270 1113 866.
327 1074 384 1108 De
417 1085 512 1109 voce
534 1069 650 1123 ἄχαρι
670 1071 772 1108 conf.

112 1129 224 1165 allata
249 1127 296 1165 ad
316 1130 378 1176 VI,
401 1131 440 1168 9.
499 1128 582 1174 Qua
597 1141 690 1166 voce
710 1129 773 1163 in-

113 1184 230 1222 dicari
267 1185 425 1237 quodvis
452 1186 599 1221 malum
633 1188 710 1220 tout
738 1197 774 1221 ce

113 1242 200 1293 qu'z'l
221 1256 245 1292 y
269 1256 292 1280 a
314 1243 355 1280 cle
377 1241 460 1291 plus
474 1240 647 1291 fcielzeux,
679 1239 718 1276 h.
749 1241 773 1278 l.

114 1300 287 1335 observat
320 1297 541 1336 Larcherus.
601 1298 678 1333 Cur
701 1309 772 1332 au-

114 1362 193 1391 tem
214 1353 253 1390 h.
273 1356 298 1395 l.
319 1351 363 1394 τό
380 1353 487 1399 τέλος
508 1351 625 1404 ἄχαρι
645 1360 686 1389 ut
700 1368 770 1402 τη-

111 1407 297 1450 λικούτου
309 1406 469 1454 πάθους
483 1406 687 1448 οἷνοίκειον
699 1421 768 1445 no-

111 1468 200 1504 tarit
218 1468 415 1517 Longinus
433 1468 490 1502 De
502 1467 683 1502 sublimit.
706 1479 766 1515 cp.

110 1521 166 1562 42
185 1536 273 1574 pag.
294 1526 389 1570 222,
406 1523 487 1558 iure
508 1524 667 1559 miratur
677 1523 769 1559 Vai-

110 1578 237 1627 cken.‚
258 1580 329 1616 nisi
349 1580 506 1616 omnino
528 1578 653 1616 haeca
669 1580 770 1616 scio-

108 1636 146 1672 lo
177 1635 345 1688 quodam
374 1637 621 1686 Longinianis
649 1637 770 1672 inter-

109 1694 206 1730 iecta
235 1700 427 1744 putentur.
487 1693 592 1738 Quae
621 1693 694 1729 sint
720 1688 767 1730 τά

112 1751 242 1788 Κοῖλα
273 1752 344 1800 τῆς
372 1746 569 1800 Εὐβοίης,
603 1748 768 1786 diximus

109 1805 159 1842 ad
178 1807 240 1854 VI,
264 1810 357 1847 100.
401 1805 504 1843 Add.
525 1805 668 1856 Pflugk
686 1807 770 1842 Eu-

109 1863 229 1900 boico.
250 1877 286 1913 p.
307 1862 347 1902 4.
376 1864 547 1899 Verbum
566 1862 770 1902 ἐκπίπτειν

110 1917 158 1956 de
174 1920 230 1967 iis,
261 1920 326 1970 qui
344 1920 586 1970 naufragium
606 1921 704 1970 passi
722 1918 771 1955 ad

108 1976 196 2012 litus
228 1977 448 2023 efficiuntur,
495 1977 639 2027 aliquot
677 1977 769 2012 locis

106 2033 306 2070 illustravit
333 2033 565 2083 VVesseling.
599 2031 647 2069 ad
673 2033 769 2069 Dio-

109 2087 192 2126 dor.
218 2090 265 2135 ΙΙ,
299 2091 366 2129 60.
435 2090 501 2126 Tu
538 2088 616 2128 vid.
654 2102 767 2140 supra

108 2152 205 2182 nott.
226 2144 274 2182 ad
294 2144 434 2194 V1‚44.

165 2199 339 2242 ἐποιέετό
357 2217 397 2241 τε
410 2204 493 2241 πᾶν
513 2198 596 2241 ὑπό
609 2203 682 2240 τοῦ
698 2205 767 2240 θε-

111 2259 174 2306 οῦ,
205 2254 306 2304 ὅκως
326 2254 375 2297 ‹322›
399 2259 543 2307 κ.τ.λ.]
566 2261 649 2303 τοῦ,
662 2257 767 2310 quod

110 2315 152 2351 in
190 2314 330 2352 Aldina
357 2322 394 2352 et
423 2316 502 2352 aliis
539 2314 625 2354 edd.
649 2316 766 2363 abest,

111 2383 202 2407 cmn
217 2369 450 2422 Schweigh„
471 2372 587 2408 Gaisf.
599 2379 635 2408 et
658 2371 767 2408 Bek-

112 2425 205 2464 kero
227 2441 246 2464 e
262 2429 431 2478 pluribus
459 2429 635 2465 revocavi
655 2427 767 2465 codd.

113 2483 339 2534 Intelligitur
359 2486 462 2521 enim
483 2484 574 2522 deus
594 2486 657 2521 ille
668 2486 768 2522 ultor

112 2540 360 2588 superborum
378 2540 610 2594 vindexque,
631 2543 697 2594 qui
707 2555 770 2579 su-

112 2595 285 2645 perbiam
311 2598 510 2635 Persarum
542 2611 655 2648 supra
681 2612 770 2635 mo-

114 2650 209 2687 dum
229 2653 364 2690 elatam
391 2653 578 2705 deprimat
601 2656 770 2692 Graeco-

111 2721 276 2759 rumque
311 2722 368 2745 res
404 2718 552 2761 augeat.
612 2712 670 2749 Cf.
691 2713 769 2749 citt.

113 2763 163 2801 ad
181 2766 261 2814 VH,
287 2768 337 2805 10
359 2767 396 2811 ᾗ.
421 2767 457 2806 5.
515 2768 614 2804 Hinc
642 2769 770 2805 minus

113 2821 245 2874 utique
291 2822 465 2872 placent,
533 2837 632 2876 quae
677 2825 770 2863 Val-

832 1012 1057 1050 ckenaerius
1089 1010 1303 1062 adscripsit:
1345 1024 1490 1063 „quam

829 1069 892 1107 hic
928 1069 992 1106 dat
1032 1068 1249 1105 Herodotus
1288 1069 1488 1115 rationem,

828 1133 988 1163 noverat
1017 1126 1150 1162 Atticis
1177 1126 1302 1176 potius
1329 1126 1490 1175 ingeniis

829 1184 1067 1234 placituram,
1089 1195 1206 1233 quam
1224 1183 1255 1218 si
1273 1182 1490 1232 superbiam

831 1239 984 1276 dixisset
1009 1239 1203 1275 Persicam
1231 1239 1277 1274 ab
1306 1251 1490 1288 arrogan-

828 1297 904 1332 tiae
924 1294 1117 1331 humanae
1137 1293 1288 1332 vindice
1309 1296 1361 1331 sic
1376 1296 1489 1331 casti-

825 1359 956 1401 gatam
1017 1350 1332 1403 depressamque3
1401 1352 1492 1389 alias

824 1421 937 1458 saepe
968 1420 1188 1444 memorans
1227 1409 1393 1443 ultorem
1422 1421 1490 1444 su-

822 1466 1028 1515 perborum
1056 1465 1196 1503 Deum,
1255 1465 1489 1516 Frequenter

825 1524 960 1558 Noster
991 1516 1232 1573 οἷνθρώπινοὲ
1270 1535 1337 1571 μοι
1381 1520 1493 1559 δοκεῖ

826 1577 1066 1631 ἁμαρτεῖν.“
1138 1577 1282 1623 Quibus
1312 1589 1369 1624 eo,
1401 1578 1488 1627 opi-

824 1648 910 1683 nor,
940 1635 1090 1685 respicit
1124 1635 1182 1671 vir
1203 1632 1362 1677 doctus,
1385 1633 1488 1685 quod

823 1690 1064 1728 Herodotum
1092 1691 1133 1726 in
1159 1689 1261 1727 hisce
1289 1692 1487 1727 Musarum

824 1750 925 1786 libris
936 1748 1121 1785 nonnulla
1131 1748 1171 1783 in
1181 1745 1486 1795 Atheniensium,

825 1807 962 1857 quibus
1000 1806 1149 1855 placere
1177 1804 1362 1851 voluerit,
1397 1817 1489 1854 gra-

823 1864 916 1899 tiam
933 1861 1070 1898 dixisse
1084 1860 1375 1900 contenderunt.
1407 1859 1486 1898 Sed

823 1918 900 1957 vid.
922 1925 1017 1955 nott.
1031 1917 1079 1954 ad
1098 1919 1161 1965 VI,
1181 1920 1273 1958 108.
1294 1918 1375 1964 Vll,
1391 1920 1486 1958 139.

821 1976 1017 2026 Expressit
1046 1973 1231 2011 Herodoti
1250 1975 1486 2010 ¹sententiam

823 2032 1014 2069 Diodorus
1047 2033 1115 2077 XI,
1139 2032 1189 2069 13
1214 2031 1310 2079 init„
1332 2038 1485 2067 auctore

825 2089 963 2126 eodem
993 2086 1266 2136 Valckenaer.‚
1298 2088 1363 2137 qui
1394 2100 1484 2124 culn

823 2147 946 2184 verbis
987 2144 1252 2197 sequentibus:
1309 2140 1411 2190 ὅκως
1431 2139 1484 2182 ἂν

824 2202 1034 2252 ἐξισωθείη
1075 2203 1133 2255 τῷ
1178 2198 1393 2252 Ἑλληνικῷ
1439 2196 1485 2240 τό

824 2254 1028 2310 Περσικὸν
1078 2255 1274 2294 contendit
1314 2258 1486 2294 Isocratis

823 2317 940 2354 verba
971 2313 1019 2351 ad
1047 2313 1213 2363 Philipp.
1243 2326 1332 2363 pag.
1358 2316 1410 2353 90
1439 2314 1484 2349 Β.

825 2373 927 2423 [cap.
948 2372 998 2413 15
1021 2372 1057 2416 ξ.
1077 2371 1164 2418 39],
1187 2371 1254 2421 qui
1272 2366 1404 2416 πόλεις
1425 2368 1486 2405 di-

822 2436 932 2467 xerat
970 2424 1245 2478 ὦμαλισμένας
1284 2422 1366 2464 ’ὑπό
1404 2427 1484 2465 τῶν

828 2487 1062 2537 συμφορῶν,
1095 2491 1132 2520 et
1152 2481 1482 2533 ThucydileH,

828 2545 894 2591 57,
925 2543 991 2594 qui
1020 2537 1236 2578 collidendo
1265 2539 1317 2575 ait
1345 2537 1482 2578 ἐπανι-

828 2601 928 2638 σοῦν
947 2593 1258 2646 τοὺς”Ἐλληνας
1282 2592 1382 2647 πρός
1417 2591 1483 2634 οἳλ-

825 2653 983 2707 λη’λους.

1045 2742 1138 2793 Cap.
1159 2742 1264 2780 XIV.

884 2819 938 2870 ὥς
982 2834 1055 2872 σφι
1107 2816 1315 2871 ἀσμένοισι
1354 2819 1481 2874 ἡμέρη

1135 2885 1198 2928 2*

1491 800 1675 840 Graecorum
1691 802 1765 830 cias-

1491 843 1532 861 ffis
1550 839 1638 861 aucta
1655 837 1739 863 navi-

1494 868 1549 895 bus
1568 868 1635 895 LllI
1660 870 1767 896 barba-

1493 910 1543 930 ros
1561 902 1671 931 iterum
1693 902 1765 932 ada-
