1839 3292
506 226 847 263 URANIA.
905 226 1032 263 VIII.

155 343 313 394 ,βῆναι
341 336 413 379 καὶ
441 338 526 377 τῶν
548 335 768 377 οἰκετέων’

1317 228 1400 268 153

799 334 872 377 καί
891 350 953 384 τις
983 334 1126 388 οἰκίην
1145 348 1189 376 τε
1212 331 1402 376 ἀναπλα-

154 405 345 459 ,,σάσθω,
375 402 445 446 καὶ
476 400 645 455 σπόρου
677 400 847 452 ἀνακῶς
872 401 1006 457 ἐχέτω,
1037 400 1275 450 παντελέως
1305 400 1400 443 ἀπε-

155 471 311 526 ,,λάσας
339 469 415 512 τόν
444 468 690 523 βάρβαρον·

98 848 324 887 eorumque,
351 847 447 886 quae
462 831 549 870 huic
571 832 747 870 adiuncta

96 900 194 940 sunt,
218 893 446 928 accusativus
468 889 628 929 additur.
658 890 744 927 Vid.

94 949 191 985 iufra
219 949 295 995 IX,
328 950 379 987 60
408 954 445 983 et
474 948 644 984 Gramm.
676 948 741 986 Gr.

96 1006 133 1050 §-
154 1004 231 1044 546
250 1016 337 1054 pag.
363 1006 467 1044 1072
489 1017 566 1055 seq.
589 1003 648 1040 ed.
669 1017 744 1041 sec.

94 1063 177 1097 Hoc
212 1073 301 1096 vero
332 1061 414 1096 loco
455 1058 744 1116 ἐπιμεληθῆναι

95 1116 296 1154 commode
316 1130 336 1152 e
357 1117 478 1152 verbis
496 1118 536 1154 εὑ
570 1115 642 1167 yde
673 1115 746 1166 ἕ7ει

94 1174 194 1209 necti
206 1178 336 1223 potest.
342 1174 363 1191 “
366 1194 420 1200 —
431 1174 461 1208 V
465 1185 572 1208 ocem
586 1173 747 1210 οἰκετων

97 1229 232 1265 eodem
269 1229 502 1278 significatu,
541 1241 615 1280 quo
648 1230 744 1277 ull,

99 1288 176 1326 106
197 1287 315 1335 accipi
334 1285 460 1323 velim.

152 1353 220 1390 καί
254 1368 313 1399 τις
341 1352 472 1401 οἰκίην
502 1366 541 1390 τε
573 1347 743 1390 ἀναπλα-

98 1405 237 1447 σάσθω
259 1408 325 1447 καὶ
385 1404 536 1457 σπόρου
590 1404 744 1453 α’νακῶς

96 1463 225 1514 ἐχέτω]
256 1467 280 1501 1.
303 1479 335 1504 e.
357 1463 410 1500 Et
431 1465 664 1513 unusquisque
691 1477 743 1500 re-

85 1522 194 1571 ficiat
215 1521 314 1558 aedes
337 1533 419 1556 suas
439 1526 598 1569 curetque
615 1533 744 1557 semen-

95 1581 162 1614 tem
191 1578 287 1627 fieri.
343 1578 400 1612 Ita
440 1575 622 1614 Valcken.
685 1578 743 1613 De

93 1635 317 1683 pronomine
327 1648 396 1679 τις,
417 1632 519 1684 quod
540 1631 618 1669 11.1.
640 1632 742 1669 idem

93 1690 192 1726 valet
215 1697 326 1741 atque
346 1692 424 1734 πᾶς
449 1704 505 1735 τις
527 1702 554 1725 s,
576 1685 631 1736 εἷς
654 1689 743 1742 ἕκα-

94 1757 182 1791 στος
213 1743 497 1798 (unusquisque),
539 1752 632 1783 teste
661 1748 744 1783 Eu-

93 1801 203 1838 stath.
231 1802 278 1839 ad
308 1802 376 1839 Od.
397 1803 449 1837 ΙΙΙ
479 1815 515 1852 p.
546 1804 646 1848 123,
675 1802 742 1843 25.

92 1857 169 1894 vid.
190 1857 321 1895 Matth.
345 1860 407 1894 Gr.
430 1859 493 1896 Gr.
528 1859 564 1903 ξ.
586 1857 686 1906 487,
717 1863 743 1900 2

92 1927 181 1964 pag.
203 1917 298 1955 910.
327 1914 541 1951 Blomfield.
582 1916 742 1952 Glossar.

94 1969 143 2006 ad
173 1970 348 2022 Aeschyl.
381 1970 550 2020 Choeph.
588 1971 652 2011 53.
690 1993 743 2000 --

92 2028 150 2063 De
186 2028 339 2079 reliquis
367 2029 418 2063 ita
455 2027 742 2064 Vale-kenne-

92 2085 217 2120 rius:
249 2085 504 2131 „rarissimum
520 2085 676 2121 arbitror
696 2086 744 2120 il-

91 2138 158 2176 lud
179 2140 310 2188 οἰκίην
330 2136 636 2180 ἀναπλασάσθω.
676 2139 744 2177 Νί-

94 2196 174 2232 dum
185 2197 326 2246 fingere
343 2193 486 2235 πλάσαι
506 2194 629 2247 δόμον
650 2197 744 2234 dixit

92 2252 253 2289 incertus
283 2260 395 2303 poeta
432 2253 561 2304 [quem
590 2253 743 2304 Sopho-

94 2308 191 2344 clem
211 2322 288 2346 esse
307 2309 409 2346 idem
428 2313 633 2360 suspicatur
654 2312 744 2347 Val-

94 2362 288 2414 ckenaer]
320 2365 420 2416 apud
450 2368 615 2418 Lycurg.
657 2380 743 2417 pag.

97 2422 199 2468 166,
238 2422 303 2462 35.
350 2424 461 2473 [pag.
492 2427 572 2464 229
617 2423 743 2460 Reisk

95 2476 161 2512 Tu
179 2478 278 2513 conf.
301 2491 450 2530 quoque
470 2479 744 2531 Wyttenbach.

97 2530 146 2568 ad
178 2534 278 2571 Plut.
295 2535 426 2572 Moral.
446 2537 463 2571 I
491 2550 527 2587 p.
549 2535 666 2588 753]
693 2559 744 2565 —-

98 2582 258 2635 ἆνακῶς
287 2588 397 2640 ἐχέτω
425 2591 527 2629 idem
558 2600 612 2629 est
633 2601 745 2645 atque

95 2643 335 2694 ἐπιμελείτω.
390 2648 473 2684 Vid.
496 2650 663 2686 Piersou.
698 2649 747 2686 ad

95 2701 215 2740 Moer.
255 2703 333 2741 Att.
364 2716 402 2753 p.
428 2704 511 2744 43!
514 2707 523 2724 ⁶
569 2707 633 2742 Tu
670 2706 746 2743 vid.

97 2759 211 2794 etiam
232 2757 372 2798 Herod.
392 2761 421 2807 Ι,
443 2758 494 2799 24
512 2761 639 2812 ibique
650 2769 745 2800 11011.

97 2820 136 2852 et
157 2813 293 2853 Matth.
315 2816 382 2853 Gr.
413 2818 476 2853 Gr.
499 2818 536 2862 ξ.
557 2818 637 2859 348
659 2832 745 2870 pag.

738 469 826 522 ἅμα
857 470 902 511 δὲ
931 473 991 528 τῷ
1022 469 1115 522 ἔαρι
1153 468 1400 510 καταπλέω-

128 546 263 595 6,,μεν
290 537 357 581 ἐπὶ
381 536 695 591 Ἑλλησπόντου
725 537 796 578 καὶ
830 534 1032 591 Ἰωνίης.“
1094 540 1239 578 Ταῦτα
1269 536 1395 590 ἔλεγε,

152 604 380 661 ἀποθήκην
407 604 572 661 μέλλων
600 602 860 659 ποιήσεσθαι
889 603 930 654 ἐς
958 602 1034 646 τόν
1076 603 1266 658 Πέρσεα·

1312 604 1397 656 ἴνα,
1411 609 1454 643 65

803 830 896 872 657.
920 832 1018 869 citat
1043 830 1137 869 haec
1156 830 1340 868 Herodoti
1367 845 1455 869 ver-

800 889 847 925 ba
875 887 1044 925 Eustath.
1074 888 1122 925 acl
1142 890 1299 926 Homeri
1322 887 1455 939 Odyss-

799 946 817 981 Ι
836 958 888 982 vs.
913 947 990 985 397
1010 958 1097 996 pag.
1121 948 1197 994 67,
1216 944 1269 985 47
1299 944 1356 984 ed.
1376 947 1454 981 Ba-

799 1002 877 1049 sil.‚
939 1002 1005 1037 ubi
1056 1014 1124 1053 pro
1187 998 1340 1053 σπόρου
1390 1001 1455 1038 dat

800 1059 963 1107 σπορᾶς.

856 1120 1077 1175 ἀποθήκην
1119 1122 1270 1174 μέλλων
1291 1120 1456 1176 ποιήσε-

803 1184 899 1219 σθαι
916 1181 955 1226 ἐς
973 1178 1040 1219 τόν
1061 1179 1229 1231 Πέρσεα]
1254 1183 1455 1232 „Sequen-

801 1238 851 1273 tia
872 1250 959 1273 cum
979 1237 1035 1273 his
1057 1238 1215 1274 arbitror
1247 1237 1453 1287 iungenda,

803 1292 843 1338 ἐς
869 1291 937 1332 τόν
968 1293 1143 1342 Πέοσεα,
1181 1293 1248 1331 ἵνα
1283 1291 1354 1343 (ἦν
1375 1291 1453 1345 ἄρα

800 1350 836 1386 τί
856 1364 922 1398 μιν
936 1345 1189 1399 καταλαμβάι
1195 1366 1216 1403 ῃ
1229 1347 1325 1416 71:ng
1333 1346 1456 1400 Ἀθη-

800 1404 926 1443 ναίων
964 1403 1116 1452 maog)
1149 1405 1214 1460 ἔχῃ
1259 1403 1456 1457 οἷποστοο-

800 1476 909 1509 φην,
951 1462 1003 1497 ita
1042 1468 1190 1507 tamen,
1231 1469 1273 1497 ut
1315 1464 1454 1511 paitim

801 1519 912 1553 etiam
941 1517 988 1554 ad
1018 1518 1080 1553 illa
1102 1519 1335 1567 pertineant,
1383 1515 1454 1557 τὸν

800 1573 975 1625 Πέρσεα,
1017 1575 1172 1610 Persam
1202 1576 1303 1610 enim
1327 1574 1454 1611 factu-

799 1643 861 1667 rus
882 1637 960 1667 erat
989 1625 1228 1680 ἀποθήκην,
1260 1631 1309 1667 acl
1351 1632 1454 1668 illum

799 1691 838 1723 ut
858 1688 995 1724 liaberet
1021 1691 1189 1737 receptum
1223 1688 1284 1724 vel
1310 1687 1454 1738 refugi—

799 1757 875 1790 um,
906 1745 936 1780 si
958 1757 1032 1795 qua
1053 1751 1205 1794 urgeret
1229 1746 1452 1781 necessitas:

800 1802 965 1836 aulicum
987 1800 1034 1837 ad
1055 1808 1201 1837 certum
1220 1808 1370 1850 tempus
1390 1814 1456 1837 ve-

798 1857 854 1893 lut
883 1859 1108 1907 sepositum,
1142 1857 1345 1908 aliquando
1367 1857 1453 1893 usui

797 1914 968 1950 futurum
980 1943 989 1961 ,
1015 1915 1206 1963 eleganter
1220 1921 1329 1950 vocat
1351 1908 1453 1952 ἄπο-

798 1968 946 2019 θήκην.
1004 1970 1065 2006 Ad
1096 1966 1296 2009 α’πὸθετον
1332 1971 1453 2017 φίλον

796 2028 835 2062 111
864 2028 974 2077 Lysia
1001 2040 1087 2076 pag.
1126 2028 1201 2067 158
1236 2026 1342 2076 [pag.
1363 2028 1453 2077 7313

797 2083 943 2131 Reisk.]
978 2083 1053 2119 vid.
1076 2083 1281 2122 Marciand.
1306 2090 1358 2126 et,
1389 2083 1456 2132 qui

799 2139 860 2176 hio
884 2136 1104 2188 ἄποθήκην
1133 2141 1284 2189 egregie
1314 2145 1452 2185 tuetur,

799 2195 980 2233 Abresch.
1011 2197 1154 2232 Dilucc.
1178 2193 1383 2245 Thucydd.
1414 2207 1452 2244 p.

801 2252 896 2293 654.
952 2252 1015 2289 Ad
1056 2248 1316 2303 ἀποστροφήν
1353 2251 1456 2287 conf.

800 2307 980 2359 Xenoph.
1024 2310 1162 2360 Cyrop.
1205 2309 1257 2352 V,
1310 2310 1335 2347 2
1352 2336 1361 2353 ‚
1388 2309 1454 2345 11.

800 2367 924 2402 Anah.
967 2366 1055 2413 Vll,
1098 2368 1142 2413 6,
1185 2363 1249 2405 24.
1300 2366 1453 2399 Isocrat.

799 2424 871 2473 Ep.
891 2424 926 2458 ΙΙ
947 2435 1032 2472 pag.
1056 2420 1135 2462 410
1157 2424 1202 2457 B.
1224 2421 1457 2468 VVesseling.

802 2479 849 2515 ad
880 2478 990 2515 Diod.
1030 2479 1047 2514 I
1086 2493 1124 2528 p.
1146 2481 1226 2518 207
1267 2483 1302 2512 et
1326 2477 1456 2525 Toup.

801 2537 889 2572 Em.
918 2537 957 2571 iu
988 2534 1096 2572 Suid.
1124 2547 1205 2570 voe.
1245 2528 1457 2579 Ἀποστρο-

804 2588 862 2642 φή
882 2593 948 2640 [Τ.
979 2593 995 2627 I
1016 2604 1102 2641 pag.
1124 2590 1207 2638 51].
1238 2588 1457 2624 Beneficio-

803 2662 888 2685 rum
915 2650 954 2683 in
985 2660 1116 2697 regem
1144 2646 1364 2697 regiamque
1397 2645 1457 2681 fa-

802 2706 947 2742 miliam
968 2702 1039 2740 hac
1060 2702 1174 2753 opera
1201 2702 1269 2738 sust
1299 2702 1458 2738 collato-—

803 2775 912 2807 rum,
944 2761 992 2796 ob
1032 2772 1129 2811 quae
1151 2753 1376 2810 εὕεργεσίαν
1403 2759 1456 2794 si·-
1505 2805 1508 2809 ν

802 2819 842 2855 bi
869 2817 997 2855 scribit
1034 2813 1290 2867 ὀφείλεσθαι,
1318 2815 1459 2851 memi-

1453 534 1529 572 671
