1839 3292
249 203 335 246 432
798 195 1179 235 COMMENTATIO

254 314 358 356 1541
379 321 416 351 et
438 311 542 355 1557
564 312 628 350 fol.
644 312 683 348 in
704 310 856 348 officina
877 308 1118 358 Hervagiana
1136 320 1224 344 cum
1244 307 1374 346 Ioach.
1406 305 1612 345 Camerarii
1630 318 1744 358 prae-

253 372 410 408 fatione.
470 370 612 417 „Cuius
634 368 723 415 dos,
745 368 796 403 ait
820 366 1119 415 ‘vesselingiuz
1154 366 1356 415 praecipua
1384 372 1461 413 est,
1500 362 1604 416 quod
1623 363 1744 400 Ionici

254 429 439 466 sermonis
456 427 618 462 sormam
639 437 722 460 raro
737 423 948 472 neglexerit
971 428 1084 472 atque
1106 421 1383 470 elegantissime
1399 421 1670 472 compluscula,
1685 420 1746 456 in-

254 485 497 536 sequentium
516 482 729 518 temeritate
760 486 824 516 aut
843 484 989 515 mutata
1018 484 1082 514 aut
1106 476 1298 514 socordius
1318 479 1517 528 praeterita
1537 476 1747 528 descripse-

255 543 345 578 rit,“
403 541 645 589 Quamquam
682 538 890 587 suspicatur
929 532 1333 584 Schweighaeuserus,
1366 547 1387 570 a
1415 536 1495 571 viro
1521 533 1658 583 docto,
1680 532 1746 585 qui

258 597 412 634 editioni
434 595 614 645 praefuit,
640 595 768 630 multis
784 594 874 629 locis
899 593 1065 628 invectas
1095 604 1173 627 esse
1190 592 1338 628 Ionicas
1356 591 1563 629 verborum
1591 590 1746 638 formas,

256 667 350 707 quas
371 652 495 689 nullus
515 652 610 689 liber
628 664 746 687 manu
766 651 924 700 scriptus
945 647 1134 685 exhibeat.
1654 677 1655 680 ,

371 709 532 746 Secutus
564 715 617 745 est
641 708 821 745 Hem‘icus
850 706 1075 755 Stephanus,
1119 705 1183 756 qui
1220 711 1425 756 postquam
1453 703 1622 755 primum
1644 703 1749 740 Lati-

259 779 351 804 nam
370 766 565 802 Laurentii
584 766 713 801 Vallae
733 763 1082 813 interpretationem
1106 763 1342 812 recognitam
1366 769 1479 812 atque
1505 759 1749 796 emendatam

259 823 388 861 addita
415 822 603 872 Apologia
623 834 691 871 pro
712 819 905 856 Herodoto
927 817 1044 855 edidit
1065 831 1165 854 anno
1200 818 1304 858 1566
1325 818 1389 856 fol.
1412 820 1529 869 (quae
1550 815 1665 854 editio
1677 828 1751 867 po-

259 887 338 918 stea
367 881 514 929 saepius
549 885 603 914 est
631 876 829 927 repetita),
860 882 943 912 tum
974 876 1118 912 Graece
1139 874 1311 911 exhibuit
1330 874 1569 911 Herodotum
1588 873 1695 914 1570
1713 879 1751 910 et

264 937 372 978 1592
392 936 456 972 fol.
482 935 652 982 Parisiis,
685 946 762 969 una
783 945 871 969 cum
891 932 1019 969 Vallae
1034 932 1206 969 versione
1227 931 1430 968 emendata
1446 930 1658 981 additisque
1680 942 1750 967 va-

261 995 325 1030 riis
344 992 588 1038 lectionibus,
620 1003 712 1042 quas
733 997 861 1026 tamen
880 1002 1011 1025 omnes
1033 1001 1053 1024 e
1073 989 1174 1024 libris
1193 989 1355 1039 antiquis
1375 1001 1493 1024 manu
1511 987 1657 1038 scriptis
1677 986 1752 1022 ssu-

261 1051 360 1086 xisse
381 1049 462 1084 iure
485 1061 626 1097 negare
655 1046 806 1085 videtur
826 1043 1208 1095 Schweighaeuserus
1239 1045 1419 1093 (praefat,
1438 1045 1468 1088 I,
1488 1047 1514 1084 2
1533 1058 1573 1094 p.
1593 1044 1640 1080 V.
1654 1043 1752 1093 Vl.)‚

263 1107 325 1143 cui
345 1105 405 1142 vel
415 1106 654 1141 coniecturae
674 1104 745 1140 viri
766 1102 867 1139 docti
885 1115 962 1138 esse
983 1101 1171 1147 videntur,
1194 1102 1329 1153 quibus
1344 1102 1407 1137 ille
1426 1097 1754 1137 mendosumAldi

262 1162 460 1212 exemplar
479 1160 541 1197 hic
569 1161 646 1197 illic
670 1160 856 1210 refingere
884 1157 1092 1206 studuerit,
1130 1159 1192 1195 vel
1226 1159 1406 1194 lectiones
1428 1171 1476 1194 ex
1505 1156 1595 1194 Aldi
1622 1162 1752 1204 textu,

266 1219 345 1255 aliis
366 1219 592 1266 substitutis,
635 1218 776 1253 eiectae
798 1223 834 1252 et
854 1217 892 1251 in
913 1216 1084 1265 margine
1104 1214 1304 1251 adnotatae
1320 1243 1330 1262 ,
1363 1215 1426 1252 vel
1446 1213 1611 1265 denique
1640 1213 1755 1250 etiam

262 1276 443 1312 lectiones
469 1288 517 1311 ex
537 1287 615 1310 uno
640 1272 807 1326 quodam
837 1270 966 1309 codice
993 1272 1054 1309 vel
1076 1273 1190 1308 etiam
1214 1273 1394 1322 pluribus,
1426 1269 1602 1307 admixtis
1623 1270 1756 1307 conie-

265 1333 404 1380 cturis,
441 1338 616 1368 enotatae
647 1344 667 1367 a
688 1332 768 1367 viro
791 1329 901 1366 docto
923 1327 1091 1380 quodam
1118 1336 1154 1365 et
1176 1328 1223 1365 ad
1245 1327 1484 1379 Stephanum
1504 1328 1756 1374 transmissae,

266 1402 382 1441 quem
410 1389 536 1438 ipsum
570 1387 617 1424 de
647 1389 719 1424 illis
746 1386 850 1423 hand
873 1399 955 1422 raro
993 1386 1184 1422 incertum
1213 1386 1326 1422 fuisse
1348 1385 1607 1434 intelligimus.
1664 1384 1758 1420 Utut

265 1453 346 1493 est,
374 1446 483 1495 plura
512 1446 553 1481 in
582 1445 732 1481 Graecis
763 1456 884 1495 aeque
906 1456 948 1479 ac
968 1443 1110 1479 Latinis
1137 1443 1273 1480 melius
1296 1443 1342 1479 ab
1363 1443 1529 1478 Hem-ico
1559 1439 1757 1492 Stephano

265 1504 467 1540 constituta
487 1516 565 1539 esse
586 1502 719 1551 negari
738 1501 881 1552 nequit.

380 1557 567 1609 Stephani
581 1558 799 1595 Editionem
814 1555 975 1605 Gotleofr.
989 1553 1234 1603 Iungermamz.
1251 1553 1461 1592 iterandam
1473 1554 1618 1592 censuit
1637 1554 1759 1590 Fran-

268 1615 405 1652 cofurt.
439 1618 544 1655 1608
572 1615 637 1651 fol.
658 1621 765 1650 textu
785 1615 952 1664 primum
979 1625 1046 1662 per
1067 1613 1187 1662 capita
1210 1611 1327 1648 diviso
1350 1611 1555 1662 additoque
1575 1609 1701 1646 indice
1722 1615 1760 1646 et

268 1672 447 1722 glossario
478 1670 694 1707 Herodoteo
716 1667 755 1718 ἐξ)
788 1683 808 1705 e
837 1668 1007 1705 Goldasti
1034 1667 1195 1704 schedis.
1252 1670 1425 1718 Repetita
1456 1676 1509 1705 est
1531 1666 1623 1703 haec
1644 1665 1759 1702 editio

269 1730 449 1765 Genevae
480 1729 598 1775 1618,
631 1728 684 1775 (in
706 1739 781 1778 qua
801 1724 904 1762 hand
924 1737 1066 1775 paucae
1098 1726 1252 1761 Aemilii
1280 1726 1384 1761 Porti
1413 1725 1644 1774 suspiciones
1671 1729 1761 1759 tex-
1805 1715 1808 1718 ⁴

268 1787 324 1822 tui
359 1786 483 1821 illatae
507 1785 643 1834 sunt);
673 1785 889 1835 iterumque
922 1781 1090 1820 Londini
1123 1784 1226 1822 1679
1261 1781 1328 1818 fol.
1368 1784 1497 1832 paucis
1531 1777 1761 1833 quibusdam

269 1841 438 1879 adiectis.

384 1899 490 1944 Quae
510 1904 637 1934 secuta
658 1903 712 1934 est
732 1895 855 1934 Iacobz·
873 1896 1041 1932 Gronoviz'
1067 1893 1202 1942 editio,
1239 1893 1366 1944 Lugd.
1388 1895 1522 1932 Batav.
1555 1891 1661 1934 1715
1678 1892 1760 1940 fol„

269 1956 311 1993 in
332 1968 375 1992 ea
397 1968 468 2006 ope
490 1954 628 1991 codicis
647 1955 746 1990 illins
766 1952 950 1999 Medicei,
982 1951 1030 1988 de
1055 1964 1130 2004 quo
1154 1953 1190 1996 ξ.
1216 1953 1264 1991 17
1287 1951 1472 1998 diximus,
1502 1948 1605 1986 haud
1620 1961 1762 2000 paucos

269 2011 455 2050 Herodoti
477 2012 579 2048 locos
607 2012 750 2061 optime
780 2010 967 2046 restitutos
997 2022 1075 2045 esse
1096 2007 1283 2044 videmus.
1340 2009 1396 2044 Ac
1423 2008 1496 2044 nisi
1523 2006 1762 2043 Gronovium

270 2070 390 2107 nimia
419 2070 490 2105 ista
534 2067 673 2105 codicis
703 2067 896 2104 veneratio
929 2066 981 2102 ita
1005 2066 1247 2115 abripuisset,
1285 2071 1329 2101 ut
1347 2065 1410 2102 vel
1441 2063 1762 2100 manifestissimas

271 2125 584 2164 hallucinationes
609 2137 800 2160 erroresve
818 2123 960 2159 librarii
979 2122 1017 2157 in
1040 2128 1189 2158 textum
1210 2121 1328 2172 recipi
1344 2121 1469 2168 vellet,
1499 2121 1578 2170 ipse
1605 2119 1646 2154 in
1666 2119 1763 2154 alio-

272 2197 360 2220 rum
378 2183 563 2219 erroribus
583 2179 758 2218 notandis
770 2180 1041 2225 acerbissimus,
1067 2179 1225 2214 minime
1245 2177 1285 2212 in
1300 2184 1355 2214 tot
1373 2178 1541 2214 virorum
1562 2174 1763 2212 doctorum

274 2238 586 2290 reprehensiones
602 2237 804 2275 incidisset.
863 2234 949 2272 Vid.
979 2235 1126 2270 Fabric.
1157 2241 1192 2270 et
1213 2235 1359 2271 Harles.
1382 2235 1423 2269 in
1442 2233 1543 2270 Bibl.
1570 2233 1705 2273 Graec.
1726 2232 1764 2268 H

274 2311 314 2347 p.
336 2296 417 2336 342
436 2302 472 2331 et
490 2295 736 2344 Vsesselingii
756 2291 940 2329 iudicium
960 2292 998 2326 in
1019 2290 1182 2327 Praesat.
1205 2291 1242 2334 ξ.
1274 2293 1312 2330 3.

388 2350 605 2388 Dicendum
624 2352 703 2386 iam
726 2348 773 2386 de
795 2362 838 2385 ea
867 2347 1054 2395 editione,
1086 2360 1184 2398 quae
1206 2347 1407 2382 coniuncta
1435 2343 1701 2382 Valckenaerii
1726 2349 1764 2380 et

273 2409 520 2457 VVesselingii
541 2407 656 2458 operti
675 2405 813 2457 prodiit
832 2403 955 2442 form&
972 2403 1141 2440 maxima
1160 2403 1436 2440 Amstelodami
1456 2415 1556 2439 anno
1573 2402 1677 2441 1763
1689 2398 1764 2437 hoc

277 2466 409 2503 titulo:
441 2459 679 2514 ,,Ἡροὸότου
712 2462 1055 2512 ΓΑλικαριιησσῆος
1087 2458 1292 2509 Ἰστοριῶν
1321 2456 1433 2510 λόγοι
1455 2455 1512 2497 θ’.
1568 2453 1764 2508 Ἐπιγρα-

277 2519 474 2572 ,,φόμενοι
497 2523 679 2559 Μοῦσαι.
735 2517 919 2555 Herodoti
939 2518 1211 2553 Halicarnassei
1235 2518 1485 2553 Historiarum
1504 2514 1590 2551 libri
1607 2514 1765 2550 IXMu-

279 2591 436 2627 „sarum
449 2578 667 2614 nominibus
682 2576 871 2626 inscripti,
902 2576 1045 2611 Graece
1066 2579 1102 2609 et
1121 2573 1254 2609 Latine
1277 2587 1325 2609 ex
1344 2573 1537 2610 Laurentii
1559 2570 1684 2606 Vallae
1701 2569 1765 2604 in-

280 2636 574 2685 „terpretatione
604 2647 694 2671 cum
723 2631 1040 2670 Adnotationibus
1071 2629 1223 2668 lemcze
1254 2630 1365 2668 Galez'
1387 2636 1424 2666 et
1441 2627 1565 2666 Iacobi
1583 2626 1762 2665 Gronovii.

373 2810 403 2855 ⁸)
426 2810 502 2845 vid.
527 2821 631 2856 supra
652 2811 685 2853 ἓ.
711 2811 765 2845 16.
