1839 3292
365 208 450 248 260

764 196 1225 238 HERODOTI

337 316 514 374 θῆμισυ.
575 311 656 356 οὐκ
680 308 989 364 ἀνασχομένων
1026 308 1069 350 δὲ
1099 306 1188 347 τῶν
1213 301 1440 357 Ἀργείων,
1471 297 1558 343 ἀλλ’
1580 295 1631 341 ἆ-

367 383 560 430 πιόντων
583 380 642 430 ὥς
672 379 903 433 ἐμαίνοντο
922 377 1069 431 πολλῷ
1092 373 1270 420 πλεῦνες
1287 373 1374 412 τῶν
1392 371 1632 424 γυναικοῖν,

370 452 485 498 οὕτω
525 448 578 503 δή
614 445 882 495 ὑποστάντες
907 441 960 486 τοὶ
995 441 1018 485 ὁ
1045 440 1317 492 Μελάμπους
1352 436 1635 490 προετείνετο,

343 522 505 577 4ἥῖσαν
535 513 750 565 δώσοντές
781 515 824 556 οἱ
852 514 1001 555 ταῦτα.
1041 508 1064 551 ὁ
1097 507 1142 550 δὲ
1177 506 1371 549 ἐνθαῦτα
1401 502 1454 558 δὴ
1483 502 1691 556 ἔπορε-35

369 603 501 645 γεται,
532 581 671 638 ὁρέων
702 579 865 631 αὐτούς
885 575 1216 633 τετραμμένους,
1239 571 1340 627 φάς,
1371 568 1454 626 ,,ὴ“ν
1483 569 1540 625 μὴ
1561 569 1635 612 καὶ

372 658 457 713 ,,τῷ
497 651 691 708 ἀδελφεῷ
731 651 886 692 Βίαντι
915 648 1129 703 μεταδῶσι
1165 640 1214 684 τό
1253 635 1536 696 τριτημόριον
1564 640 1639 692 τῆς

374 721 646 780 ,,βασιληῖἰ]ς,
679 715 731 762 οὐ
760 714 959 772 ποιήσειν
989 713 1041 756 τοὶ
1069 710 1347 768 βούλονται.“
1407 706 1452 749 οἱ
1487 705 1533 748 δὲ
1552 703 1639 760 Ἀρ-

321 932 425 987 quod
446 933 570 982 ipsum
590 926 704 979 paulo
724 924 892 971 inferius,
913 923 979 960 ubi

322 993 377 1028 illi
396 987 661 1040 προετείνατο,
685 981 857 1018 exhibuit
872 982 982 1017 Gais-

322 1046 421 1085 ford.
443 1047 499 1081 De
528 1045 609 1094 ipso
633 1040 748 1078 verbo
770 1038 870 1077 conf.
888 1043 986 1074 nott.

326 1104 373 1142 ad
389 1104 471 1150 Vll,
497 1102 589 1141 160.

380 1183 484 1227 οὕτω
518 1180 567 1234 δή
593 1175 863 1227 ὑποστάντες]
903 1178 927 1215 i.
949 1191 983 1215 e.

323 1246 373 1282 ita
402 1257 430 1281 s.
453 1250 537 1279 tum
558 1239 715 1277 demum
735 1237 868 1287 Argivi
886 1235 986 1271 reci-

324 1303 483 1353 pientes,
505 1310 603 1350 quae
622 1296 837 1344 Melampus
855 1305 984 1342 propo-

325 1360 410 1405 suit,
430 1370 458 1395 s.
479 1358 519 1393 in
536 1352 765 1391 conditionem
785 1363 808 1387 a
828 1348 986 1386 Melam-

318 1414 410 1466 pode
425 1413 640 1464 propositam
660 1409 906 1445 consentientes
922 1418 987 1442 ac-

322 1473 508 1513 cesserunt,
528 1467 612 1504 haec
630 1467 699 1516 ipsi
717 1464 852 1501 daturi.
873 1460 987 1498 Haud

323 1529 433 1564 aliter
452 1526 530 1561 sere
551 1518 773 1572 ὖφιστοῖναι
803 1520 869 1565 ΙΙΙ,
896 1520 987 1559 127.

328 1584 420 1624 128.
478 1583 535 1617 De
555 1579 700 1617 voculis
724 1573 827 1616 οὕτω
854 1572 904 1626 δὴ
939 1574 988 1614 cf.

329 1640 442 1677 allata
463 1636 512 1674 ad
532 1638 602 1683 IX,
625 1638 664 1675 6.
709 1634 882 1686 Sequens
896 1631 990 1671 ἐπο-

331 1695 481 1749 ρέγεται
498 1691 753 1730 reddiderim:
781 1690 887 1741 plura
906 1688 990 1725 adeo

327 1755 444 1805 petiit,
466 1757 615 1803 praeter
636 1762 692 1795 ea,
714 1760 811 1799 quae
832 1748 907 1782 iam
922 1759 991 1796 pe-

332 1811 456 1857 tierat,
479 1806 582 1844 aliud
595 1805 686 1857 quid
701 1805 770 1841 sibi
787 1803 992 1854 postulans.

333 1868 392 1903 Ea
416 1867 520 1902 enim
550 1861 835 1915 praepositionis
866 1858 928 1899 ἐπὶ
954 1860 995 1894 in

335 1924 461 1962 verbis
482 1920 698 1971 compositis
720 1924 774 1954 est
788 1918 856 1963 vis,
872 1922 914 1952 ut
926 1916 997 1951 ali-

336 1978 430 2032 quid
465 1977 555 2015 addi
582 1977 644 2014 vel
683 1975 814 2024 augeri
841 1971 997 2009 indicet.

339 2036 451 2073 Conf.
482 2047 580 2087 quae
599 2033 730 2070 notavi
752 2032 791 2067 in
820 2029 999 2066 Creuzeri

336 2094 481 2130 Melett.
503 2092 556 2128 III
575 2104 614 2141 p.
638 2092 705 2130 61.
725 2086 804 2124 'Ad
833 2093 1000 2123 structu-

338 2163 422 2187 ram
460 2148 566 2186 verbi
605 2141 859 2199 μεταδιδόναι
898 2142 999 2181 conf.

335 2208 436 2255 VIII,
459 2206 497 2246 5.

393 2286 438 2329 το“
468 2282 720 2340 τριτημόριον
746 2287 816 2335 τῆς
839 2284 1000 2336 βασιλη·

339 2343 424 2397 ἵης]
465 2347 552 2382 Nou
584 2345 671 2381 satis
701 2354 911 2392 congruere
942 2340 1002 2375 vi-

340 2403 479 2441 dentur
499 2399 715 2439 Herodotea
730 2411 819 2436 cum
834 2399 889 2443 iis,
905 2408 1002 2447 quae

342 2466 492 2496 enarrat
511 2457 701 2496 Diodorus
720 2456 783 2503 IV,
802 2456 866 2501 68,
888 2453 1004 2502 Argi-

341 2531 408 2554 vos
428 2517 507 2553 scil.
522 2511 755 2565 Melampodi
769 2512 930 2562 gratiam
943 2522 1004 2545 re-

342 2572 551 2624 pendentes
563 2570 655 2608 duas
666 2571 774 2621 regni
787 2575 909 2619 partes
927 2579 1005 2603 esse

344 2630 522 2679 largitos,
553 2625 839 2678 Melampodem
878 2630 1006 2660 autem

345 2699 434 2723 cum
463 2687 598 2722 Biante
627 2685 742 2721 fratre
767 2694 876 2720 suam
897 2692 1007 2717 com—

345 2742 557 2779 municasse
573 2743 804 2792 portionem,
833 2740 1007 2774 Neoma-

348 2800 403 2851 gis
436 2799 616 2837 convenit
646 2796 803 2835 Pindari
842 2792 1008 2832 scholia-

1036 927 1092 959 sta
1111 922 1222 958 Nem.
1244 918 1314 965 IX,
1336 918 1389 957 30
1411 909 1697 964 Melampodem

1038 979 1227 1020 scribens,
1272 981 1475 1026 postquam
1520 967 1698 1006 mercede

1041 1041 1152 1086 pacta
1194 1032 1356 1069 duarum
1396 1028 1504 1079 regni
1534 1026 1699 1078 partium

1044 1092 1224 1128 mulieres
1253 1087 1380 1124 furore
1407 1087 1576 1135 {agitatas
1605 1095 1700 1133 pur-

1047 1154 1181 1198 gasset,
1202 1157 1367 1183 servasse
1386 1143 1457 1179 sibi
1485 1138 1700 1185 dimidium,

1041 1206 1204 1242 alterum
1227 1203 1326 1238 ultro
1336 1199 1466 1236 Bianti
1484 1195 1702 1234 conceden-

1041 1269 1141 1299 tem:
1190 1260 1244 1296 ita
1283 1264 1326 1294 ut
1354 1268 1470 1293 omne
1498 1253 1704 1303 imperium

1043 1325 1138 1356 esset
1156 1316 1399 1367 tripartitum,
1420 1313 1517 1348 iuter
1539 1310 1704 1346 Melam-

1043 1372 1216 1426 podidas,
1237 1369 1431 1409 Biantidas
1452 1375 1489 1405 et
1507 1364 1705 1404 Proetidas

1045 1432 1224 1469 divisum.
1302 1427 1483 1464 Dissentit
1539 1423 1705 1474 denique

1042 1488 1250 1526 Pausanias
1270 1486 1318 1532 11,
1333 1486 1382 1523 18
1405 1485 1441 1529 ς.
1455 1482 1480 1523 4
1500 1481 1707 1518 mulierum

1046 1559 1068 1582 a
1102 1545 1229 1581 furore
1256 1547 1473 1579 sanatarum
1502 1537 1602 1575 hanc
1621 1537 1706 1572 Me-

1045 1599 1217 1652 lampodi
1263 1597 1423 1649 gratiam
1453 1596 1618 1632 scribens
1660 1593 1706 1628 ab

1047 1660 1279 1707 Anaxagora
1302 1667 1380 1691 esse
1401 1653 1572 1698 relatam,
1590 1657 1632 1687 ut
1643 1662 1707 1686 ae-

1050 1717 1133 1767 quis
1161 1726 1251 1750 cum
1282 1713 1362 1762 ipso
1385 1711 1575 1761 ipsiusque
1596 1708 1709 1743 fratre

1048 1774 1184 1809 Biante
1210 1769 1377 1820 partibus
1406 1764 1571 1817 regnum
1601 1776 1710 1801 com-

1050 1829 1279 1866 municaret.
1336 1822 1416 1861 Sed
1458 1823 1541 1874 quis
1569 1825 1710 1873 quaeso

1051 1887 1092 1922 in
1123 1885 1259 1921 talibus
1293 1882 1424 1918 omnia
1451 1880 1522 1917 sibi
1560 1889 1711 1929 prorsus

1054 1953 1264 1991 congruere
1299 1932 1562 1988 exspectabit?
1627 1932 1713 1971 Ad-

1055 1999 1144 2037 dam
1164 1995 1344 2049 equidem
1360 1990 1715 2043 Schweighaeuseri

1054 2063 1210 2093 notam:
1241 2054 1423 2101 „Praeter
1455 2049 1640 2088 dimidium
1661 2059 1716 2084 re-

1055 2115 1131 2161 gni,
1149 2109 1253 2163 quod
1271 2110 1342 2146 sibi
1359 2109 1572 2156 Melampus
1582 2111 1717 2156 postu-

1055 2171 1210 2211 laverat,
1231 2169 1385 2216 insuper
1410 2164 1517 2201 fratri
1544 2173 1613 2199 suo
1644 2173 1718 2211 po-

1055 2225 1208 2262 stulavit
1246 2224 1386 2260 tertiam
1432 2221 1537 2269 regni
1569 2220 1716 2268 partem,

1056 2294 1198 2331 nempe
1235 2280 1388 2316 tertiam
1419 2283 1568 2328 partem
1601 2273 1716 2311 dimi-

1058 2338 1149 2375 diati
1161 2338 1281 2386 regni,
1293 2333 1396 2387 quod
1416 2334 1565 2384 Argivis
1584 2343 1718 2382 super-

1060 2401 1167 2442 esset,
1191 2392 1363 2444 adeoque
1393 2398 1542 2428 sextam
1571 2395 1719 2439 partem

1058 2453 1185 2489 totius.
1242 2451 1376 2499 Igitur,
1404 2443 1719 2499 quandoquidem

1061 2507 1268 2546 conditioni
1287 2506 1587 2555 subscripserunt
1605 2501 1721 2552 Argi-

1060 2567 1110 2613 vi,
1134 2565 1277 2613 accepit
1298 2563 1511 2613 Melampus
1534 2572 1622 2597 cum
1642 2558 1720 2594 sra-

1061 2629 1117 2659 tre
1139 2628 1301 2673 quatuor
1319 2626 1443 2656 sextas
1459 2624 1595 2669 partes,
1615 2613 1655 2652 id
1666 2621 1720 2650 est

1063 2678 1155 2715 duas
1188 2676 1235 2714 de
1265 2677 1381 2713 tribus
1415 2674 1582 2726 partibus
1610 2672 1723 2709 totius

1065 2736 1186 2785 regui,
1217 2741 1257 2770 ut
1288 2731 1478 2770 Diodorus
1508 2731 1587 2768 Sic.
1613 2729 1664 2765 ait
1685 2734 1722 2764 et

1063 2790 1222 2830 Pindari
1242 2788 1510 2829 Scholiastes.“
