1839 3292
250 680 317 726 86

43 747 152 776 Paucis
171 751 238 782 post
268 756 320 783 pu-

43 790 134 816 gnam
152 781 199 809 die
203 783 256 809 bus

44 816 155 843 Graeci
182 816 304 843 'lhcbas

43 859 111 878 vser
116 858 148 876 us
191 855 320 884 movent,

42 883 202 912 Tshebano
190 893 273 920 que,
290 894 307 912 u

42 918 222 947 defectionis
249 927 302 948 au-

42 956 142 981 omres

380 191 465 235 33⁰

350 308 474 344 5νων
503 301 666 347 εἵνεκεν
696 300 959 355 ἀνθρώπων.

776 193 1241 232 HERODOTI

1017 301 1106 344 ἐπεὶ
1145 302 1219 345 καὶ
1247 303 1515 360 Αἰγινητέων
1553 304 1644 349 ἐστὶ

380 369 540 414 αὐτόθι
570 368 830 424 καλεόμενος
858 368 1012 424 τάφος,
1042 369 1120 412 τὸν
1141 368 1222 424 ἐγώ
1254 369 1405 415 ἀκούω
1437 373 1510 416 καὶ
1540 374 1643 417 δέκα

377 438 486 482 ἔτεσι
523 437 708 490 ὕστερον
750 437 855 491 μετὰ
884 441 1032 488 ταῦτα,
1062 437 1310 493 δεηθέντων
1338 445 1426 482 τῶν
1466 444 1643 498 Αἰγινη-

377 506 508 558 τέων,
537 510 674 562 χῶσαι
706 507 907 560 Κλεάδην
942 506 1020 550 τόν
1049 505 1315 561 Αὐτοδίκου,
1346 505 1486 563 ἄνδρα
1524 513 1697 553 Ina-45

377 575 518 625 ταιέα,
547 574 779 629 πρόξεινον
809 574 935 619 ἐόντα
964 571 1124 618 αὐτῶν.

485 678 566 728 Ὡς
596 677 633 722 δ’
664 679 750 734 ἄρα
771 677 943 729 ἔθαψαν
972 676 1078 728 τούς
1107 675 1293 732 νεκροὺς
1324 676 1370 720 έν
1393 680 1642 735 Πλαταιῇσι

378 745 654 802 οἷ”Έλληνες,
686 746 840 790 αὐτίκα
869 745 1227 801 βουλευομένοισί
1246 758 1324 801 σφι
1355 745 1498 789 ἐδόκεε
1518 757 1642 800 στρα-

380 812 584 858 τεύεσθαι
612 814 681 857 ἐπὶ
710 814 787 865 τὰς
820 813 988 869 Θήβας,
1018 815 1092 857 καὶ
1120 813 1321 865 ἐξαιτέειν
1361 814 1508 857 αὐτῶν
1535 812 1642 864 τούς

311 872 323 914 ἶ
379 884 666 939 μηδίσαντας,
722 882 769 925 έν
807 881 1021 937 πρώτοισι
1070 882 1116 926 δὲ
1154 880 1302 925 αὐτῶν
1355 884 1697 938 Τιμηγενίδηνόο

378 951 452 994 καὶ
485 949 756 1006 Ἀτταγῖνον,
800 952 842 992 οἳ
883 948 1112 1005 α’ρχηγέται
1152 950 1234 993 ἀνὰ
1274 949 1477 1004 πρώτους
1507 945 1638 1005 ἦσαν·

372 1017 427 1074 ἢν
457 1017 503 1061 δὲ
534 1018 592 1074 μή
622 1020 841 1068 ἐκδιδῶσι,

896 1018 953 1073 μή
985 1018 1308 1062 ἀπανίστασθαι
1347 1018 1431 1061 ἀπὸ
1462 1023 1536 1074 τῆς
1564 1019 1639 1061 πό-

344 1090 471 1137 Ξλιος
500 1085 717 1140 πρότερον
752 1085 781 1141 ἧ
822 1085 1007 1137 ἐξέλωσι.

1056 1085 1114 1138 ὠς
1155 1086 1199 1129 δέ
1230 1097 1309 1141 σφι
1334 1090 1469 1130 ταῦτα
1507 1088 1636 1139 ἔδοξε,

371 1153 488 1197 οὕτω
521 1154 573 1209 δὴ
597 1153 802 1211 ἑνδεκάτῃ
832 1153 971 1211 ἡμέρῃ
1003 1153 1089 1197 ἀπὸ
1119 1158 1195 1210 τῆς
1234 1158 1453 1210 συμβολῆς
1491 1154 1641 1200 ἀπικό-

342 1228 502 1278 3μενοι
541 1221 824 1278 ἐπολιόρκεον
857 1224 1100 1278 Θηβαίους,
1140 1222 1388 1273 κελεύοντες
1420 1223 1641 1268 ἐκδιδόναι

371 1289 475 1343 τοὺς
506 1289 680 1345 ἄνδρας.

309 1499 645 1552 Λακεδαιμονίων
682 1494 724 1536 δὲ
759 1495 827 1536 καὶ
849 1491 973 1548 Ἀθη-

310 1558 437 1598 ναίων
473 1561 557 1604 τοῖς
588 1557 782 1594 πεσοῦσιν
815 1554 898 1608 ἰδίᾳ
932 1552 974 1593 τέ

313 1615 417 1655 εἰσιν
435 1614 476 1654 οἵ
491 1610 615 1663 τάφοι
633 1611 701 1650 καὶ
727 1609 876 1663 ἐλεγεῖά
892 1610 973 1650 ἐστι

313 1672 547 1723 Σιμωνίδου
558 1667 808 1723 γεγραμμένα
824 1664 881 1707 ἐπ’
896 1663 972 1706 αὕ-

312 1733 409 1776 τοῖς.
461 1727 523 1765 Ad
544 1740 642 1779 quae
662 1724 881 1763 illustranda
899 1723 973 1761 hoc

312 1793 440 1822 narrat
460 1784 597 1822 Clarke
630 1784 657 1820 l.
686 1784 710 1821 l.
742 1795 831 1833 pag.
853 1784 904 1822 86
928 1795 973 1818 eo

312 1843 471 1896 quidem
490 1843 588 1890 loco,
612 1853 728 1892 quem
743 1852 895 1890 pugnae
915 1839 976 1875 lo-

313 1914 403 1938 cum
432 1899 635 1949 indigenae
658 1896 783 1933 adhuc
804 1895 976 1932 iudicant

313 1957 406 2005 (vid
437 1963 532 1995 nott.
557 1955 605 1992 ad
628 1956 698 2002 IX,
729 1953 772 1994 51
794 1952 834 2002 )‚
868 1953 975 1989 nulla

310 2027 401 2051 sane
421 2014 596 2064 sepulcra
616 2026 654 2049 se
674 2012 874 2058 invenisse,
896 2009 975 2055 sed,

311 2072 376 2108 ubi
397 2072 490 2107 olim
501 2072 581 2121 ipsa
589 2069 871 2106 Plataeensium
886 2067 974 2103 urbs

310 2128 422 2165 suerit
442 2129 511 2165 sita
527 2133 634 2163 extra
649 2138 777 2162 muros
794 2125 887 2161 arcis
903 2137 974 2159 au-

310 2186 540 2237 tiquissimos
579 2185 724 2235 aliquot
761 2196 800 2218 se
836 2180 974 2218 vidisse

310 2244 466 2294 antiqua
497 2242 691 2291 sepulcra,
724 2246 762 2275 et
787 2245 918 2289 postea
947 2250 969 2273 a

310 2300 393 2337 vico
435 2299 551 2335 Cocla
598 2299 804 2333 Leuctram
842 2307 970 2332 versus

310 2356 524 2407 profectum
544 2355 639 2391 sein
660 2354 815 2404 planitie
837 2359 972 2388 tumu-

310 2415 364 2450 los
387 2411 574 2464 quosdam
600 2410 773 2462 lapidum
793 2409 972 2458 congerie

311 2471 478 2506 obtectos
488 2467 860 2505 anhnadvertisse.-
872 2467 974 2503 Κλε-

310 2527 414 2577 ιιδην
460 2526 597 2577 reliqui
644 2538 734 2562 cum
771 2522 977 2560 editoribus

311 2591 441 2619 contra
461 2583 637 2630 Medicei,
658 2581 866 2618 Florentiui
879 2580 974 2615 alio-

309 2652 396 2675 rum
426 2641 701 2687 auctoritatem,
723 2639 789 2690 qui
811 2636 977 2675 offerunt

310 2692 513 2746 Ἀλειὲδην.
575 2695 692 2747 Apud
723 2692 974 2732 Plutarchum

309 2752 356 2788 de
385 2754 573 2803 Malignit.
603 2752 744 2790 Herod.
769 2765 857 2804 pag.
881 2752 974 2792 873.

309 2817 430 2847 exstat
453 2806 631 2858 Κλεαδας
653 2825 674 2850 ο
708 2803 945 2855 Πλαταιεύς.

740 1289 794 1336 οὐ
834 1290 1117 1347 βουλομένων
1147 1291 1193 1335 δὲ
1222 1294 1310 1335 τῶν
1345 1293 1548 1348 Θηβαίων
1576 1291 1640 1336 ἐκ·
1652 1295 1696 1332 55

1188 1532 1281 1583 cap.
1316 1533 1535 1572 LXXXVI.

1088 1608 1387 1663 στρατεύεσθαι]
1418 1613 1462 1648 In
1479 1611 1560 1648 aliis
1580 1608 1695 1648 codd.

1033 1667 1274 1719 στρατεύειν.
1305 1668 1416 1706 Conf.
1437 1669 1500 1716 VI,
1521 1670 1560 1708 7.
1594 1669 1694 1704 Pro-

1031 1728 1183 1763 ximum
1204 1721 1335 1764 αὐτῶν
1354 1726 1450 1770 (sive
1465 1732 1507 1761 ut
1522 1725 1614 1761 olim
1623 1737 1694 1761 ex-

1032 1784 1154 1821 stabat
1165 1778 1334 1830 αὕτέων)
1355 1784 1394 1818 iu
1409 1778 1574 1830 α’στέων,
1586 1780 1692 1833 quod

1032 1842 1158 1891 ipsum
1191 1847 1311 1876 exstat
1342 1840 1412 1883 IX,
1450 1840 1515 1883 93,
1554 1839 1694 1875 mutari

1034 1898 1154 1935 voluit
1198 1898 1378 1934 Koenius.
1445 1894 1542 1932 Mihi
1588 1894 1694 1932 haud

1032 1968 1126 2005 opus
1141 1953 1306 1995 videtur,
1364 1955 1421 1989 De
1452 1952 1694 2001 Timagenida

1032 2012 1133 2049 conf.
1164 2013 1322 2059 1X‚36‚
1351 2009 1397 2047 de
1418 2010 1591 2058 Attagino
1621 2011 1692 2057 IX,

1035 2070 1100 2110 15.
1132 2063 1274 2135 α’ρχηγε
1260 2066 1341 2105 ἔται
1356 2066 1472 2104 iidem
1492 2067 1571 2102 iere
1591 2073 1691 2114 suut,

1032 2126 1098 2177 qui
1137 2122 1344 2175 αόχοντες,
1375 2131 1469 2161 teste
1498 2125 1599 2173 Hesy
1592 2121 1690 2159 chio

1029 2184 1047 2219 Ι
1067 2196 1104 2232 p.
1128 2182 1222 2221 563.
1280 2181 1381 2217 Alias
1411 2180 1587 2216 vocabuli
1616 2192 1691 2216 no-

1024 2240 1146 2276 tiones
1181 2238 1288 2286 attigi
1321 2238 1361 2272 in
1391 2237 1585 2276 Dissertat.
1628 2238 1687 2272 De

1026 2295 1206 2346 Apolline
1233 2295 1373 2330 Patrio.
1406 2300 1478 2333 etc.
1514 2306 1550 2343 p.
1583 2295 1620 2332 2.
1648 2296 1690 2333 3.

1031 2375 1080 2381 -
1125 2353 1170 2387 In
1208 2351 1391 2401 proximis
1438 2351 1554 2386 verba
1608 2345 1686 2388 (ἕνα

1029 2405 1211 2461 ποώτους
1227 2408 1394 2458 accipio:
1444 2408 1535 2443 mter
1557 2419 1689 2456 przmos

1030 2480 1060 2503 s.
1077 2466 1265 2516 principes.
1323 2463 1435 2504 Conf.
1451 2464 1578 2515 Viget.
1599 2476 1688 2515 pag.

1030 2521 1125 2563 575.

1087 2629 1318 2687 πρότερονῆ
1331 2629 1504 2682 ἐξέλωσι]
1517 2631 1578 2670 Ad
1587 2638 1686 2670 stru-

1031 2699 1178 2730 cturam
1198 2692 1272 2728 loci
1292 2689 1523 2740 VVesseling.
1549 2690 1687 2726 excitat

1028 2750 1096 2797 IX,
1133 2750 1199 2789 87.
1230 2751 1292 2788 16.
1329 2748 1391 2794 VI,
1421 2745 1487 2787 45.
1527 2747 1571 2794 V,
1594 2747 1685 2793 118,

1029 2807 1094 2844 ubi
1125 2805 1299 2845 videatur
1322 2810 1449 2842 nostra
1479 2802 1685 2840 annotatio.

1331 2896 1356 2903 „-
1362 2895 1390 2903 ..κη
1402 2900 1405 2902 .
