1839 3292
502 222 846 259 URANIA.
905 222 1040 259 VIII.
1319 228 1401 268 167

151 332 247 377 οὔτε
274 331 323 374 τὸ
354 328 559 381 Περσέων
578 333 710 372 τοῦτο
739 327 894 379 πάθος.
925 331 962 372 εἰ
989 329 1074 383 γὰρ
1106 331 1159 385 δὴ
1174 333 1311 372 ταῦτα
1324 331 1400 372 οὕ-

146 416 205 444 τω
235 398 377 452 εἰρέθη
392 398 438 439 ἐκ
469 399 549 439 τοῦ
570 395 840 452 κυβερνήτεω
853 396 963 451 πρός
976 397 1149 450 Ξέρξεα,
1162 397 1208 440 έν
1221 399 1403 452 μυρίῃσι

145 464 340 523 γνώμῃσι
357 465 460 519 μίαν
484 461 565 507 οὐκ
585 464 663 519 ἔχω
693 464 907 515 ἀντίξοον,
939 466 997 521 μὴ
1027 465 1108 509 οὐκ
1137 465 1193 508 ἂν
1222 468 1403 520 ποιῆσαι

144 533 321 590 βασιλέα
348 530 540 574 τοιόνδε·
590 531 696 582 τούς
730 531 809 586 μὲν
847 531 894 574 ἐκ
922 536 1002 574 τοῦ
1041 532 1403 588 καταστρώματος

142 599 430 657 καταβιβάσαι
449 598 492 647 ἐς
508 600 656 655 κοίλην
672 602 768 654 νῆα,
803 598 953 649 ἐόντας
973 600 1156 653 Πέρσας,
1183 601 1255 643 καὶ
1287 605 1459 656 Περ-30

145 668 254 712 σέων
281 669 386 718 τούς
413 666 632 718 πρώτους·
663 670 751 710 τῶν
783 665 818 709 δ’
849 665 1047 719 ἐρετέων,
1079 666 1240 710 ἐόντων
1292 673 1402 711 Φοι-

144 739 290 789 νίκων,
320 735 433 785 ὅκως
461 733 541 777 οὐκ
572 733 626 777 ἂν
650 735 749 777 ἴσον
777 737 946 789 πλῆθος
964 738 1078 776 τοῖσι
1092 735 1288 791 Πέρσῃσι
1318 735 1400 786 ἐξέ-

116 808 252 860 3βαλε
280 803 322 854 ἐς
349 801 429 858 τὴν
459 802 698 845 θάλασσαν.
752 801 856 845 Ἀλλ’
900 801 923 845 ὁ
953 800 1057 856 μὲν,
1096 800 1155 852 ὥς
1193 804 1265 846 καὶ
1293 802 1397 856 πρό-

142 870 269 926 τερόν
310 887 383 925 μοι
425 871 608 924 εἴρηται,
646 867 736 926 ὁδῷ
775 869 1019 924 χρεώμενος
1063 869 1153 925 ἅμα
1185 874 1245 926 τῷ
1283 870 1453 927 ἄλλῳδό

144 941 330 994 στρατῷ,
388 935 651 992 α’πενόστησε
704 937 747 987 ές
794 936 872 992 τὴν
934 935 1091 993 Ἀσίην.
1171 939 1299 994 Μέγα
1352 938 1398 981 δὲ

0 1003 81 1048 [20
145 1007 220 1051 καὶ
255 1005 353 1049 τόδε
392 1004 657 1062 μαρτύριον·
706 1005 907 1060 φαίνεται
947 1005 1029 1060 γὰρ
1068 1004 1228 1062 Ξέρξης
1267 1005 1314 1049 ἐν
1344 1008 1398 1062 τῇ
1454 1020 1728 1081 fflusseffissbdfi‘?

1620 1062 1645 1080 Ἐ
1689 1063 1728 1083 Sl-

1456 1095 1503 1114 mn
1538 1091 1695 1124 repetente

1453 1120 1534 1149 data.

88 1245 249 1299 εἰρέθη,
279 1253 322 1283 ut
348 1246 411 1294 IV,
432 1245 525 1286 157.
550 1245 632 1294 VH,
657 1243 747 1285 184.
801 1243 881 1281 vim
901 1242 1130 1293 tempestatis
1151 1242 1199 1280 ad
1217 1249 1388 1294 optatum
1407 1243 1456 1280 li-

89 1303 204 1354 Apud
218 1301 350 1339 Matth.
368 1309 404 1339 et
427 1300 650 1337 Bekkerum
689 1307 748 1337 et-
802 1306 861 1336 tus
893 1300 1158 1337 eluctaretur.“
1211 1300 1270 1338 Sc
1282 1300 1303 1337 Ιι
1315 1312 1345 1337 w
1359 1313 1375 1338 e
1386 1301 1456 1349 ig-

91 1361 168 1397 iam
186 1360 375 1397 invenitur
394 1356 543 1410 εἰρέθη.

148 1427 190 1467 ἐν
230 1426 390 1479 μυρίῃσι
420 1419 602 1477 γνώμῃσι
645 1421 740 1473 μίαν

93 1479 168 1524 οὔκ
207 1481 279 1533 ἔχω
326 1479 508 1526 ἀντίξοον
548 1494 581 1517 κ.
618 1493 649 1518 τ.
684 1476 738 1527 λ.]

91 1539 257 1580 Sensum
286 1539 359 1575 loci
385 1535 487 1572 hunc
515 1547 594 1571 esse
622 1541 739 1585 puto:

89 1599 129 1634 in
159 1595 320 1646 pluribus
367 1592 492 1644 (quae
518 1590 589 1627 hac
620 1590 667 1627 de
701 1603 741 1626 re

88 1652 246 1704 proferri
272 1649 454 1701 possunt)
502 1650 678 1684 sententiis
701 1659 742 1683 ne

88 1721 195 1746 unam
215 1707 348 1758 quidem
372 1706 476 1742 habeo
497 1705 584 1741 mila·
601 1708 744 1741 contra-

89 1767 201 1811 riam,
235 1763 454 1800 contendenti
481 1760 670 1798 Persarum
687 1772 742 1796 re-

89 1834 167 1871 gem
189 1820 259 1857 tale
286 1820 369 1869 quid
398 1816 515 1870 (quod
537 1819 615 1854 scil.
635 1817 741 1853 navis

90 1878 318 1928 gubernator
361 1875 417 1911 illi
466 1874 601 1921 suasit)
647 1886 742 1910 nun-

92 1946 196 1984 quam
212 1932 396 1982 facturum
420 1930 548 1980 fuisse,
584 1932 645 1979 qui
671 1942 742 1979 po—

91 1992 175 2037 tius,
207 1988 323 2026 Persis
341 1990 377 2024 in
397 1987 531 2023 alveum
554 1987 657 2022 navis
681 1985 742 2022 cle-

91 2045 247 2083 scenclere
279 2045 403 2091 iussis,
461 2044 629 2090 remiges,
683 2042 745 2091 qui

93 2102 279 2140 Phoenices
301 2101 426 2151 fuere,
457 2101 493 2135 in
524 2111 617 2135 mare
652 2097 743 2134 deie-

93 2162 164 2195 ctos
194 2159 298 2194 morti
326 2156 545 2193 tradidisset.
577 2177 627 2182 ——
682 2156 740 2190 De

91 2227 186 2252 voce
215 2208 394 2260 α’ντίξοος
433 2212 533 2249 conf.
561 2217 658 2247 nott.
693 2208 741 2246 ad

93 2271 123 2317 Ι,
142 2267 231 2317 174,
248 2277 283 2306 et
309 2268 355 2306 de
375 2268 562 2319 particulis
590 2263 641 2318 μή
669 2262 742 2305 οὐκ

93 2324 226 2362 Matth.
246 2327 311 2363 Gr.
333 2327 400 2363 Gr.
421 2326 443 2370 ξ
472 2327 551 2365 609
571 2324 741 2374 p.1229.

150 2450 231 2486 τῶν
268 2445 308 2486 δ’
349 2445 509 2498 ἐρετέων
547 2462 583 2485 κ.
614 2460 645 2484 τ.
677 2444 741 2495 L]

97 2503 184 2551 „Ad
202 2502 252 2549 id,
269 2503 370 2554 quod
388 2504 511 2539 famae
525 2504 591 2550 illi,
612 2502 657 2539 de
671 2515 744 2553 qua

97 2558 158 2596 hic
198 2560 330 2608 agitur,
375 2561 529 2610 opponit
568 2559 744 2595 Herodo-

97 2622 179 2662 tus,
225 2614 441 2665 responderi
478 2622 642 2666 poterat:
692 2616 744 2651 At

97 2672 308 2721 remigum,
356 2673 420 2722 qui
447 2672 486 2707 in
515 2673 603 2709 navi
627 2678 744 2718 erant,

97 2735 374 2778 nautarumque
395 2734 616 2764 cunctorum
632 2740 746 2778 opera

99 2797 192 2836 opus
206 2784 276 2821 fuit
294 2783 545 2834 gubernatori,
576 2783 650 2836 qu&
678 2796 746 2834 per

802 1356 1012 1395 kaeuser.

854 1462 956 1511 ὅκως
993 1460 1068 1504 οὔκ
1112 1460 1164 1503 ‹321›
1190 1486 1244 1493 —-
1273 1463 1449 1518 ἐξέβαλε]

797 1521 882 1559 Vid.
916 1520 1095 1558 Matthiae
1123 1522 1189 1561 Gr.
1212 1522 1276 1559 Gr.
1299 1523 1335 1566 ξ.
1359 1524 1454 1569 623,

798 1581 821 1618 3
852 1591 938 1629 pag.
969 1580 1075 1618 1267
1105 1584 1141 1614 et
1167 1578 1214 1614 G.
1243 1579 1454 1615 Hermann.

800 1635 961 1686 OpuscC.
996 1633 1116 1671 Acad.
1148 1634 1200 1671 IV
1229 1647 1265 1684 p.
1293 1634 1347 1675 52
1385 1632 1454 1682 (de

798 1693 930 1742 partic.
953 1686 1003 1729 ὃν
1023 1692 1051 1738 Ι,
1078 1691 1150 1739 10)
1195 1688 1297 1727 hunc
1326 1690 1454 1726 locum

797 1747 967 1794 laudans,
1001 1747 1041 1782 in
1072 1759 1147 1798 quo
1178 1748 1274 1783 mire
1305 1745 1455 1783 dicendi

795 1806 900 1841 illam
930 1804 1133 1840 formulam
1153 1804 1307 1840 mutarit
1330 1805 1454 1839 Hero-

798 1861 919 1906 dotus,
941 1873 1030 1896 cum
1045 1873 1112 1910 pro
1135 1855 1210 1898 οὔκ
1230 1860 1306 1899 ἔστι
1328 1858 1389 1895 hic
1405 1858 1453 1896 ad

798 1915 851 1968 μή
874 1913 949 1956 οὐκ
979 1912 1029 1954 ἄν
1065 1919 1231 1968 ποιῆσαι
1271 1916 1454 1953 referatur

798 1971 902 2021 51:009
922 1986 950 2012 5.
969 1968 1089 2019 ὅπως.

1001 2072 1094 2123 cap.
1117 2072 1238 2109 CXX.

853 2163 1036 2214 φαίνεται
1074 2157 1179 2212 γάρ]
1223 2160 1454 2196 Particulam

798 2218 872 2273 yc29
903 2220 1024 2269 attigit
1052 2217 1187 2254 Matth.
1221 2217 1287 2256 Gr.
1314 2218 1381 2254 Gr.
1414 2217 1452 2261 §-

800 2280 890 2317 630.
912 2279 937 2316 2
954 2289 1041 2327 pag.
1067 2276 1185 2314 1293.
1203 2297 1253 2302 —
1276 2271 1304 2324 ’ἡ
1324 2267 1451 2312 ὀπίσω

799 2330 942 2383 κομιδὴ
984 2337 1103 2368 exstat
1143 2342 1296 2381 quoque
1353 2329 1452 2375 VIII,

802 2392 893 2429 108.
924 2404 929 2409 “
951 2390 1007 2425 De
1027 2386 1173 2425 Abclerz's
1192 2385 1269 2422 vid.
1289 2391 1383 2421 nott.
1405 2383 1453 2420 ad

800 2446 881 2491 Vll,
906 2446 998 2485 109.
1054 2441 1155 2479 Add.
1177 2439 1384 2480 Prokesch.
1413 2441 1453 2475 in

800 2501 953 2540 Annall.
986 2501 1122 2537 Vienn.
1152 2499 1202 2535 Τ.
1234 2499 1324 2533 LIX
1358 2497 1454 2533 Anz-

799 2559 861 2598 Bl.
891 2570 978 2607 pag.
1016 2558 1063 2595 11
1094 2568 1171 2605 seq.
1238 2555 1296 2589 De
1330 2554 1454 2589 Hero-

802 2613 903 2650 dotet
924 2612 997 2649 loci
1018 2617 1241 2660 argumento
1254 2609 1367 2657 confi,
1380 2621 1456 2645 no-

801 2676 905 2706 tante
924 2666 1121 2712 Valcken„
1143 2664 1358 2702 Philostrat.
1378 2665 1452 2702 vit.

802 2724 968 2775 Sophist.
999 2737 1037 2773 p.
1071 2720 1151 2762 494
1187 2723 1234 2771 [Ι,
1265 2722 1316 2760 Χ.
1357 2722 1455 2758 Pro-

801 2782 912 2832 tag.].
1068 2792 1073 2804 ¹
