1839 3292
284 283 352 328 6⁰

79 348 325 383 Lacedaemonii,

79 383 117 410 ab
136 383 222 410 hoste
240 383 348 418 pressi,

81 416 278 445 Athenienses
304 403 357 445 ad'·

79 454 201 480 v.0cant

413 172 496 211 298

810 169 1282 207 HERODOTI

522 280 774 333 Παυσανίης
808 278 878 327 δὲ,
910 278 967 328 ὠς
996 277 1248 331 προσέκειτο
1278 277 1306 334 ἡ
1335 279 1478 330 ἵππος,
1508 276 1678 334 πέμψας

413 347 524 402 πρὸς
562 347 668 397 τούς
704 345 964 399 Ἀθηναίους
1004 346 1157 396 ἱππέα,
1194 345 1305 400 λέγει
1333 347 1457 390 τάδε·
1483 347 1734 402 ,ξἈνδρες45

403 415 672 472 ,,Ἀθηναῖοι,
713 412 884 467 ἀγῶνος
913 414 1117 468 μεγίστου
1151 415 1468 469 προκειμένου,
1505 415 1678 459 ἐλευθέ-

409 501 520 540 ,,ρην
554 481 666 526 εἶναι
701 481 730 537 ἢ
760 480 1090 536 δεδουλωμένην
1117 481 1196 537 τὴν
1219 479 1429 534 Ἑλλάδα,
1466 483 1678 537 προδεδό-

411 556 555 608 „pesa
583 549 669 594 ὑπὸ
700 554 790 593 τῶν
818 549 1080 606 συμμάχων,
1113 549 1235 606 ἡμεῖς
1262 566 1306 594 τε
1337 552 1381 593 οἱ
1409 551 1679 606 Λακεδαιμό-

409 636 524 673 „mot
568 620 642 662 καὶ
670 617 795 674 ὑμεῖς
842 621 884 661 οἱ
911 618 1160 674 Ἀθηναῖοι,
1199 618 1285 662 ὑπὸ
1315 618 1396 674 τὴν
1425 618 1678 674 παροιχομέ·

378 695 524 744 2,,νην
551 685 691 731 νύκτα
722 686 1009 740 διαδράντων.

1067 691 1153 730 νῦν
1189 683 1253 730 ὦν
1292 687 1493 731 δέδοκται
1529 687 1578 730 τό
1612 686 1735 730 έν-5ο

409 761 594 809 ,,θεῦτεν
622 756 671 799 τό
702 755 908 811 ποιητέον
936 755 1053 811 ἡμῖν·
1084 754 1390 811 ἀμυνομένους
1418 754 1499 811 γὰρ
1522 758 1575 812 τῇ
1605 757 1678 799 δυ-

381 825 611 881 3,,να’μεθα
640 823 795 877 ἄριστα
823 825 1112 878 περιστέλλειν
1140 823 1361 879 ἀλλήλους.

1422 825 1457 867 εἰ
1486 824 1565 878 μέν
1595 839 1680 866 νυν

408 892 481 946 ,,ές
518 891 654 948 ὑμέας
690 890 861 947 ὥρμησε
892 892 1029 948 ἀρχὴν
1057 891 1083 948 ἡ
1115 893 1268 942 ἵππος,
1308 896 1417 948 χρῆν
1454 891 1507 948 δὴ
1544 890 1678 947 ἡμέας

409 977 503 1014 ,,τε,
533 960 607 1003 καὶ
636 959 740 1011 τοὺς
769 959 861 1015 μετ’
892 959 1037 1015 ἡμέων
1060 959 1335 1015 τὴνἙλλάδα
1358 959 1412 1002 οὐ
1440 960 1678 1014 προδιδόν-

411 1045 517 1082 ,,τας
543 1029 766 1084 Τεγεήτας,
795 1029 1002 1084 βοηθέειν
1021 1028 1152 1083 ὑμῖν·
1182 1031 1266 1070 νῦν
1289 1028 1346 1082 δὲ,
1375 1027 1417 1078 ἐς
1436 1026 1572 1085 ἡμέας
1592 1028 1676 1084 γὰρ
1690 1036 1734 1071 55

409 1097 584 1150 Ἰ,ἅπασα
612 1098 846 1154 κεχώρηκε,
882 1098 1045 1139 δίκαιοί
1072 1096 1163 1139 ἐστε
1190 1094 1313 1151 ὑμεῖς
1340 1095 1449 1150 πρὸς
1480 1096 1559 1152 τήν
1589 1113 1678 1140 πιε-

382 1170 404 1206 4
417 1165 627 1222 ,,ζομε’νην
647 1165 832 1220 μάλιστα
849 1169 937 1207 τῶν
955 1164 1148 1220 μοιρέων
1168 1163 1429 1219 ἀμυνέοντες
1445 1159 1568 1207 ἰέναι.
1619 1166 1678 1208 Εἰ

408 1232 481 1288 „6²

536 1233 620 1288 ἄρα
659 1232 820 1283 αὐτούς
856 1231 993 1288 ὑμέας
1026 1232 1342 1288 καταλελάβηκε
1385 1230 1608 1276 ἀδύνατόν
1636 1250 1678 1276 τι

407 1303 653 1360 ,,βοηθέειν,
681 1300 804 1358 ὑμεῖς
827 1299 862 1345 δ’
891 1300 996 1359 ἡμῖν
1023 1301 1129 1353 τούς
1147 1301 1325 1353 τοξότας
1345 1298 1678 1357 ἀποπέμψαντες

581 1527 674 1576 Cap.
694 1525 780 1561 LX.

409 1579 687 1636 οἷμυνομένους
711 1578 785 1634 γοῖρ
808 1605 857 1611 —-
894 1575 1015 1630 ἀλλή-

352 1642 465 1690 λους]
496 1639 630 1678 Matth.
663 1642 728 1677 Gr.
753 1641 818 1676 Gr.
859 1640 894 1685 §.
918 1641 1012 1691 634

352 1699 380 1737 2
399 1711 487 1749 pag.
512 1700 618 1738 1306
648 1697 696 1735 ad
725 1695 819 1733 haec
849 1698 965 1734 verba
993 1713 1014 1736 e

352 1755 578 1807 praegressis
610 1755 748 1792 assumi
789 1756 871 1792 vult
901 1755 1016 1795 δέδο-

352 1826 464 1860 κται,
486 1811 591 1849 idem
623 1813 658 1857 §.
683 1810 763 1852 546
794 1825 881 1863 pag.
908 1816 1013 1853 1073

351 1871 550 1906 notionem
559 1870 665 1905 verbi
676 1868 739 1908 δεῖ
746 1870 888 1906 verbali
899 1884 1016 1920 ποιη-

351 1924 441 1965 τέον
481 1927 668 1964 contineri
706 1925 858 1964 docens.
922 1927 1018 1964 Ver-

351 1983 446 2020 bum
466 1982 727 2036 περιστέλλειν
747 1984 870 2020 tuendi
884 2012 894 2030 ,
927 1997 1014 2034 pro-

352 2041 494 2089 tegendi
511 2042 668 2077 notione
698 2047 817 2078 exstat
838 2043 910 2088 ΙΙΙ,
943 2043 1011 2081 82.

350 2099 421 2146 lv,
445 2100 516 2146 80,
538 2098 605 2133 ubi
626 2097 725 2135 conf.
748 2105 846 2135 nott.
898 2096 1010 2134 Unde

349 2153 412 2191 hic
431 2155 512 2191 fere
545 2155 620 2191 loci
650 2152 836 2191 enascitur
855 2161 1011 2191 senten-

350 2212 423 2248 tia:
447 2209 579 2259 „Nunc
613 2214 730 2260 igitur
748 2212 920 2249 decretum
944 2214 1007 2258 est,

351 2268 438 2319 quid
456 2270 556 2305 nobis
576 2271 621 2305 sit
637 2269 875 2318 faciunclum‚·
908 2281 1009 2305 nam-

352 2339 416 2376 que
439 2329 675 2363 succurrentes
703 2339 773 2375 qua
794 2327 917 2375 optime
923 2338 1010 2374 pos-

350 2396 468 2419 sumus
482 2414 492 2430 ‚
523 2384 670 2419 invicem
694 2385 823 2418 nosmet
841 2384 934 2418 tueri
950 2383 1010 2431 ip-

350 2453 403 2476 sos
423 2441 593 2490 oportet.“
625 2437 1009 2488 Sclnveighaeuserus

351 2498 402 2532 sic
414 2509 456 2532 ea
476 2495 711 2533 reddiderat:
733 2509 848 2545 nempe
863 2507 1011 2545 pugna-

353 2566 386 2589 re
407 2558 538 2603 oportet
556 2566 660 2604 quam
669 2553 865 2604 fortissime
884 2565 1010 2602 possu-

351 2621 426 2645 mus
456 2615 488 2647 et
523 2615 642 2647 mutuo
672 2611 769 2647 nobis
797 2621 1009 2646 succurrere.

354 2686 402 2693 —
419 2666 480 2703 Ad
500 2667 734 2704 locutionem
756 2666 904 2705 δίκαιοί
925 2664 1010 2704 ἕστε

351 2723 393 2771 (i.
410 2736 444 2759 e.
469 2724 637 2772 par'est,
670 2728 800 2774 oportet
833 2737 892 2760 vos
921 2723 1008 2770 etc.)

349 2780 450 2817 cons.
471 2780 582 2817 allata
603 2781 650 2818 ad
666 2783 775 2829 vul,
800 2783 876 2821 137
900 2785 936 2817 et
959 2778 1006 2816 ad

1069 1520 1233 1557 verbum
1261 1519 1407 1569 πιέζειν
1435 1528 1532 1560 nott.
1563 1520 1612 1560 ad
1631 1523 1730 1571 VIII,

1129 1634 1165 1672 εἰ
1194 1629 1236 1673 δ’
1271 1631 1347 1687 ἄρα
1379 1630 1600 1682 αὕτοΰς-
1632 1635 1732 1686 βοη-

1071 1688 1199 1742 θέειν]
1229 1692 1254 1730 i.
1278 1705 1309 1732 e,
1340 1694 1372 1728 si
1397 1692 1480 1742 quid
1497 1704 1575 1729 vero
1592 1705 1652 1730 vos
1673 1692 1732 1729 de-

1070 1748 1182 1796 tinet,
1218 1761 1285 1798 quo
1318 1751 1432 1785 minus
1452 1750 1541 1799 fieri
1569 1753 1730 1800 nequeat,

1073 1807 1115 1840 ut
1145 1805 1241 1841 nobis
1276 1808 1514 1854 succurratis,
1547 1808 1648 1852 sive,
1688 1813 1730 1843 ut

1074 1860 1459 1912 Schweighaeuser-us
1506 1865 1732 1915 iuterpreta-

1073 1923 1154 1955 tur:
1188 1918 1259 1956 Sin
1284 1933 1343 1956 vos
1362 1922 1434 1970 ipsi
1452 1923 1614 1971 occupati
1634 1921 1730 1968 estis,

1072 1978 1113 2010 ut
1132 1989 1330 2014 succurrere
1345 1978 1441 2014 nobis
1472 1992 1541 2015 non
1573 1979 1729 2029 possitis.

1071 2032 1129 2067 De
1149 2035 1266 2070 verbo
1286 2030 1578 2086 καταλελάβηκε
1602 2034 1730 2071 notavi

1068 2088 1117 2125 ad
1141 2091 1214 2138 ΙΙΙ,
1235 2090 1300 2131 42.
1350 2092 1437 2128 Vim
1456 2092 1728 2142 particularum

1068 2145 1104 2184 εἰ
1120 2143 1197 2198 ἄρα
1212 2149 1386 2197 exposuit
1401 2150 1586 2198 Hartung.
1603 2146 1729 2184 Lehre

1065 2216 1102 2239 v.
1116 2201 1152 2241 d.
1175 2203 1512 2242 Griech.Partikk.
1534 2207 1551 2240 Ι
1573 2219 1609 2255 p.
1632 2203 1726 2251 440,

1066 2260 1132 2294 ubi
1153 2259 1261 2297 reddi
1281 2263 1381 2298 vult:
1411 2274 1504 2298 ¹wenn
1527 2260 1726 2311 aIlenfalls,

1065 2328 1160 2353 uena
1174 2346 1184 2364 ,
1230 2329 1304 2354 uas
1348 2332 1428 2356 mon
1468 2319 1564 2355 molet
1604 2320 1727 2355 wz'ssen

1065 2372 1169 2414 kann.
1181 2394 1236 2402 —
1252 2375 1356 2419 Quae
1368 2376 1549 2412 continuo
1563 2387 1726 2439 sequun-

1065 2437 1151 2468 tur:
1173 2427 1333 2481 υιιεῖςό’
1345 2431 1443 2483 ἡμῖν
1461 2426 1726 2479 τουςτοξότας

1067 2483 1380 2538 ἀποπέμψαντες
1430 2487 1547 2540 χάριν
1583 2487 1725 2534 θέσθε,

1065 2546 1116 2581 ita
1136 2544 1318 2583 reddam:
1349 2560 1408 2583 vos
1436 2560 1519 2583 sane
1547 2546 1608 2583 hoc
1629 2545 1727 2582 nobzs

1064 2604 1334 2653 gratificamini,
1348 2607 1388 2639 ut
1403 2605 1614 2652 sagittarios
1629 2603 1725 2638 nobis

1066 2661 1256 2698 dimittatis
1275 2661 1423 2699 auxilio.
1483 2662 1539 2697 De
1560 2660 1722 2696 locutio-

1064 2732 1115 2754 ne
1135 2714 1251 2773 χάριν
1266 2720 1456 2758 τίθεσθαι
1469 2719 1639 2767 (gratiam
1654 2715 1722 2751 sibi

1063 2778 1152 2814 inire
1171 2791 1199 2815 s.
1233 2777 1402 2815 collocare
1428 2776 1523 2827 apud
1550 2773 1719 2824 aliquem)
