1839 3292
253 621 321 666 44

52 686 147 714 Nocte
159 686 329 720 insequenti

54 720 218 747 Alexander
229 721 332 748 Mace-

53 753 90 781 do
110 755 152 788 [Β.
170 754 257 790 lam,

371 184 456 224 274

779 175 1238 215 HERODOTI

452 290 498 336 τῇ
525 288 655 323 πολλοὶ
679 285 875 321 πεσέονται
891 282 985 328 ὑπὲρ
1012 281 1169 326 Λάχεσίν
1192 293 1231 316 τε
1255 280 1372 325 μόρον
1395 291 1433 314 τε

455 344 676 390 τοξοφόρων
694 342 863 387 ΠῙήόων,
891 339 984 376 ὅταν
1013 340 1160 383 αἴσιμον
1185 333 1285 383 ἦμαρ
1311 337 1461 382 ἐπέλθῃ.

352 420 522 460 3ταῦτα
552 413 631 469 μὲν
660 411 732 454 καὶ
759 409 1046 466 παραπλήσια
1076 405 1270 450 τούτοισι
1301 404 1407 448 ἄλλα
1425 403 1645 461 Μουσαίῳ
1658 408 1701 442 80

380 486 532 540 ἔχοντα
563 478 664 523 οἶδα
694 479 736 530 ἐς
769 478 954 532 Πέρσας.

1017 475 1039 519 ὁ
1086 475 1130 518 δὲ
1165 472 1412 529 Θερμώδων
1440 471 1635 527 ποταμὸς

384 552 470 607 ῥέει
501 547 660 604 μεταξὺ
695 546 924 602 Τανάγρης
953 561 997 588 τε
1027 544 1097 587 καὶ
1132 547 1173 586 Γ
1170 544 1382 592 λίσαντος.

495 615 619 660 Meto}
653 616 698 659 δὲ
728 615 808 671 τήν
830 612 1110 667 ἐπειρώτησιν
1133 614 1220 654 τῶν
1243 610 1449 666 χρησμῶν
1466 606 1540 651 καὶ
1570 621 1647 649 πα-

390 687 584 740 ραίνεσιν
612 682 690 739 τὴν
720 683 765 726 ἐκ
797 684 1084 735 Μαρδονίου,
1123 678 1202 731 νύξ
1236 694 1279 721 τε
1303 677 1478 733 ἐγίνετο,
1503 675 1576 720 καὶ
1607 674 1649 727 ἐς

363 753 593 812 Ξφυλακὰς
609 751 854 796 ἐτάσσοντο.
902 749 977 802 Ὡς
999 749 1045 793 δὲ
1063 747 1213 804 πρόσω
1242 751 1317 804 τῆς
1337 744 1498 797 νυκτός
1522 759 1649 798 προε-
1663 747 1707 783 85

330 874 603 885 ’,ῥ’-μθ

390 949 492 1001 ὑπὲρ
524 943 703 999 Λάχεσίν
732 959 772 983 τε
802 939 928 996 μόρον
953 958 993 984 τε

332 1004 569 1058 τοξοφόρων
592 999 769 1053 Μήδων]
792 1003 874 1038 Ηοο
896 1014 996 1053 quo-

335 1079 409 1118 que
431 1065 468 1101 in
485 1061 712 1099 memoriam
724 1065 834 1096 vocat
848 1060 995 1094 Home-

335 1125 436 1159 rica:
477 1116 577 1169 ’ὑπὲρ
606 1111 734 1168 μόρον
771 1114 894 1166 (quod
926 1128 997 1151 ex-

335 1183 483 1231 ponunt
494 1173 595 1227 ὑπὲρ
606 1172 650 1214 τό
664 1172 882 1223 προσῆκον,
894 1169 996 1223 ὑπὲρ

335 1233 379 1275 τό
412 1231 665 1285 εἱμαρμένον)
696 1227 828 1281 Odyss.
858 1230 899 1275 l,
930 1227 997 1269 34.

334 1293 378 1330 ΙΙ.
399 1292 499 1336 ΧΧ,
532 1290 635 1335 3363
669 1282 770 1337 ὑπὲρ
808 1281 926 1324 αἶσαν
953 1286 998 1324 ΙΙ.

334 1350 408 1395 Vl,
439 1347 533 1388 487.
557 1343 662 1382 Medi
683 1342 861 1380 dicuntur
881 1343 1000 1391 sagit-

337 1404 437 1456 tvferi
449 1433 458 1451 ‚
480 1409 654 1439 nontam
675 1400 723 1436 ob
743 1398 783 1436 id
804 1412 1000 1436 armorum

339 1474 460 1513 genus
476 1489 485 1507 ‚
508 1458 556 1496 de
577 1470 652 1511 quo
673 1458 808 1493 Noster
828 1456 909 1504 vll,
932 1458 1000 1503 61,

340 1521 394 1559 62
410 1546 420 1565 ‚
452 1528 569 1570 quam
591 1512 694 1567 quod
722 1514 761 1549 in
780 1514 1001 1550 universum

340 1572 443 1626 apud
481 1579 614 1623 gentes
652 1570 852 1608 orientales
884 1569 1005 1619 viguit

342 1642 501 1668 arcuum
540 1642 598 1666 ars
637 1634 751 1679 atque
782 1639 870 1664 usus
898 1627 1006 1662 aliter

343 1695 457 1740 atque
472 1685 575 1737 apud
587 1686 771 1722 Graecos:
800 1682 847 1720 de
868 1696 942 1735 quo
958 1682 1007 1720 cf.

342 1745 401 1792 V,
423 1742 490 1784 49.
512 1763 568 1771 --
594 1740 754 1791 αἴσιμον
784 1735 892 1791 ἦμαρ
922 1737 1008 1790 (sa-

345 1801 433 1838 talis
463 1799 538 1837 dies
575 1811 605 1835 s.
644 1797 750 1848 mors)
794 1799 1008 1833 Homerum

347 1869 502 1910 quoque
544 1853 709 1900 redolet,
750 1866 868 1904 quem
908 1852 1009 1891 conf.

347 1916 393 1952 11.
417 1914 516 1960 vm,
538 1914 608 1952 72.
621 1911 854 1958 xxl1‚212.
876 1908 1010 1961 odyss.

347 1971 459 2017 XVI,
507 1971 603 2010 280.
674 1969 754 2004 Nec
791 1967 865 2003 alio
899 1979 1012 2004 sensu

350 2023 547 2079 μόρσιμον
559 2019 666 2076 ἦμαρ
682 2025 721 2061 in
736 2025 782 2061 11.
796 2024 904 2070 XXI,
919 2025 1012 2063 100.

351 2085 504 2122 Excitat
524 2080 562 2121 h.
584 2082 612 2118 l.
631 2082 684 2118 ita
704 2080 923 2118 distinctum
936 2109 945 2127 ,
970 2086 1013 2116 ut

351 2154 422 2179 nos
452 2137 717 2188 exhibuimus,
744 2136 941 2175 Schaefer.
966 2135 1015 2172 ad

352 2199 513 2248 Dionys.
563 2196 687 2233 Halic.
739 2196 798 2232 De
845 2205 1015 2244 compos.

354 2254 486 2293 verbb.
522 2265 609 2303 pag.
638 2253 721 2293 210
752 2250 799 2288 de
828 2251 1015 2288 vocabulo

356 2307 476 2363 μόρος
504 2305 657 2360 (fatum)
692 2306 898 2359 disputans.
931 2308 1016 2343 Mo-

355 2368 441 2405 nuit
470 2364 675 2404 Creuzems.
713 2365 770 2403 Cf.
801 2362 943 2400 Herod.
970 2363 1015 2412 V,

357 2426 426 2464 21.
448 2443 504 2451 —
539 2421 601 2458 Ad
620 2433 732 2459 voces
759 2415 1016 2472 παραπλήσια

359 2478 537 2519 τούτοισι
549 2478 712 2516 conferri
730 2479 865 2515 volunt
886 2475 1017 2515 Schol.

361 2534 540 2574 Nicandr.
562 2534 683 2573 Ther.
707 2534 804 2575 400.

422 2588 564 2642 μεταξὺ
616 2587 823 2642 Τανάγρης
867 2604 908 2629 τε
953 2587 1023 2628 καὶ

366 2645 597 2700 Γλίσαντος]
628 2650 685 2685 De
730 2646 906 2696 Tanagra
945 2645 1023 2684 vid.

366 2711 462 2742 nott·
494 2703 543 2741 ad
571 2706 648 2752 IX,
690 2704 755 2745 15.
796 2704 1023 2752 Γλίσαντος,

372 2762 478 2798 cuius
491 2761 574 2797 loco
587 2762 661 2811 alii,
682 2768 724 2799 ut
734 2759 918 2813 Stephan.
928 2761 1024 2814 Byz-

1049 958 1078 983 5.
1108 957 1145 982 v.
1198 955 1286 994 pag.
1325 940 1424 989 275,
1458 939 1706 986 Γλίσσαντος,

1051 1013 1184 1038 omnes
1204 1000 1288 1036 libri
1306 997 1512 1035 Herodotei
1527 996 1710 1034 exhibent

1051 1059 1220 1107 itemque
1246 1056 1450 1092 Pausanias
1469 1056 1545 1102 IX,
1588 1056 1639 1094 19
1671 1053 1710 1098 ξ.

1053 1117 1099 1161 2,
1120 1114 1187 1149 ubi
1207 1113 1298 1149 alios
1320 1124 1473 1163 quoque
1494 1112 1633 1147 excitat
1651 1116 1712 1146 te-

1054 1177 1127 1208 stes
1148 1169 1307 1207 SiebeHs
1326 1167 1374 1205 ad
1394 1170 1426 1218 Ι,
1447 1167 1502 1207 44
1522 1168 1560 1213 ξ.
1577 1170 1603 1207 7
1623 1178 1712 1217 pag.

1055 1227 1136 1268 155
1159 1226 1207 1263 de
1227 1226 1373 1263 diversa
1398 1231 1576 1262 accentus
1597 1225 1714 1260 ratle-

1055 1297 1104 1320 ne
1125 1296 1279 1335 qnoque
1308 1295 1483 1319 monens.
1539 1282 1640 1317 Nam
1678 1286 1716 1316 et

1054 1341 1200 1387 Γλίσας
1227 1347 1264 1377 et
1286 1335 1430 1385 Γλισάς
1449 1339 1632 1389 scriptum
1652 1350 1716 1373 re-

1056 1399 1213 1449 peritur.
1260 1398 1345 1447 Ipsa
1365 1397 1453 1433 urbs
1473 1403 1620 1446 septem
1639 1400 1717 1431 sta-

1057 1454 1127 1491 diis
1149 1467 1170 1491 a
1183 1455 1396 1491 Teumesso
1418 1459 1563 1490 remota
1583 1459 1620 1489 et
1633 1452 1718 1503 Hy·-

1060 1518 1148 1562 pato
1175 1511 1320 1557 monti,
1355 1511 1416 1547 cui
1451 1523 1555 1547 nunc
1576 1520 1719 1547 nomen

1061 1568 1341 1619 Kleplitobuni,
1405 1564 1603 1616 adiacens,
1671 1563 1720 1601 ad

1062 1623 1305 1662 Thebaidem
1357 1624 1564 1675 pertinuit,
1626 1628 1721 1659 teste

1062 1683 1252 1719 Pausania
1282 1682 1308 1717 l.
1334 1681 1358 1720 l.
1391 1686 1427 1716 et
1457 1681 1635 1718 Strabon.
1665 1679 1723 1715 IX

1062 1752 1150 1790 pag.
1172 1738 1254 1779 412
1279 1752 1308 1775 S.
1331 1739 1412 1778 632
1447 1738 1491 1773 A.
1516 1737 1602 1774 coll.
1625 1737 1721 1774 Stat.

1064 1795 1192 1834 Theb.
1219 1795 1310 1841 VII,
1347 1796 1441 1834 306.
1481 1792 1567 1833 vid.
1602 1795 1724 1830 Kruse

1066 1853 1166 1890 Hell.
1185 1853 1243 1901 ΙΙ,
1267 1855 1286 1892 1
1310 1863 1398 1902 pag.
1421 1851 1515 1892 568.

1265 1941 1358 1993 cap.
1384 1941 1521 1981 XLIV.

1126 2020 1166 2070 ἒς
1193 2018 1374 2072 ‹puzanen-
1399 2018 1634 2074 ἐτάσσοντο]
1665 2018 1728 2058 Ad

1069 2079 1303 2116 locutionem
1326 2079 1428 2117 conf.
1458 2086 1555 2118 nott.
1576 2077 1625 2116 ad
1644 2079 1727 2125 VII,

1071 2138 1139 2176 21.
1189 2136 1295 2181 Quae
1325 2142 1558 2187 sequuntur:
1598 2132 1653 2182 ὥς
1686 2132 1730 2174 δὲ

1070 2187 1208 2243 πρόσω
1230 2195 1301 2241 τῆς
1312 2189 1455 2238 νυκτός
1472 2188 1731 2244 προελήλατο,

1071 2249 1249 2286 Pauwius
1269 2250 1557 2299 interpretatur:
1589 2253 1630 2286 ut
1649 2251 1731 2301 pri-

1070 2317 1126 2342 ma
1144 2319 1230 2355 pars
1254 2308 1365 2343 noctis
1396 2306 1634 2355 adventarat,
1668 2319 1732 2343 re-

1069 2361 1290 2412 cipiendum
1327 2369 1449 2411 ratus,
1490 2361 1594 2416 quod
1633 2376 1733 2401 unus

1075 2420 1262 2456 obtulerat
1328 2419 1451 2456 codex
1516 2420 1731 2458 Sancrofti:

1075 2472 1358 2528 προσελήλατο.
1406 2478 1457 2513 At
1481 2471 1618 2529 πρόσω
1638 2490 1670 2514 S.
1689 2474 1735 2517 τό

1076 2529 1213 2581 πρόσω
1253 2532 1356 2585 quod
1391 2535 1544 2583 primam
1574 2534 1735 2584 intelligi

1074 2590 1193 2627 voluit
1209 2594 1366 2641 partem,
1385 2590 1525 2627 falsum
1545 2604 1624 2628 esse
1643 2603 1738 2628 mox

1077 2647 1219 2697 patebit
1269 2649 1504 2698 comparanti
1551 2646 1736 2684 Herodoti

1076 2703 1179 2740 locos
1210 2704 1264 2752 11,
1309 2707 1381 2744 121
1426 2705 1463 2749 §.
1497 2703 1537 2743 4.
1565 2704 1643 2748 111,
1683 2704 1736 2744 56

1080 2767 1116 2798 et
1129 2760 1328 2799 Heindorf.
1348 2760 1397 2798 ad
1413 2762 1563 2799 Platon.
1581 2761 1736 2811 Protag.
