1839 3292
42 1145 109 1191 50

508 200 968 237 CALLIOPE.

1025 201 1043 235 1
1055 201 1107 238 Χ.
1356 204 1438 243 281

181 308 385 364 στρατιήν
413 307 492 364 τήν
516 308 790 364 Ἑλληνικὴν,
827 307 1170 359 ἐσακοντίζοντές
1196 324 1241 351 τε
1269 309 1341 352 καὶ
1371 309 1440 352 ἐσ-

177 377 445 430 τοξεύοντες,
479 375 586 419 ὥστε
616 374 896 428 ἱπποτοξόται
923 392 967 419 τε
999 374 1162 428 ἐόντες,
1204 378 1276 419 καὶ
1303 387 1439 431 προσ-

175 446 390 500 φέρεσθαι
419 443 600 497 α’ποροι·
641 444 721 500 τήν
759 459 804 487 τε
840 443 1008 500 κρήνην
1052 443 1134 501 τήν
1164 446 1437 499 Γαργαφίην,

175 511 256 556 ἀπ’
294 510 345 568 ἧς
383 510 592 566 ὑδρεύετο
621 515 710 554 πᾶν
739 510 788 553 τὸ
822 510 1066 566 στράτευμα
1103 511 1152 555 τό
1179 511 1440 568 Ἑλληνικόν,
1453 519 1497 554 86

147 578 473 633 4συνετάραξαν
512 579 586 622 καὶ
629 578 891 633 συνέχωσαν.

960 574 1074 634 ἦσαν
1109 579 1189 633 μὲν
1228 576 1292 623 ὧν
1335 580 1445 624 κατοὶ

173 648 254 703 τὴν
282 646 450 702 κρήνην
469 644 808 700 Λακεδαιμόνιοι
827 645 1078 700 τεταγμένοι
1109 649 1298 700 μοῦνοι·
1327 653 1443 692 τοῖσι

173 716 221 759 δὲ
251 714 418 758 ἄλλοισι
434 712 609 769 “Enna
644 712 671 768 ἡ
702 713 782 766 μὲν
811 712 949 768 κρήνη
978 712 1128 766 πρόσω
1160 714 1350 768 ἐγίνετο,
1382 716 1443 767 ὥς

172 783 346 826 ἕκαστοι
385 781 536 836 ἔτυχον
580 781 850 836 τεταγμένοι,
903 779 926 824 ὁ
976 781 1021 824 δὲ
1061 780 1254 833 Ἀσωπὸς
1285 782 1437 838 ἀγχοῦ.

143 849 429 904 5ἐρυκόμενοι
469 848 516 891 δὲ
547 846 632 891 οἷπό
662 852 742 892 τοῦ
766 847 970 892 Ἀσωποῦ
980 883 990 902 ,
1030 849 1145 892 οὕτω
1176 848 1228 906 δή
1260 849 1330 893 ἐπὶ
1358 850 1495 905 τήν9ο

169 917 337 974 κρήνην
376 915 599 971 ἐφοίτεον·
642 914 728 961 ἀπὸ
769 920 849 960 τοῦ
885 920 1084 972 ποταμοῦ
1122 916 1205 972 γάρ
1246 928 1326 973 σφι
1356 917 1438 962 οὐκ

170 986 268 1041 ἐξῆν
296 985 417 1038 ὕδωρ
449 984 710 1040 φορέεσθαι,
748 981 838 1028 ὑπό
867 1000 911 1028 τε
939 988 1028 1028 τῶν
1071 985 1236 1029 ἱππέων
1264 986 1338 1030 καὶ
1367 1003 1437 1031 το-

169 1052 303 1108 ξευμεέ
310 1069 406 1095 των.

285 1140 456 1184 Τούτου
488 1141 533 1184 δε
561 1139 771 1184 τοιούτου
800 1139 1053 1195 γινομένου,
1094 1143 1138 1185 οἱ
1166 1145 1254 1185 τῶν
1280 1142 1434 1200 Ελλή-

171 1224 262 1252 νων
292 1210 541 1265 στρατηγοὶ,
580 1225 650 1251 ατε
680 1212 759 1251 τοῦ
792 1224 836 1251 τε
865 1207 1025 1259 ύδατος
1056 1211 1331 1268 στερηθείσης
1359 1211 1663 1279 τῆς95ἓξᾶζὲἰ8ἱΰ·
1691 1211 1750 1246 39]

488 1274 768 1292 llll

118 1509 188 1546 pro
224 1495 413 1535 ἐσίνοντο.
469 1491 555 1531 vid.
597 1493 672 1540 IX,
726 1495 776 1534 13

118 1554 245 1603 ibique
257 1559 352 1588 nott.
368 1572 419 1578 --
438 1552 532 1587 Mox
544 1563 630 1586 cum
641 1548 776 1588 Matth.

118 1615 155 1645 et
185 1607 311 1645 Bekk.
341 1614 490 1645 secutus
522 1620 607 1643 sum
629 1605 776 1644 Sohae-

116 1665 172 1701 fe1
176 1678 260 1713 um
284 1666 348 1716 qui
369 1679 388 1701 e
411 1664 558 1701 duobus
574 1662 683 1700 codd.
706 1662 775 1700 de-

117 1720 171 1758 dit
202 1717 491 1768 ἐστοξεύοντες,
532 1721 597 1757 ubi
638 1721 776 1772 reliqui

117 1775 353 1824 τοξεύοντες.
411 1779 497 1814 Vox
518 1774 774 1824 ἱπποτοξόται

117 1835 227 1870 obvia
257 1835 330 1882 IV,
371 1833 438 1874 46.
504 1833 707 1870 Medorum
739 1839 776 1870 et

116 1889 419 1942 Parthyaeorum
505 1886 774 1937 ἱπποτοξόται,

115 1954 272 1983 notante
292 1946 564 1996 Wesselingio,
577 1946 678 1996 apud
690 1948 775 1997 Ap-

115 2004 218 2054 pian.
239 2005 286 2040 B.
319 2004 399 2040 civ.
429 2003 494 2040 IV.
529 2003 615 2052 [59.
636 2003 718 2051 88]
736 2017 774 2053 p.

118 2062 222 2100 1001
271 2066 308 2096 et
345 2058 451 2100 1024
503 2067 540 2096 et
579 2059 772 2097 Plutarch.

116 2116 235 2153 Crass.
254 2128 343 2166 pag.
366 2115 447 2155 558
469 2117 514 2156 Β.
531 2115 604 2167 [cp
621 2114 686 2156 24-
699 2116 770 2165 25]

114 2173 300 2209 Dicuntur
319 2179 448 2208 autem
472 2173 526 2209 illi
554 2171 772 2223 προσφέρε-

117 2232 215 2267 σθαι
239 2226 383 2280 ἄποροι
412 2229 438 2265 i.
460 2243 494 2265 e.
527 2229 577 2266 ad
597 2242 681 2279 quos
700 2228 773 2279 clis-

108 2285 251 2334 ficulter
308 2285 456 2322 accedas
481 2315 490 2333 ‚
570 2286 773 2336 quibuscum

119 2339 266 2388 diffzcile
306 2346 356 2378 est
398 2341 447 2378 ad
482 2354 606 2379 manus
641 2344 772 2380 venire.

119 2395 229 2432 Conf.
248 2398 319 2445 lV,
340 2397 394 2438 46
413 2399 542 2450 ibique
562 2405 659 2436 nott.

176 2466 330 2501 κρηνην
377 2469 452 2504 την
502 2454 770 2507 Γαργαφίην]

120 2506 230 2544 Conf.
250 2510 318 2556 IX,
339 2509 391 2550 25
408 2511 536 2563 ibique
551 2518 648 2550 nott.
674 2512 772 2549 Ver-

120 2564 213 2599 bum
233 2568 404 2615 συγχοῦν
428 2568 468 2603 in
501 2582 606 2620 seqq.
627 2570 772 2619 reperi-

119 2627 179 2656 tur
204 2633 356 2672 quoque
384 2623 457 2670 IV,
487 2626 579 2664 120.
605 2624 684 2666 140
705 2639 773 2662 ea-

119 2676 208 2713 dem
229 2676 429 2718 obruendis,
442 2680 640 2718 obstruenda·
653 2683 774 2732 signi-

118 2733 313 2780 ficatione,
354 2733 428 2785 quit
458 2737 660 2775 Pausanias
703 2740 774 2786 ΙΧ,

118 2787 143 2828 4
166 2791 201 2836 §.
221 2793 249 2831 2
267 2796 304 2827 et
323 2791 374 2839 X,
396 2793 445 2831 18
469 2792 507 2837 §.
532 2795 556 2832 ΕΞ
573 2793 664 2832 dicit
684 2807 773 2849 συγ-

833 1493 948 1546 χέειν.
990 1516 1039 1523 -—
1076 1493 1304 1548 τεταγμένοι
1346 1498 1493 1547 μοῦνοι

833 1553 920 1602 (pro
937 1553 1079 1602 μοῦνοι
1102 1551 1344 1604 τεταγμένοι)
1367 1567 1387 1589 e
1402 1555 1492 1591 Flo-

834 1610 984 1646 rentino
1007 1610 1163 1659 aliisque
1186 1617 1383 1660 receptum
1406 1618 1472 1648 est.

887 1669 988 1704 τοῖσι
1019 1663 1062 1704 δὲ
1092 1662 1267 1705 ἄλλοισι
1267 1663 1429 1717 Έλλησι
1452 1682 1490 1709 κ.

830 1736 863 1760 τ.
885 1721 940 1772 λ.]
972 1721 1088 1761 ΡΓοέ
1071 1721 1244 1775 εγὲνετο,
1283 1723 1387 1775 quod
1407 1731 1492 1774 post

830 1777 1081 1816 Schaeferum
1131 1781 1286 1817 retinuit
1341 1779 1476 1818 Matth.
1467 1809 1491 1830 .‚

831 1835 1010 1887 equidem
1029 1848 1118 1872 cum
1138 1837 1291 1888 reliquis
1311 1836 1430 1874 dedi’
1413 1838 1488 1888 εγί-

831 1907 942 1941 νετο,
970 1893 1124 1929 iubente
1150 1894 1368 1931 Florentino
1388 1894 1491 1931 aliis-

831 1961 919 2000 que.
950 1949 1091 1986 Sensus
1113 1957 1188 1986 est:
1212 1951 1350 2002 reliqui
1373 1952 1491 1987 Grae-

832 2007 888 2053 ci,
919 2012 1032 2055 prout
1061 2007 1202 2058 quique
1238 2009 1278 2043 in
1300 2008 1379 2043 acie
1408 2008 1491 2044 col-

830 2063 944 2099 locati
968 2069 1094 2109 erant,
1130 2063 1277 2100 fontem
1297 2062 1490 2101 habebant

827 2120 973 2170 procul,
998 2118 1065 2156 sed
1078 2119 1252 2170 Asopum
1267 2121 1308 2156 in
1333 2121 1492 2170 propiu-

830 2188 931 2226 quor,
975 2189 995 2211 e
1035 2188 1111 2227 quo
1151 2189 1241 2213 cum
1275 2183 1492 2213 arcerentur

830 2234 898 2280 (ne
933 2233 1014 2269 scil.
1045 2245 1186 2283 aquam
1220 2231 1372 2270 haurire
1400 2247 1492 2284 pos-

827 2288 952 2338 sent),
982 2290 1034 2326 ita
1056 2290 1135 2325 iam
1158 2288 1206 2326 ad
1232 2288 1491 2341 Gargaphiam

829 2346 976 2383 fontem
1015 2354 1253 2384 accesserunt
1295 2354 1490 2398 aquatum.

829 2425 884 2430 -—-
902 2405 959 2439 De
979 2404 1169 2453 particulis
1194 2400 1298 2443 οὕτω
1316 2401 1364 2455 δὴ
1385 2403 1489 2441 conf.

828 2466 924 2499 nott.
947 2459 995 2496 ad
1014 2460 1089 2507 IX,
1116 2462 1151 2500 6.

1072 2549 1165 2600 Cap,
1195 2550 1240 2586 L,

893 2621 1045 2665 Τούτου
1067 2625 1110 2665 δὲ
1127 2623 1309 2666 τοιούτου
1332 2626 1489 2681 γινομέψ

831 2683 923 2730 νου]
957 2682 1105 2719 Eadem
1135 2684 1276 2721 locutio
1306 2685 1359 2732 V,
1397 2687 1489 2724 109.

831 2740 887 2776 Ao
907 2740 1022 2789 paulo
1052 2746 1135 2790 post
1178 2739 1329 2781 τούτων
1354 2736 1489 2781 τοιού-

832 2810 910 2835 των
930 2792 1091 2836 ἐόντων.

1493 439 1575 478 716

1490 1141 1598 1176 Itaque
1626 1142 1753 1171 Graecis

1491 1180 1522 1202 et
1540 1184 1619 1210 aqua
1643 1180 1673 1203 et
1691 1186 1768 1204 com-
