1839 3292
513 219 858 256 URANIA.
917 219 1048 256 VIII.

155 329 394 386 Ἀθηναίων
430 327 707 371 Ποσειδέωνά
734 343 779 370 τε
808 327 881 370 καὶ
899 327 1158 384 Ἀθηναίην,
1189 325 1466 395 ἐρίτξανταςθό
1484 331 1564 372 643

1357 222 1414 259 73

136 397 271 451 Ξπερὶ
297 401 370 454 τῆς
397 396 551 453 χώρης,
580 393 797 452 μαρτύρια
825 395 998 438 θέσθαι.
1055 392 1218 450 ταύτην
1250 396 1311 436 ὠν
1339 395 1418 449 τὴν

102 572 172 607 sae,
194 572 310 611 quem
331 558 425 596 adeo
446 570 540 595 mare
559 557 758 605 vocabant,

102 629 297 668 quemque
315 617 383 653 sub
394 616 526 651 flatum
545 615 626 651 noti
645 612 759 650 surdo

102 685 300 709 murmure
337 673 522 708 fluctuum
561 669 610 707 ad
644 672 761 707 instar

103 731 250 766 moveri
276 730 526 779 strepitusque
557 725 669 763 edere
700 726 760 763 di-

105 786 260 831 cebant,
302 792 395 822 teste
425 786 589 822 Pausan.
625 784 663 831 I,
704 781 757 823 24

104 843 190 879 coll.
209 842 343 878 Liban.
363 842 540 877 Lament.
560 838 760 876 Nicomed.

101 911 142 948 p.
180 900 276 938 203.
352 899 498 948 Quippe
537 899 761 947 Neptunum

100 955 227 1005 ipsum
264 967 353 991 cum
400 953 563 990 tridente
614 954 761 989 fontem

102 1024 123 1046 e
145 1023 237 1047 saxo
259 1011 445 1061 aperuisse
470 1011 572 1046 fama
601 1010 758 1046 ferebat.

101 1068 159 1104 Ac
179 1079 267 1103 saue
296 1069 349 1103 nil
369 1066 547 1117 impedit,
580 1079 654 1118 quo
684 1067 759 1101 mi-

101 1136 174 1160 nus
194 1137 323 1160 revera
340 1124 485 1160 fontem
505 1124 646 1159 salsum
666 1124 759 1158 olim

100 1180 142 1216 in
194 1193 279 1216 arce
320 1180 433 1216 fuisse
484 1181 757 1226 existimemus,

104 1249 219 1287 quem
238 1237 344 1285 vulgi
366 1237 578 1286 superstitio
600 1235 648 1271 ad
679 1237 759 1271 Ne·-

103 1300 270 1343 ptunum
282 1294 460 1338 retulerit,
482 1305 674 1343 quemque
688 1290 758 1327 ad-

104 1347 180 1386 huc
206 1362 245 1385 se
271 1349 406 1386 vidisse
438 1348 653 1384 affirmabat
672 1351 760 1398 pio-

103 1418 190 1441 rum
211 1407 536 1455 peregrinatorum
557 1417 668 1451 unus,
688 1417 760 1440 ne-

103 1462 278 1511 gantibus
320 1468 507 1512 quotquot
547 1467 676 1497 nostra
717 1473 760 1497 ac

101 1524 254 1568 patrum
281 1520 464 1554 memoria
487 1531 613 1554 arcem
633 1518 763 1567 perlu-

100 1580 278 1611 strarunt.
342 1575 451 1613 Conf.
490 1575 638 1610 muller.
675 1575 701 1611 l.
732 1574 759 1611 l.

101 1643 190 1681 pag.
209 1633 276 1671 20.
298 1633 363 1671 31.
405 1630 516 1676 Quod
530 1644 619 1667 vero
636 1629 760 1667 Athe-

100 1687 248 1724 nienses
278 1688 402 1724 oleam
427 1702 470 1724 ac
491 1695 652 1738 puteum
680 1695 761 1725 tam

104 1745 217 1779 anxie
274 1746 440 1781 curarint
499 1751 655 1796 tamque
698 1746 760 1794 pie

103 1801 307 1847 coluerint,
345 1803 532 1838 rationem
565 1801 669 1838 addit
698 1800 761 1837 hi-

102 1858 237 1892 storiae
257 1864 362 1907 pater
383 1871 489 1905 eam,
522 1871 638 1909 quam
657 1858 760 1894 fama

103 1914 350 1962 suggerebat:
405 1928 483 1951 esse
519 1913 613 1951 haec
655 1916 761 1951 rixae

102 1969 201 2005 inter
228 1971 440 2008 Minervam
471 1978 584 2023 atque
613 1972 762 2021 Neptu-

103 2038 200 2061 num
230 2024 277 2062 de
305 2028 452 2064 Atticae
479 2029 643 2078 regionis
672 2041 762 2078 pos-

104 2084 268 2119 sessione
288 2085 523 2131 testimonia3
539 2098 660 2136 quum
680 2085 759 2122 scil.

103 2138 169 2175 illa
182 2140 252 2175 sibi
281 2140 366 2176 olea
392 2142 560 2191 plantata
587 2140 761 2179 vindica-

105 2202 163 2232 ret
218 2197 366 2233 Atticae
414 2199 576 2248 regionis
615 2211 763 2248 posses-

105 2252 264 2300 sionem,
295 2267 411 2305 quam
426 2254 589 2291 eandem
618 2257 763 2305 Neptu-

103 2321 188 2356 nus,
211 2311 275 2360 qui
291 2318 449 2360 puteum
470 2312 579 2347 illum
600 2311 762 2348 tridente

107 2373 303 2414 aperuerat
327 2397 336 2414 ,
394 2367 607 2405 affectabat.
681 2370 762 2404 Hac

106 2433 196 2457 vero
223 2435 263 2458 re
292 2422 340 2459 ad
370 2422 574 2461 duodecim
604 2424 764 2461 deorum

109 2475 290 2514 iudicium
314 2481 477 2529 perlata,
515 2489 659 2518 constat
688 2483 764 2517 Mi-

109 2545 247 2569 nervae
289 2538 560 2584 possessionem
600 2540 764 2588 regionis

108 2589 222 2626 fuisse
243 2589 442 2630 addictam.
500 2594 691 2646 Equidem
716 2596 765 2631 il-

107 2645 176 2682 lud
207 2646 360 2695 adiicio,
395 2649 514 2687 videri
543 2653 673 2703 utique
707 2652 764 2688 al-

109 2703 211 2739 tioris
232 2702 420 2754 indaginis
442 2720 519 2744 esse
532 2706 631 2745 hanc
651 2709 763 2744 fabu-

107 2758 206 2806 lam,
244 2773 344 2811 quae
382 2761 429 2797 ad
472 2765 594 2812 prima
635 2778 763 2801 rerum

107 2815 320 2853 Atticarum
349 2817 578 2857 incunabula
608 2828 763 2872 spectet,

816 557 869 593 ita
889 562 931 593 ut
950 556 1019 593 ista
1048 556 1175 606 regio,
1206 556 1320 592 maris
1349 554 1475 592 flucti-

816 614 887 649 bus
909 613 1001 649 olim
1030 614 1197 649 multum
1216 620 1373 659 vexata,
1403 625 1477 662 po-

815 676 895 706 stea
917 683 966 706 ex
993 667 1067 706 hoc
1096 669 1283 706 fluctuum
1311 666 1477 720 (Neptu-

816 728 875 773 ni)
908 727 1115 762 certamine
1157 739 1245 763 cum
1274 726 1354 775 ipsa
1383 732 1483 762 terra

815 783 985 834 lucisque
1028 784 1066 819 vi
1096 783 1200 819 illam
1237 783 1482 818 collustrante

818 846 854 876 et
889 839 1133 877 calefaciente
1181 839 1384 888 (Minerva)
1413 839 1483 874 fir-

816 909 880 932 ma
906 897 1090 932 exstiterit
1128 904 1319 947 certaque.
1379 895 1474 931 Val-

818 952 928 989 cken.
960 952 1007 988 de
1037 952 1108 989 hac
1128 954 1192 989 lite
1215 953 1354 988 excitat
1377 952 1479 989 Plat.

816 1011 1122 1060 Menexen.pag.
1139 1012 1221 1049 237
1245 1010 1286 1045 C.
1301 1015 1335 1044 et
1358 1009 1479 1052 Quin-

814 1067 868 1103 til.
883 1067 1053 1104 Declam.
1069 1068 1148 1106 323
1168 1066 1254 1102 coll.
1275 1063 1479 1102 Plutarch.

813 1124 850 1158 II
882 1135 967 1172 pag.
996 1122 1076 1162 489
1100 1124 1146 1158 B.
1204 1123 1270 1158 Tu
1296 1121 1373 1160 vid.
1406 1135 1478 1171 po-

814 1181 1001 1215 tissimum
1040 1177 1262 1228 Apollodor.
1296 1179 1370 1225 IlI,
1427 1176 1479 1217 14

816 1237 854 1281 ξ.
883 1239 901 1274 1
938 1243 974 1272 et
1004 1248 1101 1286 quae
1133 1235 1205 1270 alia
1237 1235 1478 1284 protulerunt

814 1293 940 1328 Moser
960 1291 1008 1327 ad
1035 1292 1224 1328 Ciceronis
1242 1292 1267 1327 l.
1291 1292 1315 1330 l.
1346 1292 1478 1328 Sinte-

815 1350 873 1384 nis
910 1346 958 1383 ad
987 1346 1183 1387 Plutarch,
1225 1346 1479 1384 Themistocl.

821 1406 870 1444 19
901 1416 987 1454 pag.
1022 1406 1112 1443 125.
1147 1405 1324 1441 Creuzer.
1357 1406 1478 1455 Sym-

817 1461 894 1499 bol.
917 1461 953 1496 ΙΙ
972 1473 1060 1510 pag.
1084 1458 1163 1500 640
1191 1474 1271 1511 seq.
1294 1459 1375 1500 754
1397 1473 1479 1511 seq.

817 1517 869 1554 IV
893 1529 981 1567 pag.
1012 1516 1093 1557 350
1121 1530 1199 1567 seq.
1220 1518 1322 1554 Orat.
1355 1515 1402 1552 de
1423 1517 1480 1552 ci-

815 1575 882 1611 vit.
903 1572 1045 1610 Athen.
1066 1586 1153 1623 pag,
1167 1576 1218 1613 67
1231 1573 1321 1610 etin
1336 1573 1480 1610 Stuart.

817 1637 854 1667 et
893 1632 1041 1667 Revett.
1071 1629 1234 1667 Alterth.
1263 1643 1350 1681 pag.
1384 1630 1479 1670 547.

818 1688 962 1732 Quibus
994 1693 1124 1737 postea
1155 1686 1248 1724 haec
1284 1687 1480 1737 adscripsit

820 1744 1032 1782 Creuzerus:
1079 1743 1186 1790 „Sed
1217 1751 1348 1780 tamen
1378 1745 1480 1779 anti-

821 1803 1001 1852 quissima
1039 1813 1145 1838 sacra
1181 1800 1478 1837 Atheniensium

815 1859 915 1894 inter
953 1858 1097 1894 arvales
1136 1856 1226 1895 deos
1262 1856 1480 1894 habuerunt

819 1916 934 1951 etiam
972 1916 1218 1964 Neptunum,
1260 1928 1378 1965 quem
1417 1915 1479 1950 alii

819 1985 973 2023 quoque
995 1972 1130 2008 Graeci
1160 1968 1383 2021 φυτάλμιον
1408 1984 1480 2021 ap·-

817 2029 1028 2079 pellabant‚
1050 2029 1076 2064 i.
1099 2042 1132 2065 e.
1161 2025 1329 2079 γόνιμον
1349 2028 1479 2064 almum

819 2084 1006 2135 (Hesych.
1030 2085 1070 2120 in
1102 2080 1359 2134 φυτάλμιος).
1394 2085 1478 2128 Qua

819 2141 866 2178 de
896 2155 936 2177 re
972 2142 1126 2178 consule
1164 2142 1383 2178 Bosslerum
1421 2142 1478 2176 De

818 2205 937 2249 gentt.
967 2205 1002 2234 et
1032 2198 1165 2234 famill.
1187 2199 1334 2234 Atticae
1354 2211 1480 2234 sacer-

820 2255 1006 2292 dotalibus
1027 2267 1114 2305 pag.
1147 2257 1170 2294 9
1192 2268 1320 2306 seqq.,
1344 2262 1379 2291 et
1399 2255 1479 2304 ipse

819 2325 943 2362 nuper
975 2312 1108 2348 monui
1147 2312 1185 2347 in
1221 2312 1390 2347 Diatriba
1432 2310 1479 2347 de

819 2369 973 2406 vasculo
1023 2369 1229 2405 Erbacensi
1273 2368 1479 2404 Herculem

819 2427 1021 2476 Buzygem
1044 2424 1292 2461 exhibente.“

877 2478 994 2533 λόγος
1015 2479 1123 2533 napo}
1145 2477 1393 2530 Ἀθηναίων]
1424 2482 1480 2516 Ita

819 2540 1060 2575 Florentinus
1101 2551 1190 2574 cum
1221 2538 1312 2574 aliis.
1380 2538 1482 2573 Male

822 2595 898 2632 duo
939 2594 1051 2631 codd.
1106 2589 1182 2632 ὑπ’
1229 2589 1479 2642 Ἀθηναίων.

821 2649 1231 2700 Schweighaeuserus,
1270 2652 1335 2701 qui
1377 2652 1480 2701 prius

820 2708 1041 2759 requisierat
1089 2702 1188 2755 παρ’
1237 2701 1481 2757 Ἀθηναίοις,

820 2765 874 2800 nil
915 2771 1041 2800 tamen
1075 2771 1202 2813 postea
1250 2763 1480 2800 mutandum

820 2821 978 2869 censuit,
1000 2820 1115 2857 modo
1125 2817 1232 2871 παραὶ
1252 2816 1482 2871 Ἀθηναίων
