1839 3292
387 215 444 253 9⁰
803 215 1256 252 HERODOTI

387 323 465 366 τὸν
493 320 687 376 πόλεμον
715 326 772 378 κῆ
802 320 1089 378 ἀποβήσεται·
1128 324 1170 366 οἱ
1209 324 1254 366 δὲ
1284 324 1430 366 λοιποὶ
1465 323 1523 375 ὠς
1559 322 1656 368 α’πί-

389 407 520 434 κοντο
551 391 593 441 ἐς
622 390 670 433 τὸ
708 390 926 445 Φάληρον,
961 389 1155 433 ἐνθαῦτα
1195 391 1352 446 κατέβη
1385 391 1515 443 αὐτὸς
1546 393 1654 446 Ξέρ-

387 460 462 514 ξης
494 459 560 501 ἐπὶ
590 457 665 508 τὰς
695 462 812 513 νῆας,
842 457 1005 501 ἐθέλων
1034 469 1114 513 σφι
1145 460 1352 513 συμμίξαι
1390 475 1433 501 τε
1465 460 1539 503 καὶ
1576 476 1654 503 πυ·
1668 466 1714 500 80

359 529 553 570 Ξθέσθαι
583 530 673 569 τῶν
703 525 1011 570 ἐπιπλωόντων
1032 527 1109 576 τοὶς
1139 524 1329 582 γνώμας.
1385 525 1500 570 Ἐπεὶ
1531 527 1576 570 δὲ
1607 527 1656 570 ἀ-

387 595 622 649 πικόμενος
666 597 886 648 προΐζετο,
936 598 1139 650 παρῆσαν
1169 594 1457 650 μετάπεμπτοι
1499 596 1541 638 οἱ
1569 598 1657 637 τῶν

386 662 551 706 ἐθνέων
579 665 667 705 τῶν
697 662 920 717 σφετέρων
957 663 1170 718 τύραννοι
1210 664 1280 706 καὶ
1310 665 1529 717 ταξίαρχοι
1569 660 1655 705 ἀπὸ

387 735 476 774 τῶν
505 735 634 785 νηῶν,
666 731 738 773 καὶ
768 732 909 784 ἵζοντο
941 730 1000 781 ὥς
1031 743 1110 784 σφι
1141 729 1658 786 βασιλεύςέκάστῳτιμήν

389 798 606 842 ἐδεδώκεε·
622 803 794 853 πρῶτος
812 799 889 855 μὲν
907 798 930 842 ὁ
950 799 1168 849 Σιδώνιος
1189 799 1405 854 βασιλεύς·
1438 799 1543 854 μετά
1554 799 1614 850 δὲ,
1629 797 1653 842 ὁ

359 866 584 921 3Τύριος·
626 867 693 910 ἐπὶ
724 867 795 919 δὲ,
833 863 978 911 ὧλλοι.
1039 867 1098 919 ὠς
1123 869 1166 911 δὲ
1193 868 1340 924 κόσμῳ
1371 868 1516 921 ἐπεξῆς
1544 867 1714 919 ἷζον-85

386 952 459 986 το,
496 935 666 988 πέμψας
696 934 858 990 Ξέρξης
887 936 1163 989 Μαρδόνιον,
1199 935 1376 989 εἰρώτα,
1416 933 1656 986 ἀποπειρώ-

259 1002 326 1047 68
385 1020 515 1059 μενος
536 1002 734 1054 ἑκάστου,
767 1006 804 1046 εἰ
834 1005 1078 1059 ναυμαχίην
1099 1003 1304 1047 ποιέοιτο.
1357 1002 1475 1046 Ἐπεὶ
1506 1002 1552 1044 δὲ
1581 1017 1657 1044 πε-

52 1068 313 1133 ξξξιῗζῆἦζξξᾞῦ
389 1071 516 1123 ριϊών
547 1071 702 1126 εἰρώτα
725 1070 747 1114 ὁ
780 1072 1052 1126 Μαρδόνιος,
1086 1071 1325 1125 ἀρξάμενος
1356 1070 1439 1115 ἀπὸ
1469 1073 1552 1113 τοῦ
1572 1073 1655 1112 Σι-

52 1133 331 1200 ῗῗξᾋέξξῖζῗζῖξὲω
389 1142 575 1190 δωνίου,
617 1141 659 1182 οἱ
696 1139 774 1192 μὲν
805 1140 857 1194 δή
891 1139 1014 1182 ἄλλοι
1051 1143 1161 1182 κατὰ
1190 1138 1330 1182 τώυτὸ
1361 1137 1542 1194 γνώμην
1572 1137 1657 1189 ἐξε-

52 1200 328 1270 ἷῖἶὶῖίέτῑξοὲᾗξυξῗι·
388 1206 587 1262 φέροντο,
623 1207 869 1258 κελεύοντες
898 1210 1142 1263 ναυμαχίην
1170 1207 1420 1260 ποιέεσθαι,
1469 1205 1655 1261 Ἄρτεμι·
1668 1211 1714 1244 90

53 1266 153 1296 detur.
213 1301 227 1328 ι
390 1275 461 1330 σίη
493 1274 539 1317 δὲ
569 1274 670 1318 τάδε
700 1276 806 1332 ἔφη·
839 1277 1019 1328 ,,Εἰπεῖν
1047 1292 1122 1331 μοι
1153 1273 1263 1329 πρὸς
1293 1274 1495 1330 βασιλέα,
1525 1276 1658 1327 Μαρ-

384 1341 546 1395 ,,δόνιε,
577 1341 636 1394 ὦς
666 1342 748 1399 ἐγώ
779 1343 882 1387 τάδε
911 1343 1032 1398 λέγω.
1093 1343 1202 1386 Οὔτε
1241 1345 1449 1397 κακίστην
1484 1341 1658 1398 γενομέ-

357 1417 499 1466 2,,νην
539 1410 587 1453 ἐν
622 1415 720 1468 τῇσι
754 1414 1021 1468 ναυμαχίῃσι
1058 1416 1158 1467 τῇσι
1196 1412 1305 1465 πρὸς
1325 1412 1518 1468 Εὐβοίῃ,
1551 1409 1653 1455 οὔτε
1709 1424 1791 1467 650
1838 1454 1839 1458 ,

389 1477 617 1534 »ἐλάχιστα
656 1478 1012 1537 ἀποδεξαμένην,
1061 1479 1274 1531 δέσποτα,
1321 1480 1448 1535 τήνδε
1495 1478 1713 1522 ἐοῦσαν95

329 1644 418 1683 pag.
442 1630 564 1673 1247.
601 1633 659 1668 De
682 1630 804 1670 Pariis
825 1632 925 1669 conf.
944 1631 991 1677 V,

330 1691 385 1729 28
406 1701 510 1740 seqq.
546 1691 612 1729 31.
651 1690 722 1736 Vl,
769 1691 844 1730 133
884 1702 992 1741 seqq.

331 1746 439 1792 VIII,
466 1747 555 1785 112.
585 1747 643 1782 De
663 1746 780 1782 verbo
803 1747 991 1797 συμμῖξαι

331 1802 434 1839 conf.
456 1808 552 1839 nott.
575 1801 623 1840 ad
643 1803 749 1851 VIII,
772 1802 840 1844 58.

390 1857 413 1899 ὅ
427 1854 624 1906 Σιδώνιος
644 1855 849 1912 βασιλεύς]
873 1860 992 1910 Attigi

331 1913 426 1952 haec
449 1915 497 1952 ad
517 1917 605 1964 VII,
640 1919 733 1958 100.
789 1915 851 1953 Ad
880 1929 993 1953 voces

332 1967 661 2024 ἀποπειρώμενος
691 1967 859 2012 ἕκαστον
889 1974 990 2012 conf.

333 2036 431 2066 nott.
453 2028 501 2066 ad
523 2031 588 2077 111,
623 2033 714 2071 119.
754 2029 857 2068 Add.
887 2031 990 2071 Plat,

331 2085 476 2123 Phaed.
491 2100 530 2136 p.
553 2090 605 2127 60
629 2088 687 2124 E:
715 2087 914 2127 ἐνυπνίων
935 2103 994 2126 τι-

331 2145 417 2182 νών
469 2140 905 2196 ἀποπειρώμενος
955 2144 991 2183 τί

331 2201 448 2251 λέγοι.
518 2201 643 2237 Verba
687 2201 722 2240 εἰ
765 2201 991 2251 ναυμαχίην

330 2257 504 2297 ποιέοιτο
556 2271 647 2294 cum
696 2259 742 2296 G.
784 2261 993 2294 Hermann.

333 2315 494 2364 Opuscc.
514 2315 577 2351 IV.
600 2328 635 2364 p.
657 2317 723 2356 90.
745 2317 792 2354 91
819 2314 992 2351 reddide-

332 2372 428 2407 rim:
460 2385 506 2408 an
523 2384 686 2421 pugnam
715 2372 879 2409 naualem
899 2384 993 2409 com-

328 2429 425 2465 mitti
447 2432 629 2465 censerent.
698 2443 705 2451 ·

509 2519 603 2569 Cap.
633 2518 808 2555 vam.

390 2597 431 2636 οἷ
468 2595 540 2648 μὲν
577 2594 628 2648 δή
670 2595 782 2636 ἄλλοι
811 2620 862 2625 —-
911 2596 992 2645 ἐξε-

334 2651 519 2704 φέροντο]
549 2654 610 2692 Ad
631 2656 864 2692 locutionem
892 2655 993 2692 conf.

335 2711 389 2757 V,
421 2712 481 2766 36Ν
502 2712 593 2763 ibiq.
625 2719 718 2748 nott.
766 2714 852 2749 Duo
881 2711 993 2749 codd.

335 2765 427 2803 dant
449 2767 589 2814 ὧλλοι,
619 2769 681 2804 alii
703 2768 744 2807 οἵ
766 2766 838 2819 μὲν
869 2766 992 2808 ἄλλοι.

333 2823 399 2861 Tu
437 2824 540 2861 conf.
581 2826 702 2863 Koen.
744 2824 792 2863 ad
833 2826 992 2877 Gregor.

1048 1631 1137 1669 Cor.
1158 1630 1206 1668 de
1238 1629 1386 1668 dialect.
1407 1631 1499 1667 Dor.
1534 1629 1572 1674 ξ.
1597 1630 1647 1668 12
1667 1642 1707 1679 p.

1052 1690 1143 1729 199.
1166 1711 1222 1716 —
1255 1690 1313 1726 De
1333 1687 1525 1725 Artemisia
1556 1684 1637 1723 dixi
1662 1684 1712 1722 ad

1047 1746 1137 1793 VII,
1168 1747 1234 1785 99.

1107 1912 1234 1953 εἰπεῖν
1265 1911 1352 1964 μοι]
1382 1912 1458 1948 Alii
1496 1907 1628 1951 εἷπαιι
1664 1909 1713 1948 do

1051 1984 1126 2022 quo
1162 1970 1239 2012 vid,
1276 1977 1372 2007 nott.
1401 1968 1449 2006 ad
1487 1969 1598 2017 vlu,
1640 1967 1712 2010 65·

1048 2029 1124 2064 Alii
1138 2030 1252 2064 etiam
1263 2025 1359 2066 εἰπέ.
1394 2025 1472 2063 Sed
1485 2025 1562 2063 vid.
1574 2023 1713 2062 Matth.

1050 2086 1118 2121 Gr.
1142 2087 1207 2122 Gr.
1231 2087 1266 2130 ξ.
1291 2083 1385 2130 545,
1409 2084 1474 2135 qui
1494 2082 1597 2120 idem
1619 2094 1711 2132 pro-

1047 2155 1189 2178 nomen
1213 2157 1280 2192 μοι
1310 2139 1482 2176 additum
1503 2140 1624 2189 attigit
1645 2139 1711 2176 Gr.

1050 2200 1117 2235 Gr.
1159 2201 1196 2244 ξ.
1230 2200 1310 2239 380
1347 2196 1374 2233 f.
1432 2197 1712 2246 WVesseliugius

1050 2261 1337 2305 comparaverat
1352 2254 1392 2289 ll.
1407 2254 1508 2301 XIV,
1525 2254 1601 2294 501
1618 2253 1710 2304 ibiq.

1048 2311 1223 2349 Eustath.
1253 2333 1306 2338 -—
1341 2311 1416 2348 Pro
1447 2311 1619 2362 βασιλῆα
1647 2322 1710 2345 re-

1048 2371 1178 2419 scripsi
1209 2366 1380 2420 βασιλέα.

1106 2422 1286 2476 ἐλάχιστα
1306 2421 1619 2473 ἀποδεξαμένην]
1634 2422 1712 2459 scil.

1048 2481 1278 2533 πράγματα,
1318 2480 1422 2532 ἔργα.
1480 2479 1567 2517 vid.
1599 2480 1712 2516 allata

1049 2539 1098 2576 ad
1118 2542 1198 2587 vll,
1224 2541 1311 2579 138,
1340 2539 1595 2574 Loculionem
1607 2531 1711 2576 οἷπο-

1051 2595 1286 2636 δείκνυσθαι
1328 2591 1493 2647 γνώμην
1525 2594 1633 2644 attigi
1663 2591 1710 2629 ad

1050 2656 1093 2700 Ι,
1128 2657 1217 2694 170.
1258 2649 1330 2703 τὴν
1362 2651 1507 2691 ἐοῦσαν
1546 2646 1711 2702 γνώμην

1051 2710 1235 2749 Valcken.
1285 2716 1386 2746 recte
1442 2709 1709 2758 interpretatur

1051 2781 1167 2805 veram
1220 2769 1332 2805 animi
1374 2768 1442 2804 mei
1489 2766 1706 2802 sententiam.

1050 2825 1162 2865 Cous.
1183 2829 1221 2876 1,
1250 2827 1303 2868 95
1324 2827 1415 2879 ibiq.
1436 2831 1529 2862 nott,
1551 2829 1590 2860 et
1608 2828 1704 2860 nott.
