1839 3292
406 231 474 268 DE
506 228 628 267 VITA
656 228 729 265 ET
759 225 995 266 SCRIPTIS
1022 227 1602 272 HERODOT1.399

111 344 187 396 pej.
216 358 252 396 p.
275 345 352 384 128
372 341 536 392 scripsit:
565 335 928 405 Ηρόδοτος-των
963 335 1040 389 πρὸ
1078 333 1204 378 αὐτοῦ
1243 338 1503 391 συγγραφέων
1538 357 1598 394 γε-

113 399 292 464 νομένων
319 398 556 437 *Ἑλλανίκου
585 411 625 436 τε
655 395 721 436 καὶ
743 392 938 467 Xa‘oqug·
965 393 1039 447 τήν
1068 392 1217 463 αὐτην
1222 392 1426 436 ὑπόθεσιν
1455 413 1599 447 προεκ-

112 451 343 496 δεδωκότων
382 450 458 494 οὐκ
497 449 740 504 ἀπετράπετο
774 448 855 491 ἄλλ’
898 452 1125 493 ἐπίστευσεν
1165 468 1299 492 αυτων
1338 468 1406 507 xpe
1392 450 1522 493 -ῖσσόν
1560 470 1599 494 τι

110 511 299 560 ἐξοίσειν,
330 507 426 562 όπεο
444 509 512 549 καὶ
539 508 745 560 πεποίηκε.

219 570 277 604 De
292 568 470 605 Hecataeo
496 566 639 604 Illi'lesw
661 568 713 602 ita
732 565 859 602 scribit
879 564 1016 602 Suidas
1041 566 1060 602 I
1078 579 1117 617 p.
1139 568 1243 607 687:
1296 564 1512 616 Ηοόδοτος
1553 562 1596 604 δὲ

107 620 435 674 ’Ἁλικαρνασσεύς
465 619 666 672 ω’φέληται
689 618 871 660 τούτου
897 617 1085 671 νεώτερος
1116 619 1186 670 ὤν,
1216 623 1385 674 itemque
1406 621 1596 673 Porphyr.

108 681 211 732 apud
230 683 318 718 Eus.
340 683 473 730 Praep.
494 681 565 716 Ev.
586 680 624 714 X
644 692 682 729 Ρ.
709 676 791 718 466
812 679 878 719 B‚:
909 673 1122 727 Ἠρόδοτος
1151 678 1193 717 ἐν
1221 694 1268 732 τῃ
1294 677 1455 733 δευτέρᾳ
1468 675 1597 718 πολλοὶ

106 736 396 777 Ἑκαταίουτοῦ
404 735 609 785 Μιλησίου
640 749 738 772 κατα
768 733 870 781 λέξιν
901 731 1137 786 μετήνεγκεν
1164 733 1207 773 ἐκ
1235 731 1596 786 τῆςπεριηγησεως

106 793 255 845 βραχέα
292 788 591 844 παοαποιήσας,
633 787 672 839 ἓ)
721 791 894 827 nominat
915 797 1042 827 autem
1062 789 1323 842 Porphyrius
1313 805 1352 827 m
1373 791 1429 828 his
1451 791 1594 828 descri-

105 851 277 901 ptionem
296 848 555 899 hippopotami
577 848 641 896 (Π,
664 849 732 888 71.
762 848 812 884 Τ.
832 849 849 882 Ι
869 861 906 897 p.
938 846 1037 895 647)
1061 855 1096 885 et
1116 850 1372 885 narrationem
1394 847 1441 884 de
1475 861 1592 885 vena-

105 907 208 943 tione
226 906 504 943 crocodilorum
525 904 591 953 (ΙΙ,
617 907 671 944 70
691 917 729 954 p.
760 903 871 954 646).
931 904 1073 949 Quibus
1103 905 1311 942 Creuzerus
1343 906 1384 941 in
1411 905 1593 954 fragium.

103 961 288 1000 historico.
310 976 348 1012 p.
373 964 436 1002 19.
458 964 511 1001 20
533 960 659 997 adiicit
680 961 791 996 etiam
813 961 1071 997 narrationem
1091 960 1138 998 de
1159 960 1352 998 Phoenice
1374 975 1442 998 ave
1462 963 1590 1009 11,73.

103 1019 155 1056 T.
183 1021 201 1055 I
221 1033 259 1070 p.
281 1018 373 1065 649,
404 1016 607 1054 accedente
627 1017 804 1053 Klausen.
826 1016 874 1054 ad
894 1019 1073 1054 Hecataei
1091 1018 1272 1068 fragmm.
1290 1031 1378 1069 pag.
1403 1021 1494 1065 126,
1525 1019 1592 1069 qui

102 1088 352 1127 quaecunque
373 1073 421 1111 de
441 1073 636 1111 crocodilis
658 1081 694 1110 et
713 1072 986 1124 hippopotamo
1002 1076 1050 1122 ΙΙ,
1064 1076 1129 1115 68.
1151 1077 1216 1115 69.
1231 1078 1358 1116 70.71
1377 1082 1591 1122 narrantur,

102 1145 152 1168 ex
172 1134 361 1169 Hecataeo
384 1130 496 1167 ducta
521 1131 602 1167 vult
620 1131 646 1166 l.
669 1131 695 1166 l.
722 1144 760 1180 Ρ.
783 1133 874 1177 128,
895 1132 1064 1182 itemque
1095 1130 1150 1182 (p.
1174 1130 1269 1182 132)
1289 1133 1521 1168 narrationes
1542 1130 1590 1167 de

101 1189 336 1239 serpentibus
356 1189 460 1224 alatis
481 1194 517 1223 et
530 1186 636 1223 Ibide
657 1199 726 1224 ave
741 1189 787 1233 II,
798 1186 864 1226 75.
877 1190 942 1235 76,
967 1189 997 1224 si
1018 1186 1173 1239 quidem
1192 1187 1331 1224 horum
1353 1188 1589 1236 animalium,

101 1258 200 1296 quae
219 1246 315 1281 mira
335 1245 399 1280 alit
419 1245 635 1295 Aegyptus,
661 1250 836 1280 naturam
857 1243 1071 1294 diligentius
1088 1245 1133 1281 ab
1152 1246 1342 1281 Hecataeo
1362 1245 1590 1295 explicatam

101 1302 216 1338 fuisse
236 1301 414 1338 credibile
435 1301 511 1337 fiat.
568 1302 701 1351 Neque
720 1307 849 1336 tamen
871 1313 919 1336 ex
940 1314 984 1337 eo
1005 1302 1097 1347 solo,
1127 1302 1274 1351 opinor,
1314 1301 1412 1338 effici
1437 1302 1587 1352 poterit,

99 1356 213 1395 hasce
237 1358 458 1395 animalium
489 1356 773 1407 descriptiones,
813 1370 904 1408 quas
927 1357 1038 1394 offert
1069 1357 1295 1402 Herodotus,
1322 1372 1371 1394 ex
1397 1360 1589 1394 Hecataeo

85 1413 344 1466 „depromptas
373 1427 469 1462 esse,
499 1427 571 1450 nec
591 1414 677 1450 satis
699 1411 878 1464 equidem
896 1414 1108 1463 intelligere
1128 1427 1293 1464 possum,
1317 1427 1385 1451 cur
1414 1414 1462 1451 ad
1484 1413 1588 1451 hunc

94 1466 340 1522 scriptorem,
392 1483 508 1523 quem
540 1471 619 1507 aliis
645 1470 736 1507 locis
757 1471 968 1515 cavillatur,
998 1483 1150 1507 nec-esse
1176 1469 1349 1508 habuerit
1381 1472 1588 1521 confugere

98 1529 235 1565 Noster
250 1530 290 1564 in
315 1529 377 1575 iis,
409 1540 506 1579 quae
524 1528 603 1577 ipse
632 1527 705 1563 suis
727 1527 843 1563 oculis
864 1528 1000 1564 melius
1033 1528 1226 1578 percipere
1255 1528 1378 1578 potuit
1412 1541 1588 1579 quaeque

97 1585 149 1621 ita
171 1586 285 1621 etiam
311 1585 450 1632 refert,
481 1590 524 1620 ut
546 1584 619 1620 suis
639 1585 763 1634 ipsum
785 1584 900 1620 oculis
920 1585 1006 1625 talia
1028 1585 1234 1634 inspexisse
1262 1585 1371 1621 facile
1397 1591 1586 1635 appareat.

96 1642 286 1678 Hecataeo
319 1642 477 1677 narratis
504 1641 639 1676 similia
665 1639 852 1691 quaedam
880 1653 969 1677 cum
997 1640 1132 1691 prodat
1161 1641 1207 1689 II,
1229 1644 1296 1688 77,
1328 1642 1587 1678 coniecturam

96 1697 187 1734 inde
209 1697 366 1745 ducunt,
396 1711 445 1733 ex
465 1698 654 1733 Hecataeo
674 1696 768 1733 haec
790 1710 943 1749 quoque
964 1696 1188 1748 deprompta
1202 1710 1303 1734 esse:
1340 1698 1386 1735 cf.
1416 1705 1511 1735 nott.
1533 1699 1585 1736 Τ.

95 1755 114 1790 I
134 1768 172 1804 p.
195 1755 276 1795 657
298 1762 334 1791 et
354 1753 440 1791 add.
458 1754 665 1792 Klausenl.
677 1753 704 1790 l.
724 1766 762 1804 p.
788 1753 877 1794 125.
910 1755 1007 1791 Cum
1032 1757 1223 1791 Hecataeo
1245 1767 1399 1806 quoque
1421 1769 1585 1792 consen-

95 1811 140 1847 tit
154 1812 264 1862 Aeg)
267 1818 374 1861 ptum
396 1811 472 1847 Nili
493 1809 637 1847 donum
658 1823 736 1847 esse
755 1823 921 1848 asserens
937 1813 985 1860 11,
1007 1811 1054 1852 5.
1095 1812 1142 1848 de
1172 1824 1248 1864 quo
1283 1813 1368 1848 loco
1389 1811 1465 1849 vid.
1486 1819 1584 1850 nott.

95 1867 147 1905 T.
164 1869 180 1903 Ι
200 1881 238 1917 Ρ.
259 1870 337 1907 901
362 1874 398 1904 et
417 1868 596 1906 Klausen.
614 1868 640 1904 l.
661 1868 687 1907 l.
708 1880 746 1917 Ρ.
772 1870 863 1908 122.
924 1867 1035 1913 Quod
1068 1881 1160 1906 vero
1188 1868 1292 1905 idem
1313 1869 1489 1906 Klausen.
1510 1870 1535 1908 l.
1556 1869 1583 1906 l.

96 1936 135 1973 p.
159 1924 210 1964 95
238 1926 484 1974 satrapiarum
514 1923 806 1974 descriptionem
832 1923 897 1971 ΙΙΙ,
919 1926 970 1965 89
991 1937 1095 1976 seqq.
1128 1938 1176 1961 ex
1196 1926 1386 1963 Hecataeo
1407 1924 1583 1963 haustam

95 1980 199 2028 vult,
231 1980 338 2016 aliter
355 1979 450 2017 mihi
469 1979 588 2018 videri
606 1981 684 2016 iam
705 1979 784 2016 dixi
804 1981 854 2017 Τ.
873 1981 909 2016 ΙΙ
928 1994 966 2031 p.
988 1981 1081 2022 675.

208 2036 347 2073 Contra
376 2039 520 2089 aliquot
545 2049 635 2073 sane
668 2037 708 2072 in
737 2035 920 2073 Herodoti
940 2037 1041 2074 libris
1060 2038 1317 2088 superstitibus
1337 2038 1583 2074 inveniuntur

93 2092 179 2139 loci,
209 2092 249 2128 in
270 2094 404 2144 quibus
426 2096 660 2131 Hecataeum
679 2093 740 2130 vel
761 2107 933 2143 expresse
953 2095 1014 2131 vel
1034 2096 1145 2131 tacite
1165 2096 1295 2145 tangi,
1327 2093 1485 2130 dubium
1500 2107 1581 2131 non

93 2162 172 2186 esse
187 2156 320 2199 potest.
380 2151 554 2188 Cavillari
575 2152 807 2186 Hecataeum
830 2156 867 2186 et
888 2151 1102 2202 aequalium
1125 2152 1214 2188 risui
1236 2163 1427 2201 exponere
1446 2153 1582 2188 Noster

92 2204 242 2244 videtur
260 2207 309 2254 II,
328 2205 429 2254 143,
463 2208 529 2244 ubi
550 2206 625 2245 vid.
647 2213 743 2245 nott.
765 2207 815 2244 T.
835 2208 852 2242 I
866 2220 905 2257 p.
928 2209 1008 2247 812
1030 2214 1065 2244 et
1093 2206 1181 2245 add.
1203 2209 1380 2244 Klausen.
1402 2208 1426 2244 l.
1448 2208 1472 2244 l.
1493 2221 1532 2258 p.
1554 2210 1580 2248 6

93 2274 186 2313 seq„
215 2275 286 2299 nec
315 2265 449 2300 melius
472 2262 638 2300 eundem
665 2270 797 2300 tractat
816 2263 878 2311 VI,
908 2265 986 2303 137
1007 2264 1092 2302 coll.
1114 2265 1158 2312 V,
1181 2267 1248 2313 36,
1274 2265 1340 2301 ubi
1368 2266 1580 2301 Hecataeus

94 2317 237 2354 bellum
265 2332 353 2356 cum
379 2322 501 2358 Persis
528 2318 741 2357 ineundum
777 2318 996 2357 dissuadens
1022 2320 1200 2358 laudatur
1230 2320 1358 2358 addito
1379 2321 1488 2358 titulo
1508 2322 1580 2359 τοῦ

93 2376 320 2425 λογοποιοῦ,
350 2383 392 2413 ut
411 2379 459 2426 ΙΙ,
479 2377 570 2419 143.
628 2378 727 2423 Quin
749 2378 918 2413 acerbius
939 2379 1173 2414 Hecataeum
1192 2378 1313 2428 tangit
1333 2379 1362 2425 I,
1397 2377 1487 2425 146,
1513 2378 1579 2414 ubi

93 2430 144 2468 cf.
172 2437 266 2467 nott.
296 2445 334 2481 p.
360 2435 451 2473 339.
480 2435 531 2472 T.
557 2436 575 2470 I
604 2441 640 2471 et
667 2434 844 2471 Klausen.
876 2434 900 2471 l.
929 2434 955 2470 l.
978 2448 1014 2484 p.
1040 2437 1131 2482 108,
1160 2436 1208 2479 Π,
1229 2438 1296 2474 21.
1318 2437 1384 2480 23,
1413 2434 1480 2470 ubi
1500 2433 1577 2472 vid.

91 2493 188 2523 nott.
209 2487 259 2523 T.
280 2488 297 2522 I
316 2501 353 2538 p.
377 2488 470 2537 523,
491 2490 570 2530 527
591 2491 676 2529 coll.
698 2491 760 2537 IV,
783 2492 807 2530 8
828 2504 864 2540 Ρ.
887 2492 980 2531 287.
1007 2492 1057 2527 Τ.
1078 2493 1113 2527 II
1128 2498 1165 2528 et
1185 2492 1247 2538 IV,
1271 2493 1337 2531 36.
1359 2491 1410 2531 Τ.
1434 2491 1469 2526 11
1488 2503 1578 2540 pag,

93 2543 189 2582 351.
245 2544 371 2595 Atque
402 2547 515 2582 etiam
546 2546 594 2584 de
623 2548 757 2597 Caspio
777 2547 873 2582 mari
893 2559 990 2597 quae
1015 2549 1150 2584 Noster
1178 2547 1305 2584 scribit
1324 2559 1412 2583 vera
1432 2549 1461 2594 I,
1481 2550 1576 2596 202,

93 2611 138 2635 ea
165 2606 296 2637 contra
325 2602 580 2653 Hecataeum,
620 2605 686 2657 qui
702 2604 881 2654 Caspium
899 2615 1005 2640 mare
1021 2616 1092 2655 pro
1114 2604 1256 2642 Oceani
1282 2603 1368 2641 sinu
1389 2601 1575 2654 habuerit,

90 2831 121 2867 V
143 2843 177 2878 P
179 2787 289 2870 ὲὸῐέο
313 2788 375 2823 hoc
398 2789 502 2824 verbo
526 2789 664 2837 eiusque
686 2789 935 2836 significatione
945 2791 1035 2825 conf.
1060 2790 1194 2827 Iacobs.
1219 2790 1410 2827 vermischt
1429 2793 1573 2829 Schrist.
