1839 3292
170 235 188 246 ·
467 211 932 250 CALLIOPE.

993 211 1010 246 1
1021 211 1073 249 X.
1319 213 1402 252 249

127 334 149 368 5
158 324 342 383 χομένιοι
357 320 593 373 ἑξακόσιοι·
621 319 790 363 τούτων
813 319 871 370 δὲ,
901 316 1140 361 Σικυώνιοι
1163 318 1402 373 τρισχίλιοι.

154 390 318 436 τούτων
355 390 401 432 δὲ
438 390 602 443 εἴχοντο
638 386 937 440 Ἐπιδαυρίων
967 384 1227 429 ὀκτακόσιοι.

1287 385 1406 439 παρὰ

155 458 200 503 δὲ
235 457 438 510 τούτους,
480 456 740 510 Τροιζηνίων
770 454 999 497 ἐτάσσοντο
1029 453 1176 507 χίλιοι·
1227 455 1405 508 Τροιζη-

151 526 258 568 νίων
289 524 334 567 δὲ
363 522 566 578 ἐχόμενοι,
599 520 876 576 Λεπρεητέων
897 518 1130 574 δημόσιον
1160 519 1328 562 τούτων
1357 519 1404 562 δὲ

152 593 424 648 ,Μυκηναίων
455 590 525 632 καὶ
561 588 807 642 Τιρυνθίων
835 583 1125 639 τετρακόσιοι·
1164 587 1331 629 τούτων
1360 587 1460 631 δὲ15

126 668 148 702 6
158 659 362 715 ἐχόμενοι,
395 655 594 699 Φλιάσιοι
621 655 761 709 χίλιοι.

819 652 937 706 παρὰ
950 654 995 695 δὲ
1007 653 1190 703 τούτους
1219 653 1404 697 ἕστασαν

151 725 392 780 Ἑρμιονέες
402 721 652 778 τριηκόσιοι.
684 719 944 774 Ἑρμιονέων
965 719 1009 763 δὲ
1029 719 1217 774 ἐχόμενοι
1229 722 1402 764 ἵσταντο

157 791 404 846 Ἐρετριέων
413 806 456 834 τε
466 790 538 834 καὶ
547 787 753 844 Στυρέων
763 786 988 839 ἑξακόσιοι·
1010 787 1176 832 τούτων
1189 788 1233 831 δὲ
1245 791 1405 832 Χαλκι-

99 998 198 1036 conf.
218 999 280 1045 VI,
302 1000 368 1038 92.
392 997 438 1042 V,
459 999 511 1037 67
523 1009 627 1048 seqq.
649 997 747 1044 VIII,

99 1054 165 1102 43,
186 1055 251 1091 ubi
275 1067 394 1105 aeque
412 1060 524 1104 atque
545 1055 749 1089 Troezenii

98 1112 195 1148 inter
214 1124 276 1147 eos
293 1116 573 1154 enumerantur,
595 1111 659 1161 qui
679 1123 750 1146 na-

99 1180 163 1204 ves
202 1166 250 1203 ad
289 1166 521 1203 Salaminem
554 1167 751 1203 miserunt.

99 1225 157 1260 De
186 1223 372 1274 Lepreatis
403 1221 567 1259 diximus
606 1221 654 1259 ad
687 1222 752 1270 IV,

157 1333 440 1384 Μυκηναίων]
470 1332 532 1370 Ad
561 1331 753 1370 Thermo-

102 1392 208 1442 pylas
257 1391 453 1443 Mycenaei
494 1396 754 1426 memorantur

103 1447 186 1495 VII,
207 1450 302 1488 202.
345 1448 406 1483 Ex
427 1459 501 1498 quo
520 1448 753 1496 Mycenaeo-

99 1517 186 1540 rum
204 1502 326 1540 studio
348 1515 435 1552 erga
450 1503 613 1554 reliquos
630 1503 751 1538 Grae-

100 1573 182 1604 cos,
214 1561 278 1611 qui
308 1566 437 1595 contra
464 1560 620 1595 Persam
647 1570 751 1595 arma

99 1623 286 1666 ceperant,
306 1616 449 1652 factum
469 1622 534 1663 est,
546 1622 588 1652 ut
607 1615 654 1651 ab
674 1616 750 1651 Ar-

98 1673 204 1723 givis,
233 1685 327 1724 quos
361 1685 450 1708 cum
471 1678 598 1722 aperte
617 1673 751 1708 Persa-

98 1742 184 1765 rum
215 1735 337 1779 partes
363 1729 540 1778 amplecti
569 1727 673 1764 haud
701 1728 750 1764 li-

99 1791 220 1832 ceret,
262 1798 283 1821 a
321 1792 545 1821 neutrorum
582 1785 750 1836 partibus

98 1842 239 1878 stetisse
260 1843 482 1891 accepimus,
502 1842 603 1878 iratis
621 1848 751 1891 postea

100 1898 369 1934 lacesserentur
405 1899 574 1949 urbeque
628 1897 751 1934 diruta

99 1954 222 2003 Argos
243 1954 543 2001 transferrentur,
565 1960 751 2005 quotquot

99 2016 183 2046 tum
202 2017 324 2046 essent
343 2011 569 2060 superstites.
612 2009 751 2047 Adhuc

100 2067 201 2103 urbis
213 2065 357 2103 dirutae
368 2068 565 2103 moenium
582 2079 753 2118 quorun-

99 2121 203 2170 dam,
234 2123 413 2173 Cyclopia
451 2124 567 2172 vulgo
600 2130 751 2171 vocant,

101 2177 236 2215 rudera
259 2181 336 2216 sive
355 2178 602 2216 fundamenta
621 2193 754 2230 super-

104 2248 180 2271 esse
198 2243 364 2272 narrant.
392 2235 470 2273 Sed
491 2249 539 2272 ex
559 2249 615 2282 eo,
650 2235 754 2288 quod

104 2290 152 2326 ad
172 2290 449 2343 Thermopylas
469 2306 546 2329 non
559 2293 630 2329 nisi
650 2299 754 2329 octo-

105 2347 219 2396 ginta,
241 2347 288 2384 ad
308 2350 477 2385 Plataeas
493 2348 753 2401 quadringen-

106 2409 161 2439 tos
181 2405 279 2440 misit
296 2403 466 2441 homines
480 2434 489 2452 ,
520 2407 654 2442 merito
673 2407 753 2442 col-

105 2458 197 2508 ligas
223 2461 515 2510 Mycenaeorum
553 2463 754 2511 civitatem,

108 2527 204 2565 quae
225 2517 375 2567 antiquo
395 2525 565 2567 tempore
584 2520 634 2554 ita
657 2520 754 2554 emi-

106 2571 201 2618 nuit,
224 2572 299 2606 iam
313 2573 492 2611 Herodoti
512 2581 631 2612 aetate
651 2577 753 2611 mul-

107 2633 190 2662 tum
221 2626 436 2666 decrevisse.
492 2630 601 2667 Conf.
638 2633 751 2667 Mun-

106 2690 202 2719 nert.
224 2684 306 2719 VIII
331 2698 365 2733 p.
383 2685 474 2725 650.

166 2735 367 2790 Φλιάσιοι]
416 2740 536 2778 Iidem
557 2742 603 2780 ad
623 2744 754 2781 Ther-

107 2796 277 2849 mopylas
293 2809 445 2849 quoque
460 2800 616 2848 profecti
636 2808 756 2850 erant,

803 1003 896 1034 teste
915 994 1108 1033 Herodoto
1129 996 1227 1044 VIII,
1250 998 1344 1037 202.
1400 996 1460 1032 De

804 1054 884 1102 ipsa
934 1054 1028 1089 urbe
1078 1052 1243 1090 Phliunte
1290 1064 1459 1103 agroque

806 1109 976 1155 Phliasia,
998 1110 1037 1145 in
1057 1111 1249 1146 montibus
1265 1109 1334 1145 sito
1351 1116 1386 1145 et
1395 1110 1460 1146 Si-

807 1166 943 1216 cyonia
972 1164 1138 1214 ditione,
1169 1166 1318 1201 Cleonis
1345 1172 1460 1216 atque

807 1220 988 1271 Argolide
1019 1223 1161 1258 incluso
1192 1222 1299 1272 plura
1316 1220 1461 1258 disserit

807 1279 992 1314 Mannert.
1023 1279 1108 1314 VIII
1135 1292 1172 1328 p.
1195 1279 1373 1328 380seq.‚
1395 1278 1461 1329 qui

806 1333 910 1370 idem
929 1346 1017 1384 pag.
1039 1336 1117 1373 382
1134 1333 1237 1385 quod
1257 1335 1360 1369 mille
1375 1347 1462 1384 gra-

807 1391 862 1427 vis
893 1397 1103 1426 armaturae
1133 1391 1271 1426 milites
1290 1389 1384 1426 haec
1406 1391 1462 1426 ci-

807 1447 901 1484 vitas
929 1453 1061 1482 contra
1078 1446 1323 1482 Mardonium
1348 1448 1461 1495 misit,

806 1502 896 1539 inde
913 1503 1074 1550 coniicit,
1097 1515 1251 1538 omnem
1271 1503 1464 1539 civitatem

807 1560 1035 1596 continuisse
1049 1558 1266 1610 quindecim
1276 1558 1354 1594 fere
1373 1559 1462 1595 mil-

804 1617 855 1653 lia
889 1614 1090 1652 hominum
1126 1616 1345 1652 liberorum.
1402 1617 1461 1651 De

805 1673 879 1710 situ
908 1673 1008 1709 urbis
1040 1685 1118 1708 non
1147 1685 1298 1724 prorsus
1328 1672 1460 1723 liquet,

805 1742 876 1766 nec
905 1730 998 1766 ullas
1026 1731 1161 1766 veteris
1195 1729 1298 1765 urbis
1334 1730 1462 1765 ruinas

806 1784 930 1822 adhuc
952 1785 1114 1822 detectas
1142 1799 1220 1822 esse
1249 1792 1406 1823 constat.

861 1840 1121 1893 Ἑρμιονέες]
1153 1841 1238 1879 Vid.
1265 1842 1363 1886 VIII,
1394 1839 1463 1882 43.

807 1901 873 1938 73.
934 1898 1175 1947 Eretrienses,
1216 1911 1308 1950 quos
1347 1899 1462 1948 igitur

807 1967 857 1990 ex
884 1962 989 2005 parte
1024 1956 1062 1991 in
1103 1957 1259 1992 Graecia
1296 1961 1461 1992 servatos

808 2024 886 2047 esse
911 2018 1032 2061 patet,
1073 2025 1161 2048 cum
1184 2025 1204 2048 a
1228 2012 1342 2048 Dario
1365 2009 1461 2047 haec

807 2080 900 2117 gens
941 2068 1038 2105 Susa
1072 2070 1333 2105 transferretur
1369 2074 1463 2104 teste

809 2122 950 2161 Herod.
986 2125 1048 2172 VI,
1082 2127 1172 2173 119,
1202 2137 1323 2175 aeque
1350 2130 1464 2175 atque

810 2180 1070 2218 Hermz'onenses
1114 2187 1464 2217 commemorantur

809 2238 908 2283 VIII,
929 2235 1004 2278 46:
1044 2250 1134 2273 nam
1155 2245 1313 2288 utraque
1334 2237 1465 2274 civitas

810 2292 858 2329 ad
879 2294 1126 2330 Salaminiam
1156 2306 1326 2344 pugnam
1352 2306 1466 2344 prae-

808 2351 890 2386 buit
906 2363 1035 2388 naves.
1067 2353 1124 2386 De
1142 2351 1365 2400 Styrensibus
1385 2348 1463 2388 vid.

808 2407 907 2454 VIII,
932 2410 967 2446 1.
989 2407 1064 2454 463
1106 2406 1153 2443 de
1177 2407 1465 2444 Chalcidensibus

809 2464 908 2510 VIII,
943 2466 1019 2503 127
1041 2465 1125 2500 coll.
1153 2465 1197 2511 V,
1220 2463 1286 2503 74.
1309 2464 1375 2502 79.
1396 2464 1463 2502 99.

809 2521 970 2556 Pansan.
990 2520 1034 2567 V,
1051 2522 1102 2559 23
1116 2522 1150 2565 ξ.
1174 2522 1210 2567 1,
1239 2520 1304 2570 qui
1324 2517 1463 2555 habet:

811 2576 1022 2622 Χαλκιδεῖς
1052 2575 1092 2614 οἱ
1120 2574 1182 2615 ἐπὶ
1201 2577 1257 2628 τῷ
1279 2570 1462 2626 Εὐρίπῳ.

808 2633 952 2669 Vocem
981 2627 1167 2680 ἐχόμενοι,
1199 2644 1295 2682 quae
1322 2632 1361 2667 in
1381 2632 1464 2666 He-

810 2687 935 2724 rodoti
964 2694 1112 2724 textum
1141 2701 1188 2723 ex
1207 2687 1345 2724 Aldina
1363 2688 1464 2724 male

811 2746 1010 2794 irrepserat
1027 2751 1112 2780 ante
1135 2743 1358 2792 Χαλκιδέες,
1381 2757 1466 2781 sus-

812 2801 883 2838 tuli
904 2799 1094 2853 equidem,
1114 2801 1216 2838 libris
1235 2802 1288 2838 sic
1297 2801 1467 2838 iubenti-
