<?xml version="1.0" encoding="UTF-8"?>
<!DOCTYPE html PUBLIC "-//W3C//DTD XHTML 1.0 Transitional//EN"
    "http://www.w3.org/TR/xhtml1/DTD/xhtml1-transitional.dtd">
<html xmlns="http://www.w3.org/1999/xhtml" xml:lang="en" lang="en">
 <head>
  <title>
</title>
<meta http-equiv="Content-Type" content="text/html;charset=utf-8" />
  <meta name='ocr-system' content='tesseract 3.04.00' />
  <meta name='ocr-capabilities' content='ocr_page ocr_carea ocr_par ocr_line ocrx_word'/>
</head>
<body>
  <div class='ocr_page' id='page_1' title='image "./musaeher04hero_0442.png"; bbox 0 0 1839 3292; ppageno 0'>
   <div class='ocr_carea' id='block_1_1' title="bbox 267 219 1208 262">
    <p class='ocr_par' dir='ltr' id='par_1_1' title="bbox 267 219 1208 262">
     <span class='ocr_line' id='line_1_1' title="bbox 267 219 1208 262; baseline -0.005 0"><span class='ocrx_word' id='word_1_1' title='bbox 267 222 352 262; x_wconf 77' lang='lat'>434</span> <span class='ocrx_word' id='word_1_2' title='bbox 826 219 1208 258; x_wconf 84' lang='lat' dir='ltr'>COMMENTATIO</span> 
     </span>
    </p>
   </div>
   <div class='ocr_carea' id='block_1_2' title="bbox 248 328 1765 2492">
    <p class='ocr_par' dir='ltr' id='par_1_2' title="bbox 264 328 1765 611">
     <span class='ocr_line' id='line_1_2' title="bbox 268 328 1765 384; baseline -0.002 -12"><span class='ocrx_word' id='word_1_3' title='bbox 268 341 306 372; x_wconf 89' lang='lat' dir='ltr'>et</span> <span class='ocrx_word' id='word_1_4' title='bbox 322 334 463 372; x_wconf 88' lang='lat' dir='ltr'>librum</span> <span class='ocrx_word' id='word_1_5' title='bbox 482 331 667 371; x_wconf 76' lang='lat' dir='ltr'>Herodoti</span> <span class='ocrx_word' id='word_1_6' title='bbox 687 328 902 370; x_wconf 91' lang='lat' dir='ltr'>secundum</span> <span class='ocrx_word' id='word_1_7' title='bbox 921 344 1000 368; x_wconf 91' lang='lat' dir='ltr'>una</span> <span class='ocrx_word' id='word_1_8' title='bbox 1021 344 1111 368; x_wconf 91' lang='lat' dir='ltr'>cum</span> <span class='ocrx_word' id='word_1_9' title='bbox 1130 330 1228 368; x_wconf 86' lang='lat' dir='ltr'>tertii</span> <span class='ocrx_word' id='word_1_10' title='bbox 1248 339 1355 382; x_wconf 86' lang='lat' dir='ltr'>parte</span> <span class='ocrx_word' id='word_1_11' title='bbox 1374 339 1412 370; x_wconf 90' lang='lat' dir='ltr'>et</span> <span class='ocrx_word' id='word_1_12' title='bbox 1432 331 1655 384; x_wconf 81' lang='lat' dir='ltr'>fragmentis</span> <span class='ocrx_word' id='word_1_13' title='bbox 1677 332 1765 384; x_wconf 90' lang='lat' dir='ltr'>qui-</span> 
     </span>
     <span class='ocr_line' id='line_1_3' title="bbox 266 389 1765 441; baseline -0.003 -11"><span class='ocrx_word' id='word_1_14' title='bbox 266 391 429 430; x_wconf 87' lang='lat' dir='ltr'>busdam</span> <span class='ocrx_word' id='word_1_15' title='bbox 462 405 483 428; x_wconf 88' lang='lat' dir='ltr'>e</span> <span class='ocrx_word' id='word_1_16' title='bbox 512 391 665 441; x_wconf 88' lang='lat' dir='ltr'>reliquis</span> <span class='ocrx_word' id='word_1_17' title='bbox 686 390 788 426; x_wconf 86' lang='lat' dir='ltr'>libris</span> <span class='ocrx_word' id='word_1_18' title='bbox 809 389 1057 439; x_wconf 81' lang='lat' dir='ltr'>VVesselingii</span> <span class='ocrx_word' id='word_1_19' title='bbox 1088 389 1328 438; x_wconf 88' lang='lat' dir='ltr'>potissimum</span> <span class='ocrx_word' id='word_1_20' title='bbox 1349 403 1369 426; x_wconf 88' lang='lat' dir='ltr'>e</span> <span class='ocrx_word' id='word_1_21' title='bbox 1385 391 1607 427; x_wconf 85' lang='lat' dir='ltr'>recensione</span> <span class='ocrx_word' id='word_1_22' title='bbox 1637 391 1765 427; x_wconf 86' lang='lat' dir='ltr'>conti-</span> 
     </span>
     <span class='ocr_line' id='line_1_4' title="bbox 265 444 1765 499; baseline -0.002 -13"><span class='ocrx_word' id='word_1_23' title='bbox 265 456 371 497; x_wconf 87' lang='lat' dir='ltr'>nent,</span> <span class='ocrx_word' id='word_1_24' title='bbox 396 448 532 499; x_wconf 81' lang='lat' dir='ltr'>Danz&#39;el</span> <span class='ocrx_word' id='word_1_25' title='bbox 557 446 787 497; x_wconf 70' lang='lat' dir='ltr'>Wyttenbacli</span> <span class='ocrx_word' id='word_1_26' title='bbox 808 447 847 482; x_wconf 90' lang='lat' dir='ltr'>in</span> <span class='ocrx_word' id='word_1_27' title='bbox 871 444 1012 482; x_wconf 81' lang='lat' dir='ltr'>Selecta</span> <span class='ocrx_word' id='word_1_28' title='bbox 1031 444 1238 495; x_wconf 74' lang='lat' dir='ltr'><em>Principum</em></span> <span class='ocrx_word' id='word_1_29' title='bbox 1257 444 1538 495; x_wconf 75' lang='lat' dir='ltr'>Historicorum,</span> <span class='ocrx_word' id='word_1_30' title='bbox 1567 459 1666 499; x_wconf 84' lang='lat' dir='ltr'>quae</span> <span class='ocrx_word' id='word_1_31' title='bbox 1699 447 1765 483; x_wconf 91' lang='lat' dir='ltr'>lu-</span> 
     </span>
     <span class='ocr_line' id='line_1_5' title="bbox 265 500 1764 556; baseline -0.001 -13"><span class='ocrx_word' id='word_1_32' title='bbox 265 519 352 544; x_wconf 86' lang='lat' dir='ltr'>cem</span> <span class='ocrx_word' id='word_1_33' title='bbox 370 504 548 543; x_wconf 83' lang='lat' dir='ltr'>viderunt</span> <span class='ocrx_word' id='word_1_34' title='bbox 575 515 677 540; x_wconf 90' lang='lat' dir='ltr'>anno</span> <span class='ocrx_word' id='word_1_35' title='bbox 701 501 806 542; x_wconf 80' lang='lat'>1794</span> <span class='ocrx_word' id='word_1_36' title='bbox 830 509 866 539; x_wconf 86' lang='lat' dir='ltr'>et</span> <span class='ocrx_word' id='word_1_37' title='bbox 892 504 1012 551; x_wconf 81' lang='lat'>1808,</span> <span class='ocrx_word' id='word_1_38' title='bbox 1045 500 1168 541; x_wconf 77' lang='lat' dir='ltr'>Frz&#39;dr.</span> <span class='ocrx_word' id='word_1_39' title='bbox 1191 501 1327 539; x_wconf 77' lang='lat' dir='ltr'>Jacobs.</span> <span class='ocrx_word' id='word_1_40' title='bbox 1358 504 1399 539; x_wconf 87' lang='lat' dir='ltr'>in</span> <span class='ocrx_word' id='word_1_41' title='bbox 1427 505 1565 553; x_wconf 84' lang='lat' dir='ltr'>Attica,</span> <span class='ocrx_word' id='word_1_42' title='bbox 1597 515 1764 556; x_wconf 85' lang='lat' dir='ltr'>quorum</span> 
     </span>
     <span class='ocr_line' id='line_1_6' title="bbox 264 559 951 611; baseline -0.009 -10"><span class='ocrx_word' id='word_1_43' title='bbox 264 570 371 602; x_wconf 87' lang='lat' dir='ltr'>sexta</span> <span class='ocrx_word' id='word_1_44' title='bbox 393 560 508 598; x_wconf 87' lang='lat' dir='ltr'>editio</span> <span class='ocrx_word' id='word_1_45' title='bbox 525 559 666 611; x_wconf 87' lang='lat' dir='ltr'>prodiit</span> <span class='ocrx_word' id='word_1_46' title='bbox 693 560 807 596; x_wconf 88' lang='lat' dir='ltr'>lenae</span> <span class='ocrx_word' id='word_1_47' title='bbox 831 561 951 600; x_wconf 82' lang='lat'>1830.</span> 
     </span>
    </p>

    <p class='ocr_par' dir='ltr' id='par_1_3' title="bbox 250 612 1764 1909">
     <span class='ocr_line' id='line_1_7' title="bbox 376 612 1763 666; baseline -0.001 -11"><span class='ocrx_word' id='word_1_48' title='bbox 376 619 492 655; x_wconf 82' lang='lat' dir='ltr'>Novis</span> <span class='ocrx_word' id='word_1_49' title='bbox 526 616 705 654; x_wconf 90' lang='lat' dir='ltr'>codicum</span> <span class='ocrx_word' id='word_1_50' title='bbox 737 615 934 663; x_wconf 78' lang='lat' dir='ltr'>subsidiis,</span> <span class='ocrx_word' id='word_1_51' title='bbox 970 613 1017 652; x_wconf 92' lang='lat' dir='ltr'>de</span> <span class='ocrx_word' id='word_1_52' title='bbox 1041 615 1178 666; x_wconf 89' lang='lat' dir='ltr'>quibus</span> <span class='ocrx_word' id='word_1_53' title='bbox 1209 612 1375 652; x_wconf 78' lang='lat' dir='ltr'>dlximus</span> <span class='ocrx_word' id='word_1_54' title='bbox 1403 617 1440 661; x_wconf 83' lang='lat'>§.</span> <span class='ocrx_word' id='word_1_55' title='bbox 1466 618 1529 663; x_wconf 87' lang='lat'>17,</span> <span class='ocrx_word' id='word_1_56' title='bbox 1558 616 1763 654; x_wconf 80' lang='lat' dir='ltr'>instructus</span> 
     </span>
     <span class='ocr_line' id='line_1_8' title="bbox 267 672 1764 725; baseline -0.002 -12"><span class='ocrx_word' id='word_1_57' title='bbox 267 674 626 725; x_wconf 71' lang='lat' dir='ltr'>Schweighaeuserus</span> <span class='ocrx_word' id='word_1_58' title='bbox 664 672 873 710; x_wconf 83' lang='lat' dir='ltr'>editionem</span> <span class='ocrx_word' id='word_1_59' title='bbox 924 673 1104 720; x_wconf 85' lang='lat' dir='ltr'>instituit,</span> <span class='ocrx_word' id='word_1_60' title='bbox 1171 685 1269 724; x_wconf 87' lang='lat' dir='ltr'>quae</span> <span class='ocrx_word' id='word_1_61' title='bbox 1317 674 1424 714; x_wconf 83' lang='lat'>1806</span> <span class='ocrx_word' id='word_1_62' title='bbox 1466 673 1589 709; x_wconf 83' lang='lat' dir='ltr'>forma</span> <span class='ocrx_word' id='word_1_63' title='bbox 1628 680 1764 710; x_wconf 85' lang='lat' dir='ltr'>octava</span> 
     </span>
     <span class='ocr_line' id='line_1_9' title="bbox 263 728 1763 784; baseline -0.002 -15"><span class='ocrx_word' id='word_1_64' title='bbox 263 732 403 784; x_wconf 89' lang='lat' dir='ltr'>prodiit</span> <span class='ocrx_word' id='word_1_65' title='bbox 423 731 668 782; x_wconf 84' lang='lat' dir='ltr'>Argentorati</span> <span class='ocrx_word' id='word_1_66' title='bbox 692 737 729 767; x_wconf 92' lang='lat' dir='ltr'>et</span> <span class='ocrx_word' id='word_1_67' title='bbox 749 731 918 766; x_wconf 88' lang='lat' dir='ltr'>Parisiis:</span> <span class='ocrx_word' id='word_1_68' title='bbox 951 728 1163 777; x_wconf 82' lang='lat' dir='ltr'>„Herodoti</span> <span class='ocrx_word' id='word_1_69' title='bbox 1183 731 1314 766; x_wconf 84' lang='lat' dir='ltr'>Musae</span> <span class='ocrx_word' id='word_1_70' title='bbox 1334 730 1413 766; x_wconf 83' lang='lat' dir='ltr'>sive</span> <span class='ocrx_word' id='word_1_71' title='bbox 1440 730 1692 766; x_wconf 81' lang='lat' dir='ltr'>Historiarum</span> <span class='ocrx_word' id='word_1_72' title='bbox 1713 731 1763 766; x_wconf 90' lang='lat' dir='ltr'>li·-</span> 
     </span>
     <span class='ocr_line' id='line_1_10' title="bbox 262 785 1763 827; baseline -0.002 0"><span class='ocrx_word' id='word_1_73' title='bbox 262 790 322 827; x_wconf 85' lang='lat' dir='ltr'>bri</span> <span class='ocrx_word' id='word_1_74' title='bbox 342 791 399 826; x_wconf 91' lang='lat' dir='ltr'>IX</span> <span class='ocrx_word' id='word_1_75' title='bbox 428 788 476 825; x_wconf 90' lang='lat' dir='ltr'>ad</span> <span class='ocrx_word' id='word_1_76' title='bbox 494 795 668 826; x_wconf 81' lang='lat' dir='ltr'>veterum</span> <span class='ocrx_word' id='word_1_77' title='bbox 689 786 866 824; x_wconf 88' lang='lat' dir='ltr'>codicum</span> <span class='ocrx_word' id='word_1_78' title='bbox 886 785 1004 823; x_wconf 85' lang='lat' dir='ltr'>fidem</span> <span class='ocrx_word' id='word_1_79' title='bbox 1029 785 1156 822; x_wconf 89' lang='lat' dir='ltr'>denuo</span> <span class='ocrx_word' id='word_1_80' title='bbox 1177 787 1365 823; x_wconf 84' lang='lat' dir='ltr'>recensuit</span> <span class='ocrx_word' id='word_1_81' title='bbox 1392 787 1561 824; x_wconf 90' lang='lat' dir='ltr'>lectionis</span> <span class='ocrx_word' id='word_1_82' title='bbox 1582 788 1763 824; x_wconf 81' lang='lat' dir='ltr'>varietate</span> 
     </span>
     <span class='ocr_line' id='line_1_11' title="bbox 262 842 1763 897; baseline -0.002 -13"><span class='ocrx_word' id='word_1_83' title='bbox 262 847 445 884; x_wconf 88' lang='lat' dir='ltr'>continua</span> <span class='ocrx_word' id='word_1_84' title='bbox 460 845 770 897; x_wconf 83' lang='lat' dir='ltr'>interpretatione</span> <span class='ocrx_word' id='word_1_85' title='bbox 790 845 924 880; x_wconf 87' lang='lat' dir='ltr'>Latina</span> <span class='ocrx_word' id='word_1_86' title='bbox 945 843 1248 880; x_wconf 79' lang='lat' dir='ltr'>adnotationibus</span> <span class='ocrx_word' id='word_1_87' title='bbox 1268 844 1518 894; x_wconf 60' lang='lat' dir='ltr'>WVesselingii</span> <span class='ocrx_word' id='word_1_88' title='bbox 1537 850 1574 881; x_wconf 91' lang='lat' dir='ltr'>et</span> <span class='ocrx_word' id='word_1_89' title='bbox 1594 842 1763 881; x_wconf 77' lang='lat' dir='ltr'>Valcke-</span> 
     </span>
     <span class='ocr_line' id='line_1_12' title="bbox 261 900 1763 954; baseline -0.001 -13"><span class='ocrx_word' id='word_1_90' title='bbox 261 904 383 941; x_wconf 84' lang='lat' dir='ltr'>naerii</span> <span class='ocrx_word' id='word_1_91' title='bbox 414 904 653 954; x_wconf 87' lang='lat' dir='ltr'>aliorumque</span> <span class='ocrx_word' id='word_1_92' title='bbox 684 908 721 938; x_wconf 89' lang='lat' dir='ltr'>et</span> <span class='ocrx_word' id='word_1_93' title='bbox 747 901 822 938; x_wconf 89' lang='lat' dir='ltr'>suis</span> <span class='ocrx_word' id='word_1_94' title='bbox 852 901 1049 937; x_wconf 78' lang='lat' dir='ltr'>illustravit</span> <span class='ocrx_word' id='word_1_95' title='bbox 1080 900 1259 939; x_wconf 70' lang='lat' dir='ltr'>Iohannes</span> <span class='ocrx_word' id='word_1_96' title='bbox 1289 900 1641 949; x_wconf 75' lang='lat' dir='ltr'>Schwez&#39;gltaeuserus</span> <span class='ocrx_word' id='word_1_97' title='bbox 1661 902 1763 939; x_wconf 88' lang='lat' dir='ltr'>etc.“</span> 
     </span>
     <span class='ocr_line' id='line_1_13' title="bbox 260 956 1762 1010; baseline -0.001 -14"><span class='ocrx_word' id='word_1_98' title='bbox 260 962 314 999; x_wconf 92' lang='lat' dir='ltr'>VI</span> <span class='ocrx_word' id='word_1_99' title='bbox 331 961 428 999; x_wconf 89' lang='lat' dir='ltr'>Voll.</span> <span class='ocrx_word' id='word_1_100' title='bbox 441 960 481 996; x_wconf 90' lang='lat' dir='ltr'>in</span> <span class='ocrx_word' id='word_1_101' title='bbox 503 962 554 999; x_wconf 81' lang='lat'>12</span> <span class='ocrx_word' id='word_1_102' title='bbox 576 961 696 996; x_wconf 89' lang='lat' dir='ltr'>Partt.</span> <span class='ocrx_word' id='word_1_103' title='bbox 711 958 901 995; x_wconf 84' lang='lat' dir='ltr'>Accessit:</span> <span class='ocrx_word' id='word_1_104' title='bbox 925 957 1109 1006; x_wconf 69' lang='lat' dir='ltr'>„Lexicon</span> <span class='ocrx_word' id='word_1_105' title='bbox 1121 956 1366 1006; x_wconf 76' lang='lat' dir='ltr'>Herodoteum,</span> <span class='ocrx_word' id='word_1_106' title='bbox 1389 971 1464 1010; x_wconf 91' lang='lat' dir='ltr'>quo</span> <span class='ocrx_word' id='word_1_107' title='bbox 1477 965 1512 995; x_wconf 90' lang='lat' dir='ltr'>et</span> <span class='ocrx_word' id='word_1_108' title='bbox 1531 958 1618 1009; x_wconf 81' lang='lat' dir='ltr'>styli</span> <span class='ocrx_word' id='word_1_109' title='bbox 1635 960 1762 995; x_wconf 90' lang='lat' dir='ltr'>Hero-</span> 
     </span>
     <span class='ocr_line' id='line_1_14' title="bbox 261 1015 1762 1066; baseline -0.002 -11"><span class='ocrx_word' id='word_1_110' title='bbox 261 1017 365 1055; x_wconf 87' lang='lat' dir='ltr'>dotei</span> <span class='ocrx_word' id='word_1_111' title='bbox 392 1016 567 1054; x_wconf 83' lang='lat' dir='ltr'>universa</span> <span class='ocrx_word' id='word_1_112' title='bbox 596 1016 691 1053; x_wconf 87' lang='lat' dir='ltr'>ratio</span> <span class='ocrx_word' id='word_1_113' title='bbox 721 1015 918 1052; x_wconf 86' lang='lat' dir='ltr'>enucleate</span> <span class='ocrx_word' id='word_1_114' title='bbox 947 1015 1157 1065; x_wconf 84' lang='lat' dir='ltr'>explicatur</span> <span class='ocrx_word' id='word_1_115' title='bbox 1187 1021 1223 1051; x_wconf 88' lang='lat' dir='ltr'>et</span> <span class='ocrx_word' id='word_1_116' title='bbox 1244 1027 1360 1066; x_wconf 88' lang='lat' dir='ltr'>quam</span> <span class='ocrx_word' id='word_1_117' title='bbox 1379 1015 1535 1065; x_wconf 88' lang='lat' dir='ltr'>plurimi</span> <span class='ocrx_word' id='word_1_118' title='bbox 1563 1016 1762 1052; x_wconf 86' lang='lat' dir='ltr'>Musarum</span> 
     </span>
     <span class='ocr_line' id='line_1_15' title="bbox 261 1071 1762 1125; baseline -0.002 -13"><span class='ocrx_word' id='word_1_119' title='bbox 261 1075 336 1112; x_wconf 89' lang='lat' dir='ltr'>loci</span> <span class='ocrx_word' id='word_1_120' title='bbox 357 1087 406 1111; x_wconf 84' lang='lat' dir='ltr'>ex</span> <span class='ocrx_word' id='word_1_121' title='bbox 426 1073 595 1125; x_wconf 88' lang='lat' dir='ltr'>professo</span> <span class='ocrx_word' id='word_1_122' title='bbox 614 1074 850 1110; x_wconf 86' lang='lat' dir='ltr'>illustrantur</span> <span class='ocrx_word' id='word_1_123' title='bbox 863 1072 1003 1123; x_wconf 90' lang='lat' dir='ltr'>passim</span> <span class='ocrx_word' id='word_1_124' title='bbox 1024 1071 1138 1108; x_wconf 86' lang='lat' dir='ltr'>etiam</span> <span class='ocrx_word' id='word_1_125' title='bbox 1158 1072 1296 1121; x_wconf 83' lang='lat' dir='ltr'>partim</span> <span class='ocrx_word' id='word_1_126' title='bbox 1324 1072 1470 1108; x_wconf 88' lang='lat' dir='ltr'>Graeca</span> <span class='ocrx_word' id='word_1_127' title='bbox 1488 1072 1600 1108; x_wconf 90' lang='lat' dir='ltr'>lectio</span> <span class='ocrx_word' id='word_1_128' title='bbox 1621 1073 1762 1122; x_wconf 86' lang='lat' dir='ltr'>partim</span> 
     </span>
     <span class='ocr_line' id='line_1_16' title="bbox 260 1127 1762 1182; baseline -0.003 -13"><span class='ocrx_word' id='word_1_129' title='bbox 260 1132 383 1170; x_wconf 84' lang='lat' dir='ltr'>versio</span> <span class='ocrx_word' id='word_1_130' title='bbox 398 1131 546 1178; x_wconf 89' lang='lat' dir='ltr'>Latina,</span> <span class='ocrx_word' id='word_1_131' title='bbox 560 1143 651 1182; x_wconf 91' lang='lat' dir='ltr'>quas</span> <span class='ocrx_word' id='word_1_132' title='bbox 663 1129 774 1167; x_wconf 87' lang='lat' dir='ltr'>offert</span> <span class='ocrx_word' id='word_1_133' title='bbox 785 1128 1114 1179; x_wconf 80' lang='lat' dir='ltr'>Argentoratensis</span> <span class='ocrx_word' id='word_1_134' title='bbox 1124 1127 1238 1164; x_wconf 89' lang='lat' dir='ltr'>editio</span> <span class='ocrx_word' id='word_1_135' title='bbox 1254 1128 1315 1166; x_wconf 84' lang='lat' dir='ltr'>vel</span> <span class='ocrx_word' id='word_1_136' title='bbox 1326 1127 1540 1165; x_wconf 76' lang='lat' dir='ltr'>vindicatur</span> <span class='ocrx_word' id='word_1_137' title='bbox 1553 1128 1615 1166; x_wconf 84' lang='lat' dir='ltr'>vel</span> <span class='ocrx_word' id='word_1_138' title='bbox 1625 1142 1762 1165; x_wconf 87' lang='lat' dir='ltr'>emen-</span> 
     </span>
     <span class='ocr_line' id='line_1_17' title="bbox 260 1184 1761 1236; baseline -0.003 -10"><span class='ocrx_word' id='word_1_139' title='bbox 260 1187 385 1226; x_wconf 89' lang='lat' dir='ltr'>datur.</span> <span class='ocrx_word' id='word_1_140' title='bbox 443 1188 629 1225; x_wconf 81' lang='lat' dir='ltr'>Instruxit</span> <span class='ocrx_word' id='word_1_141' title='bbox 648 1184 838 1224; x_wconf 87' lang='lat' dir='ltr'>Iohannes</span> <span class='ocrx_word' id='word_1_142' title='bbox 861 1184 1242 1236; x_wconf 82' lang='lat' dir='ltr'>Schweighaeuser.“</span> <span class='ocrx_word' id='word_1_143' title='bbox 1287 1185 1532 1235; x_wconf 85' lang='lat' dir='ltr'>Argentorati</span> <span class='ocrx_word' id='word_1_144' title='bbox 1552 1192 1590 1223; x_wconf 89' lang='lat' dir='ltr'>et</span> <span class='ocrx_word' id='word_1_145' title='bbox 1608 1187 1761 1223; x_wconf 81' lang='lat' dir='ltr'>Parisiis</span> 
     </span>
     <span class='ocr_line' id='line_1_18' title="bbox 263 1240 1758 1294; baseline -0.004 -8"><span class='ocrx_word' id='word_1_146' title='bbox 263 1243 383 1286; x_wconf 80' lang='lat'>1824.</span> <span class='ocrx_word' id='word_1_147' title='bbox 410 1246 447 1281; x_wconf 85' lang='grc' dir='ltr'>ΙΙ</span> <span class='ocrx_word' id='word_1_148' title='bbox 478 1245 563 1282; x_wconf 92' lang='lat' dir='ltr'>Vol.</span> <span class='ocrx_word' id='word_1_149' title='bbox 596 1246 636 1285; x_wconf 88' lang='grc'>8.</span> <span class='ocrx_word' id='word_1_150' title='bbox 692 1245 774 1281; x_wconf 89' lang='lat' dir='ltr'>Hac</span> <span class='ocrx_word' id='word_1_151' title='bbox 804 1244 844 1280; x_wconf 90' lang='lat' dir='ltr'>in</span> <span class='ocrx_word' id='word_1_152' title='bbox 876 1241 1043 1280; x_wconf 85' lang='lat' dir='ltr'>editione</span> <span class='ocrx_word' id='word_1_153' title='bbox 1074 1240 1166 1294; x_wconf 90' lang='lat' dir='ltr'>quid</span> <span class='ocrx_word' id='word_1_154' title='bbox 1199 1243 1424 1292; x_wconf 86' lang='lat' dir='ltr'>praestiterit</span> <span class='ocrx_word' id='word_1_155' title='bbox 1453 1243 1512 1280; x_wconf 87' lang='lat' dir='ltr'>vir</span> <span class='ocrx_word' id='word_1_156' title='bbox 1530 1242 1758 1294; x_wconf 70' lang='lat' dir='ltr'>praeclarus‚</span> 
     </span>
     <span class='ocr_line' id='line_1_19' title="bbox 258 1297 1761 1354; baseline -0.001 -16"><span class='ocrx_word' id='word_1_157' title='bbox 258 1303 457 1339; x_wconf 88' lang='lat' dir='ltr'>neminem</span> <span class='ocrx_word' id='word_1_158' title='bbox 483 1301 601 1353; x_wconf 86' lang='lat' dir='ltr'>sugit,</span> <span class='ocrx_word' id='word_1_159' title='bbox 645 1301 714 1354; x_wconf 90' lang='lat' dir='ltr'>qui</span> <span class='ocrx_word' id='word_1_160' title='bbox 734 1299 783 1338; x_wconf 87' lang='lat' dir='ltr'>ad</span> <span class='ocrx_word' id='word_1_161' title='bbox 811 1299 1052 1337; x_wconf 89' lang='lat' dir='ltr'>Herodotum</span> <span class='ocrx_word' id='word_1_162' title='bbox 1073 1299 1151 1336; x_wconf 85' lang='lat' dir='ltr'>ullo</span> <span class='ocrx_word' id='word_1_163' title='bbox 1179 1297 1297 1336; x_wconf 87' lang='lat' dir='ltr'>modo</span> <span class='ocrx_word' id='word_1_164' title='bbox 1318 1300 1528 1337; x_wconf 87' lang='lat' dir='ltr'>accesserit.</span> <span class='ocrx_word' id='word_1_165' title='bbox 1585 1300 1761 1337; x_wconf 82' lang='lat' dir='ltr'>Textum</span> 
     </span>
     <span class='ocr_line' id='line_1_20' title="bbox 257 1354 1761 1408; baseline -0.001 -13"><span class='ocrx_word' id='word_1_166' title='bbox 257 1359 413 1396; x_wconf 88' lang='lat' dir='ltr'>infinitis</span> <span class='ocrx_word' id='word_1_167' title='bbox 432 1359 523 1396; x_wconf 88' lang='lat' dir='ltr'>locis</span> <span class='ocrx_word' id='word_1_168' title='bbox 538 1357 675 1396; x_wconf 89' lang='lat' dir='ltr'>melius</span> <span class='ocrx_word' id='word_1_169' title='bbox 691 1357 902 1406; x_wconf 86' lang='lat' dir='ltr'>constituit,</span> <span class='ocrx_word' id='word_1_170' title='bbox 937 1357 1078 1393; x_wconf 81' lang='lat' dir='ltr'>eximie</span> <span class='ocrx_word' id='word_1_171' title='bbox 1098 1354 1248 1393; x_wconf 89' lang='lat' dir='ltr'>adiutus</span> <span class='ocrx_word' id='word_1_172' title='bbox 1269 1357 1402 1408; x_wconf 87' lang='lat' dir='ltr'>optimi</span> <span class='ocrx_word' id='word_1_173' title='bbox 1421 1357 1632 1394; x_wconf 87' lang='lat' dir='ltr'>Florentini</span> <span class='ocrx_word' id='word_1_174' title='bbox 1651 1355 1761 1394; x_wconf 89' lang='lat' dir='ltr'>codi-</span> 
     </span>
     <span class='ocr_line' id='line_1_21' title="bbox 258 1412 1759 1467; baseline -0.001 -14"><span class='ocrx_word' id='word_1_175' title='bbox 258 1416 310 1453; x_wconf 90' lang='lat' dir='ltr'>cis</span> <span class='ocrx_word' id='word_1_176' title='bbox 331 1429 424 1467; x_wconf 79' lang='lat' dir='ltr'>ope3</span> <span class='ocrx_word' id='word_1_177' title='bbox 453 1417 671 1453; x_wconf 81' lang='lat' dir='ltr'>versionem</span> <span class='ocrx_word' id='word_1_178' title='bbox 685 1416 863 1452; x_wconf 84' lang='lat' dir='ltr'>Latinam</span> <span class='ocrx_word' id='word_1_179' title='bbox 882 1415 1005 1451; x_wconf 85' lang='lat' dir='ltr'>textui</span> <span class='ocrx_word' id='word_1_180' title='bbox 1025 1414 1236 1451; x_wconf 88' lang='lat' dir='ltr'>subiectam</span> <span class='ocrx_word' id='word_1_181' title='bbox 1258 1412 1304 1449; x_wconf 90' lang='lat' dir='ltr'>de</span> <span class='ocrx_word' id='word_1_182' title='bbox 1325 1415 1474 1464; x_wconf 82' lang='lat' dir='ltr'>integro</span> <span class='ocrx_word' id='word_1_183' title='bbox 1494 1414 1573 1450; x_wconf 86' lang='lat' dir='ltr'>fere</span> <span class='ocrx_word' id='word_1_184' title='bbox 1593 1413 1759 1463; x_wconf 85' lang='lat' dir='ltr'>refinxit,</span> 
     </span>
     <span class='ocr_line' id='line_1_22' title="bbox 257 1469 1760 1524; baseline -0.001 -14"><span class='ocrx_word' id='word_1_185' title='bbox 257 1480 300 1510; x_wconf 89' lang='lat' dir='ltr'>ut</span> <span class='ocrx_word' id='word_1_186' title='bbox 329 1486 442 1524; x_wconf 89' lang='lat' dir='ltr'>supra</span> <span class='ocrx_word' id='word_1_187' title='bbox 457 1473 535 1509; x_wconf 91' lang='lat' dir='ltr'>iam</span> <span class='ocrx_word' id='word_1_188' title='bbox 556 1473 828 1520; x_wconf 87' lang='lat' dir='ltr'>enarravimus,</span> <span class='ocrx_word' id='word_1_189' title='bbox 850 1472 1042 1509; x_wconf 84' lang='lat' dir='ltr'>variarum</span> <span class='ocrx_word' id='word_1_190' title='bbox 1062 1471 1272 1507; x_wconf 83' lang='lat' dir='ltr'>lectionum</span> <span class='ocrx_word' id='word_1_191' title='bbox 1294 1471 1444 1521; x_wconf 87' lang='lat' dir='ltr'>copiam</span> <span class='ocrx_word' id='word_1_192' title='bbox 1461 1469 1662 1521; x_wconf 86' lang='lat' dir='ltr'>diligenter</span> <span class='ocrx_word' id='word_1_193' title='bbox 1677 1471 1760 1508; x_wconf 92' lang='lat' dir='ltr'>col-</span> 
     </span>
     <span class='ocr_line' id='line_1_23' title="bbox 255 1526 1760 1579; baseline -0.001 -13"><span class='ocrx_word' id='word_1_194' title='bbox 255 1531 395 1567; x_wconf 85' lang='lat' dir='ltr'>lectam</span> <span class='ocrx_word' id='word_1_195' title='bbox 419 1528 557 1567; x_wconf 87' lang='lat' dir='ltr'>adiecit</span> <span class='ocrx_word' id='word_1_196' title='bbox 577 1559 587 1579; x_wconf 88' lang='lat'>,</span> <span class='ocrx_word' id='word_1_197' title='bbox 610 1530 874 1566; x_wconf 88' lang='lat' dir='ltr'>annotationes</span> <span class='ocrx_word' id='word_1_198' title='bbox 899 1528 1148 1578; x_wconf 84' lang='lat' dir='ltr'>Wesselingii</span> <span class='ocrx_word' id='word_1_199' title='bbox 1170 1534 1207 1564; x_wconf 91' lang='lat' dir='ltr'>et</span> <span class='ocrx_word' id='word_1_200' title='bbox 1226 1526 1491 1565; x_wconf 86' lang='lat' dir='ltr'>Valckenaerii</span> <span class='ocrx_word' id='word_1_201' title='bbox 1510 1529 1676 1579; x_wconf 85' lang='lat' dir='ltr'>integras</span> <span class='ocrx_word' id='word_1_202' title='bbox 1696 1541 1760 1565; x_wconf 90' lang='lat' dir='ltr'>re-</span> 
     </span>
     <span class='ocr_line' id='line_1_24' title="bbox 255 1584 1758 1639; baseline 0 -17"><span class='ocrx_word' id='word_1_203' title='bbox 255 1587 364 1637; x_wconf 86' lang='lat' dir='ltr'>petiit</span> <span class='ocrx_word' id='word_1_204' title='bbox 393 1600 556 1639; x_wconf 88' lang='lat' dir='ltr'>suasque</span> <span class='ocrx_word' id='word_1_205' title='bbox 591 1585 764 1623; x_wconf 83' lang='lat' dir='ltr'>addidit:</span> <span class='ocrx_word' id='word_1_206' title='bbox 806 1586 936 1622; x_wconf 89' lang='lat' dir='ltr'>Iacobi</span> <span class='ocrx_word' id='word_1_207' title='bbox 970 1585 1155 1622; x_wconf 86' lang='lat' dir='ltr'>Gronovii</span> <span class='ocrx_word' id='word_1_208' title='bbox 1183 1591 1292 1621; x_wconf 82' lang='lat' dir='ltr'>notas</span> <span class='ocrx_word' id='word_1_209' title='bbox 1313 1584 1418 1636; x_wconf 90' lang='lat' dir='ltr'>quod</span> <span class='ocrx_word' id='word_1_210' title='bbox 1441 1586 1589 1632; x_wconf 89' lang='lat' dir='ltr'>omisit,</span> <span class='ocrx_word' id='word_1_211' title='bbox 1620 1586 1758 1622; x_wconf 86' lang='lat' dir='ltr'>merito</span> 
     </span>
     <span class='ocr_line' id='line_1_25' title="bbox 255 1640 1760 1695; baseline -0.001 -15"><span class='ocrx_word' id='word_1_212' title='bbox 255 1642 480 1682; x_wconf 89' lang='lat' dir='ltr'>dolendum.</span> <span class='ocrx_word' id='word_1_213' title='bbox 540 1644 661 1695; x_wconf 80' lang='lat' dir='ltr'>Typis</span> <span class='ocrx_word' id='word_1_214' title='bbox 678 1643 837 1693; x_wconf 86' lang='lat' dir='ltr'>repetita</span> <span class='ocrx_word' id='word_1_215' title='bbox 857 1641 952 1679; x_wconf 89' lang='lat' dir='ltr'>haec</span> <span class='ocrx_word' id='word_1_216' title='bbox 973 1640 1088 1678; x_wconf 86' lang='lat' dir='ltr'>editio</span> <span class='ocrx_word' id='word_1_217' title='bbox 1111 1641 1231 1678; x_wconf 86' lang='lat' dir='ltr'>fertur</span> <span class='ocrx_word' id='word_1_218' title='bbox 1252 1641 1421 1678; x_wconf 91' lang='lat' dir='ltr'>Londini</span> <span class='ocrx_word' id='word_1_219' title='bbox 1450 1641 1552 1692; x_wconf 88' lang='lat' dir='ltr'>apud</span> <span class='ocrx_word' id='word_1_220' title='bbox 1573 1643 1760 1694; x_wconf 86' lang='lat' dir='ltr'>Priestley</span> 
     </span>
     <span class='ocr_line' id='line_1_26' title="bbox 257 1697 1757 1751; baseline 0 -15"><span class='ocrx_word' id='word_1_221' title='bbox 257 1701 365 1740; x_wconf 86' lang='lat'>1818</span> <span class='ocrx_word' id='word_1_222' title='bbox 381 1713 449 1737; x_wconf 86' lang='lat' dir='ltr'>sex</span> <span class='ocrx_word' id='word_1_223' title='bbox 468 1700 581 1748; x_wconf 68' lang='lat' dir='ltr'>Voll„</span> <span class='ocrx_word' id='word_1_224' title='bbox 613 1699 742 1736; x_wconf 89' lang='lat' dir='ltr'>addita</span> <span class='ocrx_word' id='word_1_225' title='bbox 761 1697 996 1751; x_wconf 83' lang='lat' dir='ltr'>geographia</span> <span class='ocrx_word' id='word_1_226' title='bbox 1016 1697 1255 1746; x_wconf 86' lang='lat' dir='ltr'>Herodotea,</span> <span class='ocrx_word' id='word_1_227' title='bbox 1292 1699 1448 1735; x_wconf 88' lang='lat' dir='ltr'>Aemilii</span> <span class='ocrx_word' id='word_1_228' title='bbox 1478 1699 1584 1736; x_wconf 89' lang='lat' dir='ltr'>Porti</span> <span class='ocrx_word' id='word_1_229' title='bbox 1612 1700 1757 1736; x_wconf 87' lang='lat' dir='ltr'>Lexico</span> 
     </span>
     <span class='ocr_line' id='line_1_27' title="bbox 253 1754 1758 1806; baseline -0.001 -13"><span class='ocrx_word' id='word_1_230' title='bbox 253 1757 397 1805; x_wconf 89' lang='lat' dir='ltr'>Ionico,</span> <span class='ocrx_word' id='word_1_231' title='bbox 419 1758 548 1794; x_wconf 86' lang='lat' dir='ltr'>tabula</span> <span class='ocrx_word' id='word_1_232' title='bbox 567 1755 750 1793; x_wconf 86' lang='lat' dir='ltr'>Larcheri</span> <span class='ocrx_word' id='word_1_233' title='bbox 770 1755 1063 1806; x_wconf 84' lang='lat' dir='ltr'>chronologica,</span> <span class='ocrx_word' id='word_1_234' title='bbox 1100 1756 1180 1792; x_wconf 90' lang='lat' dir='ltr'>aliis</span> <span class='ocrx_word' id='word_1_235' title='bbox 1197 1784 1207 1803; x_wconf 85' lang='lat'>,</span> <span class='ocrx_word' id='word_1_236' title='bbox 1240 1768 1337 1806; x_wconf 89' lang='lat' dir='ltr'>quae</span> <span class='ocrx_word' id='word_1_237' title='bbox 1369 1754 1418 1792; x_wconf 86' lang='lat' dir='ltr'>ad</span> <span class='ocrx_word' id='word_1_238' title='bbox 1448 1755 1690 1793; x_wconf 89' lang='lat' dir='ltr'>Herodotum</span> <span class='ocrx_word' id='word_1_239' title='bbox 1708 1756 1758 1792; x_wconf 90' lang='lat' dir='ltr'>il-</span> 
     </span>
     <span class='ocr_line' id='line_1_28' title="bbox 252 1811 1757 1866; baseline 0 -15"><span class='ocrx_word' id='word_1_240' title='bbox 252 1812 494 1851; x_wconf 85' lang='lat' dir='ltr'>lustrandum</span> <span class='ocrx_word' id='word_1_241' title='bbox 532 1815 737 1866; x_wconf 88' lang='lat' dir='ltr'>pertinent.</span> <span class='ocrx_word' id='word_1_242' title='bbox 816 1812 912 1850; x_wconf 84' lang='lat' dir='ltr'>Mihi</span> <span class='ocrx_word' id='word_1_243' title='bbox 950 1812 1050 1850; x_wconf 83' lang='lat' dir='ltr'>hanc</span> <span class='ocrx_word' id='word_1_244' title='bbox 1087 1811 1296 1849; x_wconf 86' lang='lat' dir='ltr'>editionem</span> <span class='ocrx_word' id='word_1_245' title='bbox 1355 1813 1544 1863; x_wconf 83' lang='lat' dir='ltr'>inspicere</span> <span class='ocrx_word' id='word_1_246' title='bbox 1580 1811 1757 1851; x_wconf 88' lang='lat' dir='ltr'>nondum</span> 
     </span>
     <span class='ocr_line' id='line_1_29' title="bbox 250 1872 373 1909; baseline 0 0"><span class='ocrx_word' id='word_1_247' title='bbox 250 1872 373 1909; x_wconf 87' lang='lat' dir='ltr'>licuit.</span> 
     </span>
    </p>

    <p class='ocr_par' dir='ltr' id='par_1_4' title="bbox 248 1923 1757 2492">
     <span class='ocr_line' id='line_1_30' title="bbox 379 1923 1757 1978; baseline 0.001 -14"><span class='ocrx_word' id='word_1_248' title='bbox 379 1929 472 1966; x_wconf 86' lang='lat' dir='ltr'>Post</span> <span class='ocrx_word' id='word_1_249' title='bbox 510 1925 922 1978; x_wconf 76' lang='lat' dir='ltr'>Schweighaeuser-um</span> <span class='ocrx_word' id='word_1_250' title='bbox 956 1938 1099 1963; x_wconf 80' lang='lat' dir='ltr'>novam</span> <span class='ocrx_word' id='word_1_251' title='bbox 1136 1923 1322 1962; x_wconf 87' lang='lat' dir='ltr'>Herodoti</span> <span class='ocrx_word' id='word_1_252' title='bbox 1362 1923 1572 1962; x_wconf 89' lang='lat' dir='ltr'>editionem</span> <span class='ocrx_word' id='word_1_253' title='bbox 1609 1927 1757 1977; x_wconf 79' lang='lat' dir='ltr'>paravit</span> 
     </span>
     <span class='ocr_line' id='line_1_31' title="bbox 252 1981 1757 2037; baseline 0 -16"><span class='ocrx_word' id='word_1_254' title='bbox 252 1985 512 2033; x_wconf 87' lang='lat' dir='ltr'>Gaisfordius,</span> <span class='ocrx_word' id='word_1_255' title='bbox 549 1998 647 2037; x_wconf 85' lang='lat' dir='ltr'>quae</span> <span class='ocrx_word' id='word_1_256' title='bbox 678 1983 819 2035; x_wconf 87' lang='lat' dir='ltr'>prodiit</span> <span class='ocrx_word' id='word_1_257' title='bbox 846 1984 1017 2020; x_wconf 83' lang='lat' dir='ltr'>Oxoniae</span> <span class='ocrx_word' id='word_1_258' title='bbox 1048 1981 1154 2023; x_wconf 77' lang='lat'>1824</span> <span class='ocrx_word' id='word_1_259' title='bbox 1184 1989 1221 2019; x_wconf 86' lang='lat' dir='ltr'>et</span> <span class='ocrx_word' id='word_1_260' title='bbox 1251 1983 1290 2019; x_wconf 84' lang='lat' dir='ltr'>in</span> <span class='ocrx_word' id='word_1_261' title='bbox 1313 1984 1520 2019; x_wconf 89' lang='lat' dir='ltr'>Germania</span> <span class='ocrx_word' id='word_1_262' title='bbox 1544 1996 1677 2020; x_wconf 83' lang='lat' dir='ltr'>recusa</span> <span class='ocrx_word' id='word_1_263' title='bbox 1700 1990 1757 2021; x_wconf 87' lang='lat' dir='ltr'>est</span> 
     </span>
     <span class='ocr_line' id='line_1_32' title="bbox 250 2040 1755 2094; baseline -0.001 -15"><span class='ocrx_word' id='word_1_264' title='bbox 250 2043 402 2093; x_wconf 85' lang='lat' dir='ltr'>Lipsiae</span> <span class='ocrx_word' id='word_1_265' title='bbox 425 2041 532 2084; x_wconf 71' lang='lat'>1824</span> <span class='ocrx_word' id='word_1_266' title='bbox 562 2054 690 2094; x_wconf 84' lang='lat' dir='ltr'>seqq.:</span> <span class='ocrx_word' id='word_1_267' title='bbox 741 2040 955 2088; x_wconf 88' lang='lat' dir='ltr'>„Herodoti</span> <span class='ocrx_word' id='word_1_268' title='bbox 982 2040 1258 2077; x_wconf 84' lang='lat' dir='ltr'>Halicarnassei</span> <span class='ocrx_word' id='word_1_269' title='bbox 1287 2040 1540 2077; x_wconf 89' lang='lat' dir='ltr'>Historiarum</span> <span class='ocrx_word' id='word_1_270' title='bbox 1568 2041 1654 2076; x_wconf 92' lang='lat' dir='ltr'>libri</span> <span class='ocrx_word' id='word_1_271' title='bbox 1682 2041 1755 2078; x_wconf 88' lang='lat' dir='ltr'>lx.</span> 
     </span>
     <span class='ocr_line' id='line_1_33' title="bbox 251 2096 1754 2148; baseline -0.001 -12"><span class='ocrx_word' id='word_1_272' title='bbox 251 2099 463 2148; x_wconf 83' lang='lat' dir='ltr'>„Codicem</span> <span class='ocrx_word' id='word_1_273' title='bbox 495 2100 687 2136; x_wconf 87' lang='lat' dir='ltr'>Sancrofti</span> <span class='ocrx_word' id='word_1_274' title='bbox 706 2098 1007 2148; x_wconf 89' lang='lat' dir='ltr'>Manuscriptum</span> <span class='ocrx_word' id='word_1_275' title='bbox 1039 2096 1166 2134; x_wconf 90' lang='lat' dir='ltr'>denuo</span> <span class='ocrx_word' id='word_1_276' title='bbox 1195 2097 1355 2134; x_wconf 89' lang='lat' dir='ltr'>contulit</span> <span class='ocrx_word' id='word_1_277' title='bbox 1384 2110 1536 2134; x_wconf 89' lang='lat' dir='ltr'>necnon</span> <span class='ocrx_word' id='word_1_278' title='bbox 1567 2098 1754 2148; x_wconf 81' lang='lat' dir='ltr'>reliquam</span> 
     </span>
     <span class='ocr_line' id='line_1_34' title="bbox 250 2152 1754 2204; baseline 0 -12"><span class='ocrx_word' id='word_1_279' title='bbox 250 2157 449 2204; x_wconf 80' lang='lat' dir='ltr'>„lectioniS</span> <span class='ocrx_word' id='word_1_280' title='bbox 470 2158 694 2195; x_wconf 78' lang='lat' dir='ltr'>varietatem</span> <span class='ocrx_word' id='word_1_281' title='bbox 716 2154 956 2192; x_wconf 86' lang='lat' dir='ltr'>commodius</span> <span class='ocrx_word' id='word_1_282' title='bbox 984 2153 1136 2204; x_wconf 86' lang='lat' dir='ltr'>digessit</span> <span class='ocrx_word' id='word_1_283' title='bbox 1163 2153 1338 2191; x_wconf 87' lang='lat' dir='ltr'>Thomas</span> <span class='ocrx_word' id='word_1_284' title='bbox 1359 2152 1572 2202; x_wconf 86' lang='lat' dir='ltr'>Gaissord,“</span> <span class='ocrx_word' id='word_1_285' title='bbox 1604 2152 1754 2193; x_wconf 82' lang='lat' dir='ltr'>duobus</span> 
     </span>
     <span class='ocr_line' id='line_1_35' title="bbox 250 2210 1754 2266; baseline -0.001 -16"><span class='ocrx_word' id='word_1_286' title='bbox 250 2214 350 2252; x_wconf 89' lang='lat' dir='ltr'>Voll.</span> <span class='ocrx_word' id='word_1_287' title='bbox 387 2215 466 2251; x_wconf 84' lang='lat' dir='ltr'>sive</span> <span class='ocrx_word' id='word_1_288' title='bbox 503 2221 666 2266; x_wconf 91' lang='lat' dir='ltr'>quatuor</span> <span class='ocrx_word' id='word_1_289' title='bbox 695 2213 855 2260; x_wconf 80' lang='lat' dir='ltr'>Tomi83</span> <span class='ocrx_word' id='word_1_290' title='bbox 886 2213 988 2263; x_wconf 90' lang='lat' dir='ltr'>prius</span> <span class='ocrx_word' id='word_1_291' title='bbox 1017 2212 1208 2249; x_wconf 90' lang='lat' dir='ltr'>Volumen</span> <span class='ocrx_word' id='word_1_292' title='bbox 1236 2211 1351 2248; x_wconf 87' lang='lat' dir='ltr'>verba</span> <span class='ocrx_word' id='word_1_293' title='bbox 1386 2212 1532 2247; x_wconf 83' lang='lat' dir='ltr'>Graeca</span> <span class='ocrx_word' id='word_1_294' title='bbox 1571 2210 1754 2262; x_wconf 85' lang='lat' dir='ltr'>continet,</span> 
     </span>
     <span class='ocr_line' id='line_1_36' title="bbox 250 2267 1753 2322; baseline -0.001 -16"><span class='ocrx_word' id='word_1_295' title='bbox 250 2271 389 2322; x_wconf 87' lang='lat' dir='ltr'>quibus</span> <span class='ocrx_word' id='word_1_296' title='bbox 409 2271 580 2307; x_wconf 87' lang='lat' dir='ltr'>lectionis</span> <span class='ocrx_word' id='word_1_297' title='bbox 601 2271 760 2308; x_wconf 74' lang='lat' dir='ltr'>varietas</span> <span class='ocrx_word' id='word_1_298' title='bbox 778 2270 1056 2306; x_wconf 88' lang='lat' dir='ltr'>accuratissime</span> <span class='ocrx_word' id='word_1_299' title='bbox 1068 2267 1210 2317; x_wconf 83' lang='lat' dir='ltr'>digesta</span> <span class='ocrx_word' id='word_1_300' title='bbox 1222 2268 1442 2315; x_wconf 82' lang='lat' dir='ltr'>subiicitur3</span> <span class='ocrx_word' id='word_1_301' title='bbox 1473 2268 1657 2317; x_wconf 83' lang='lat' dir='ltr'>posterius</span> <span class='ocrx_word' id='word_1_302' title='bbox 1677 2281 1753 2304; x_wconf 90' lang='lat' dir='ltr'>no-</span> 
     </span>
     <span class='ocr_line' id='line_1_37' title="bbox 249 2322 1752 2378; baseline -0.005 -14"><span class='ocrx_word' id='word_1_303' title='bbox 249 2334 305 2364; x_wconf 83' lang='lat' dir='ltr'>tas</span> <span class='ocrx_word' id='word_1_304' title='bbox 336 2328 607 2378; x_wconf 74' lang='lat' dir='ltr'>VVesselingii,</span> <span class='ocrx_word' id='word_1_305' title='bbox 655 2325 942 2371; x_wconf 71' lang='lat' dir='ltr'>Valckemerii,</span> <span class='ocrx_word' id='word_1_306' title='bbox 976 2322 1344 2374; x_wconf 81' lang='lat' dir='ltr'>Schweighaeuseri‚</span> <span class='ocrx_word' id='word_1_307' title='bbox 1376 2336 1454 2360; x_wconf 89' lang='lat' dir='ltr'>non</span> <span class='ocrx_word' id='word_1_308' title='bbox 1477 2323 1634 2376; x_wconf 87' lang='lat' dir='ltr'>quidem</span> <span class='ocrx_word' id='word_1_309' title='bbox 1654 2325 1752 2362; x_wconf 89' lang='lat' dir='ltr'>inte-</span> 
     </span>
     <span class='ocr_line' id='line_1_38' title="bbox 249 2379 1751 2434; baseline -0.001 -14"><span class='ocrx_word' id='word_1_310' title='bbox 249 2396 347 2433; x_wconf 83' lang='lat' dir='ltr'>gras,</span> <span class='ocrx_word' id='word_1_311' title='bbox 379 2383 445 2421; x_wconf 87' lang='lat' dir='ltr'>sed</span> <span class='ocrx_word' id='word_1_312' title='bbox 468 2385 618 2420; x_wconf 88' lang='lat' dir='ltr'>resectis</span> <span class='ocrx_word' id='word_1_313' title='bbox 639 2384 683 2420; x_wconf 89' lang='lat' dir='ltr'>iis</span> <span class='ocrx_word' id='word_1_314' title='bbox 697 2412 706 2430; x_wconf 89' lang='lat'>‚</span> <span class='ocrx_word' id='word_1_315' title='bbox 747 2396 845 2434; x_wconf 85' lang='lat' dir='ltr'>quae</span> <span class='ocrx_word' id='word_1_316' title='bbox 865 2383 1013 2418; x_wconf 84' lang='lat' dir='ltr'>nullam</span> <span class='ocrx_word' id='word_1_317' title='bbox 1033 2379 1158 2418; x_wconf 87' lang='lat' dir='ltr'>adhuc</span> <span class='ocrx_word' id='word_1_318' title='bbox 1178 2388 1368 2431; x_wconf 75' lang='lat' dir='ltr'>praestare</span> <span class='ocrx_word' id='word_1_319' title='bbox 1397 2379 1578 2418; x_wconf 84' lang='lat' dir='ltr'>videntur</span> <span class='ocrx_word' id='word_1_320' title='bbox 1606 2382 1751 2418; x_wconf 82' lang='lat' dir='ltr'>utilita-</span> 
     </span>
     <span class='ocr_line' id='line_1_39' title="bbox 248 2437 1751 2492; baseline -0.001 -15"><span class='ocrx_word' id='word_1_321' title='bbox 248 2447 342 2482; x_wconf 85' lang='lat' dir='ltr'>tem.</span> <span class='ocrx_word' id='word_1_322' title='bbox 375 2437 420 2492; x_wconf 33' lang='grc' dir='ltr'>ἢ)</span> <span class='ocrx_word' id='word_1_323' title='bbox 478 2442 523 2478; x_wconf 89' lang='lat' dir='ltr'>In</span> <span class='ocrx_word' id='word_1_324' title='bbox 543 2447 652 2478; x_wconf 85' lang='lat' dir='ltr'>textu</span> <span class='ocrx_word' id='word_1_325' title='bbox 672 2438 938 2477; x_wconf 84' lang='lat' dir='ltr'>constituendo</span> <span class='ocrx_word' id='word_1_326' title='bbox 960 2438 1153 2478; x_wconf 85' lang='lat' dir='ltr'>Saucrofti</span> <span class='ocrx_word' id='word_1_327' title='bbox 1181 2437 1312 2476; x_wconf 89' lang='lat' dir='ltr'>codice</span> <span class='ocrx_word' id='word_1_328' title='bbox 1339 2438 1481 2476; x_wconf 83' lang='lat' dir='ltr'>eximio</span> <span class='ocrx_word' id='word_1_329' title='bbox 1500 2438 1616 2476; x_wconf 79' lang='lat' dir='ltr'>Illum</span> <span class='ocrx_word' id='word_1_330' title='bbox 1638 2437 1751 2476; x_wconf 85' lang='lat' dir='ltr'>adiu-</span> 
     </span>
    </p>
   </div>
   <div class='ocr_carea' id='block_1_3' title="bbox 201 2661 1750 2896">
    <p class='ocr_par' dir='ltr' id='par_1_5' title="bbox 201 2661 1750 2896">
     <span class='ocr_line' id='line_1_40' title="bbox 339 2661 1750 2710; baseline -0.001 -13"><span class='ocrx_word' id='word_1_331' title='bbox 339 2664 371 2707; x_wconf 76' lang='lat'>*)</span> <span class='ocrx_word' id='word_1_332' title='bbox 397 2665 436 2698; x_wconf 88' lang='lat' dir='ltr'>ln</span> <span class='ocrx_word' id='word_1_333' title='bbox 461 2664 513 2698; x_wconf 89' lang='lat' dir='ltr'>his</span> <span class='ocrx_word' id='word_1_334' title='bbox 536 2664 634 2710; x_wconf 87' lang='lat' dir='ltr'>ponit</span> <span class='ocrx_word' id='word_1_335' title='bbox 657 2663 832 2699; x_wconf 76' lang='lat' dir='ltr'>Gaisford.</span> <span class='ocrx_word' id='word_1_336' title='bbox 857 2674 1018 2698; x_wconf 87' lang='lat' dir='ltr'>censuras</span> <span class='ocrx_word' id='word_1_337' title='bbox 1051 2661 1206 2697; x_wconf 83' lang='lat' dir='ltr'>editionis</span> <span class='ocrx_word' id='word_1_338' title='bbox 1237 2674 1257 2697; x_wconf 84' lang='lat' dir='ltr'>a</span> <span class='ocrx_word' id='word_1_339' title='bbox 1281 2663 1348 2697; x_wconf 81' lang='lat' dir='ltr'>Iac.</span> <span class='ocrx_word' id='word_1_340' title='bbox 1374 2661 1550 2697; x_wconf 86' lang='lat' dir='ltr'>Gronovio</span> <span class='ocrx_word' id='word_1_341' title='bbox 1584 2672 1750 2707; x_wconf 86' lang='lat' dir='ltr'>procura-</span> 
     </span>
     <span class='ocr_line' id='line_1_41' title="bbox 249 2709 1748 2756; baseline -0.001 -15"><span class='ocrx_word' id='word_1_342' title='bbox 249 2711 328 2748; x_wconf 81' lang='lat' dir='ltr'>tae,</span> <span class='ocrx_word' id='word_1_343' title='bbox 362 2711 519 2745; x_wconf 73' lang='lat' dir='ltr'>vitiorum</span> <span class='ocrx_word' id='word_1_344' title='bbox 544 2711 836 2756; x_wconf 86' lang='lat' dir='ltr'>interpretationis</span> <span class='ocrx_word' id='word_1_345' title='bbox 866 2711 1009 2745; x_wconf 84' lang='lat' dir='ltr'>Latinae</span> <span class='ocrx_word' id='word_1_346' title='bbox 1034 2721 1053 2744; x_wconf 88' lang='lat' dir='ltr'>a</span> <span class='ocrx_word' id='word_1_347' title='bbox 1086 2710 1271 2743; x_wconf 85' lang='lat' dir='ltr'>Laurentio</span> <span class='ocrx_word' id='word_1_348' title='bbox 1310 2709 1406 2743; x_wconf 83' lang='lat' dir='ltr'>Valla</span> <span class='ocrx_word' id='word_1_349' title='bbox 1441 2709 1617 2743; x_wconf 81' lang='lat' dir='ltr'>confectae</span> <span class='ocrx_word' id='word_1_350' title='bbox 1639 2719 1748 2749; x_wconf 82' lang='lat' dir='ltr'>emen,</span> 
     </span>
     <span class='ocr_line' id='line_1_42' title="bbox 246 2753 1749 2801; baseline -0.001 -13"><span class='ocrx_word' id='word_1_351' title='bbox 246 2755 440 2789; x_wconf 87' lang='lat' dir='ltr'>dationem:</span> <span class='ocrx_word' id='word_1_352' title='bbox 469 2758 641 2791; x_wconf 71' lang='lat' dir='ltr'>variarum</span> <span class='ocrx_word' id='word_1_353' title='bbox 664 2758 846 2791; x_wconf 82' lang='lat' dir='ltr'>lectionum</span> <span class='ocrx_word' id='word_1_354' title='bbox 870 2757 1098 2790; x_wconf 77' lang='lat' dir='ltr'>verbosiorem</span> <span class='ocrx_word' id='word_1_355' title='bbox 1122 2767 1221 2800; x_wconf 85' lang='lat' dir='ltr'>quam</span> <span class='ocrx_word' id='word_1_356' title='bbox 1245 2767 1309 2801; x_wconf 86' lang='lat' dir='ltr'>par</span> <span class='ocrx_word' id='word_1_357' title='bbox 1333 2755 1438 2789; x_wconf 77' lang='lat' dir='ltr'>suerit</span> <span class='ocrx_word' id='word_1_358' title='bbox 1461 2753 1749 2789; x_wconf 84' lang='lat' dir='ltr'>commemoratio-</span> 
     </span>
     <span class='ocr_line' id='line_1_43' title="bbox 247 2799 1749 2848; baseline -0.001 -14"><span class='ocrx_word' id='word_1_359' title='bbox 247 2812 333 2834; x_wconf 87' lang='lat' dir='ltr'>nem.</span> <span class='ocrx_word' id='word_1_360' title='bbox 380 2802 469 2842; x_wconf 75' lang='lat' dir='ltr'>„His</span> <span class='ocrx_word' id='word_1_361' title='bbox 494 2803 647 2848; x_wconf 84' lang='lat' dir='ltr'>aliisque,</span> <span class='ocrx_word' id='word_1_362' title='bbox 672 2804 788 2848; x_wconf 79' lang='lat' dir='ltr'>pergit</span> <span class='ocrx_word' id='word_1_363' title='bbox 812 2803 1000 2845; x_wconf 61' lang='lat' dir='ltr'>Getis-ford„</span> <span class='ocrx_word' id='word_1_364' title='bbox 1026 2802 1174 2836; x_wconf 84' lang='lat' dir='ltr'>eiusdem</span> <span class='ocrx_word' id='word_1_365' title='bbox 1200 2801 1334 2845; x_wconf 83' lang='lat' dir='ltr'>generis</span> <span class='ocrx_word' id='word_1_366' title='bbox 1356 2801 1522 2841; x_wconf 85' lang='lat' dir='ltr'>sublatis,</span> <span class='ocrx_word' id='word_1_367' title='bbox 1554 2799 1604 2833; x_wconf 85' lang='lat' dir='ltr'>ita</span> <span class='ocrx_word' id='word_1_368' title='bbox 1628 2804 1666 2832; x_wconf 83' lang='lat' dir='ltr'>ut</span> <span class='ocrx_word' id='word_1_369' title='bbox 1689 2811 1749 2833; x_wconf 85' lang='lat' dir='ltr'>ea-</span> 
     </span>
     <span class='ocr_line' id='line_1_44' title="bbox 201 2845 1746 2896; baseline 0.001 -16"><span class='ocrx_word' id='word_1_370' title='bbox 201 2847 207 2851; x_wconf 85' lang='lat'>&#39;</span> <span class='ocrx_word' id='word_1_371' title='bbox 245 2858 348 2891; x_wconf 82' lang='lat' dir='ltr'>„rum</span> <span class='ocrx_word' id='word_1_372' title='bbox 370 2847 694 2884; x_wconf 82' lang='lat' dir='ltr'>animadversionum</span> <span class='ocrx_word' id='word_1_373' title='bbox 714 2861 796 2896; x_wconf 83' lang='lat' dir='ltr'>pars</span> <span class='ocrx_word' id='word_1_374' title='bbox 813 2850 950 2884; x_wconf 78' lang='lat' dir='ltr'>circiter</span> <span class='ocrx_word' id='word_1_375' title='bbox 973 2853 1096 2895; x_wconf 82' lang='lat' dir='ltr'>quarta</span> <span class='ocrx_word' id='word_1_376' title='bbox 1119 2847 1302 2890; x_wconf 83' lang='lat' dir='ltr'>deleretur,</span> <span class='ocrx_word' id='word_1_377' title='bbox 1325 2847 1461 2882; x_wconf 79' lang='lat' dir='ltr'>servavi</span> <span class='ocrx_word' id='word_1_378' title='bbox 1481 2846 1598 2881; x_wconf 77' lang='lat' dir='ltr'>illaesa</span> <span class='ocrx_word' id='word_1_379' title='bbox 1620 2845 1746 2881; x_wconf 78' lang='lat' dir='ltr'>omnia·</span> 
     </span>
    </p>
   </div>
  </div>
 </body>
</html>
