1839 3292
578 220 893 256 URANIA
950 221 1080 259 V111.

1355 226 1439 265 1⁰9

316 326 440 363 δεινὸν
464 325 696 371 μαιμώοντα,
715 326 877 362 δοκεῦντ’
898 311 971 363 civo}
987 326 1111 363 πάντα
1134 329 1320 364 τίθεσθαι.

158 391 181 425 3
313 382 456 424 Χαλκός
479 383 548 428 γὰρ
572 386 689 431 χαλκῷ
715 386 935 428 συμμίξεται,
959 385 1086 429 αἵματι
1110 382 1149 419 δ’
1165 382 1281 431 ’Ἄρης
1453 389 1496 423 55

311 441 452 477 πόντον
477 442 644 485 φοινίξει.
684 439 761 476 τότ’
785 440 980 487 ἐλεύθερον
1003 440 1174 482 Ελλάδος
1195 442 1294 488 η’μαρ

186 513 195 533 ι
310 497 476 543 ευρύοπα
497 500 680 543 Κρονίδης
695 497 832 543 ἐπάγει,
854 498 916 532 καὶ
937 497 1071 532 πότνια
1088 499 1197 544 Νίκη.

160 591 255 643 4Ἐς
283 593 461 634 τοιαῦτα
490 590 587 644 μὲν,
618 588 691 632 καὶ
721 588 835 632 οὕτω
866 588 1076 644 ἐναργέως
1104 590 1271 645 λέγοντι
1301 594 1428 638 Βάκι-
1440 601 1485 635 60

188 661 248 711 δι,
280 658 519 714 ἀντιλογίης
546 659 749 713 χρησμῶν
780 656 879 712 πέρι
909 655 1010 701 οὕτε
1030 655 1158 709 αὐτὸς
1175 657 1312 715 λέγειν
1329 665 1430 705 τολ-

187 728 296 783 μέω,
328 725 425 769 οὔτε
456 724 554 781 παρ’
586 723 727 768 ἄλλων
755 723 993 781 ἐνδέκομαι.

167 941 409 998 μαιμώοντα]
429 946 596 984 Verbum
610 939 778 996 μαιμόω,

129 1015 204 1054 quo
236 1016 420 1053 magnum
457 1003 574 1039 animi
611 1001 778 1039 studium

127 1060 407 1111 concitatusque
437 1060 660 1110 exprimitur
694 1061 777 1094 ani-

125 1128 211 1153 mus
259 1116 377 1165 (valde
408 1116 527 1166 cupio)
564 1116 776 1166 frequentat

125 1174 278 1210 Homer.
303 1174 347 1210 11.
368 1174 411 1219 V,
442 1175 534 1212 661.
558 1174 650 1212 670.
671 1173 773 1221 ΧΙΠ,

124 1230 191 1268 78.
210 1230 301 1275 XV,
335 1228 426 1268 542.
449 1227 541 1268 742.

182 1280 363 1323 δοκεῦντ’
399 1281 475 1322 οἷνεὶ
504 1279 633 1322 πάντα
663 1284 774 1322 τίθε-

126 1342 240 1388 σθαι]
272 1343 327 1378 Ita
348 1355 368 1376 e
388 1342 603 1377 Florentino
628 1347 664 1377 et
682 1353 774 1390 pro-

124 1397 296 1434 babiliter
343 1398 455 1433 etiam
497 1410 545 1432 ex
585 1397 773 1433 Sancrofti

123 1453 218 1489 libro
256 1454 405 1503 reposui
451 1465 539 1489 culn
579 1453 693 1489 Gaisf.
737 1459 774 1489 et

124 1507 339 1559 Schweigh.
354 1538 364 1556 ‚
394 1510 458 1560 qui
478 1507 551 1545 hoc
575 1508 647 1545 dici
666 1515 773 1559 putat

119 1578 189 1614 pro
212 1561 477 1604 ἀνατίθεσθαι
494 1562 773 1612 πάντα,3εεθιι-

120 1622 234 1657 tiente
254 1623 386 1672 Negris
406 1623 444 1657 in
467 1620 526 1657 ed.
547 1621 634 1658 suri:
657 1624 772 1658 onmia

119 1682 253 1714 mutare
270 1691 299 1714 s.
320 1682 487 1725 evertere,
520 1691 645 1727 susque
665 1679 772 1727 (leque

119 1733 263 1779 habere5
293 1734 395 1786 quod
420 1747 532 1784 supra
560 1736 635 1781 ΙΙΙ,
670 1737 693 1775 3
717 1741 771 1770 est

119 1786 202 1828 ὄὲνω
235 1787 340 1829 κοῖτω
367 1791 579 1839 τίθεσθαι,·
617 1790 663 1828 de
695 1790 770 1842 qu&

118 1847 226 1882 tmesi
256 1848 356 1884 conf.
385 1849 431 1884 E.
458 1849 652 1884 Wentzel.
710 1849 768 1883 De

118 1905 329 1952 praepositt.
358 1905 468 1940 'tmesi
507 1903 607 1954 apud
645 1905 770 1940 Hero-

120 1957 253 1995 dotum
287 1960 492 2005 (vratislaw
527 1960 650 2009 1829)
681 1973 769 2011 pag.

123 2014 186 2054 15.
242 2017 339 2051 Nam
360 2015 450 2068 quid
473 2017 625 2066 vulgata
645 2016 770 2055 πυθέ-

119 2074 217 2109 σθαι
238 2072 307 2108 sibi
337 2074 445 2120 velit,
477 2073 686 2123 intelligere
706 2086 769 2110 me

116 2139 224 2176 posse
254 2141 375 2178 neg03
414 2142 550 2181 quam,
585 2131 769 2180 probante

115 2182 323 2232 Larchero,
363 2186 415 2222 sic
439 2187 572 2222 Latine
606 2185 769 2224 reddidit

116 2239 413 2291 VVesselingius:
458 2245 648 2292 opinantem
687 2245 768 2281 ubi-

118 2308 180 2345 que
212 2311 246 2334 se
279 2298 440 2335 nuditum
466 2301 523 2339 z'rz'.
583 2300 661 2336 Nec
681 2313 767 2337 ma-

116 2353 171 2400 gis
198 2354 319 2403 placet
345 2355 563 2404 πιθέσθαι,
605 2356 707 2407 quod
746 2370 767 2393 a

115 2408 248 2446 Matth.
287 2417 324 2447 et
355 2410 532 2449 Bekkero
572 2420 766 2463 receptum

116 2476 194 2500 esse
214 2464 335 2503 video.
366 2468 544 2519 Stegerus
567 2468 613 2505 de
633 2471 767 2506 lectio-

117 2532 166 2554 ne
191 2533 211 2556 a
241 2521 456 2574 Schweigh.
481 2532 630 2575 recepta
657 2526 765 2562 dubi-

117 2581 211 2623 taus,
226 2576 270 2613 de
283 2592 356 2629 qua
370 2581 502 2617 eadem
518 2582 662 2619 dubitat
675 2597 767 2619 cen-

115 2644 177 2668 sor
205 2635 404 2684 Lipsiensis
437 2640 540 2678 1833
578 2651 666 2689 pag.
699 2639 765 2687 45,

113 2691 291 2739 proponit
330 2691 766 2741 (Ephem.Ien.1828

114 2757 173 2782 m.
200 2748 277 2786 186
309 2761 345 2797 p.
368 2747 460 2796 46)·
499 2747 682 2789 δοκεῦντ’
716 2749 766 2789 ἄν

115 2796 270 2842 ἅπαντα
290 2799 456 2844 πίθεσθ’
478 2804 544 2845 εὖτ
569 2809 767 2858 opinantem

834 949 959 984 cuncta
990 946 1060 983 sihi
1087 958 1157 983 esse
1198 945 1484 996 obtemperatura,

834 1002 938 1055 quod
996 1004 1132 1039 merito
1173 1001 1299 1039 durius
1344 1001 1486 1039 iudicat

830 1059 933 1096 idem
954 1073 1085 1096 censor
1102 1060 1315 1109 Lipsiensis,
1343 1080 1390 1086 —
1422 1057 1485 1094 Ad

830 1129 966 1153 vocem
1005 1111 1181 1168 εὐρύοπα
1210 1114 1286 1154 vid.
1316 1122 1412 1155 nott.
1433 1113 1483 1152 ad

828 1173 918 1218 VII,
951 1172 1043 1211 141.

883 1223 947 1273 Ἐς
960 1229 1122 1266 τοιαῦτα
1146 1224 1217 1278 μὲν
1237 1225 1306 1266 καὶ
1325 1223 1428 1266 οὕτω
1449 1225 1485 1266 ἔ-

829 1283 1003 1335 ναργέως
1025 1282 1175 1335 λέγοντι
1200 1279 1345 1322 Βάκιδι
1373 1279 1484 1322 ἅντι-

829 1341 1184 1391 λογίης’“χρησμῶν
1212 1338 1300 1392 πέρι
1318 1355 1355 1378 κ.
1374 1354 1408 1378 τ.
1426 1339 1482 1388 λ.]

829 1395 1190 1446 Schweighaeuser-0
1218 1397 1258 1431 in
1285 1398 1381 1432 Lex.
1401 1397 1483 1431 He-

830 1451 912 1489 rod.
947 1459 1145 1501 corruptus
1176 1451 1324 1488 videtur
1362 1453 1480 1501 locus,

828 1509 866 1545 in
908 1521 983 1559 quo
1023 1515 1087 1545 aut
1119 1503 1340 1560 ἀντιλογίας
1367 1521 1483 1558 repo-

829 1565 1013 1612 nendum,
1035 1571 1110 1612 aut,
1134 1564 1237 1616 quod
1254 1563 1347 1601 adeo
1369 1578 1482 1615 prae-

828 1628 925 1658 stare
956 1621 1126 1668 videtur,
1159 1617 1216 1660 δι’
1238 1616 1399 1672 α’λογίης
1419 1620 1481 1660 ε’λ-

827 1682 931 1725 θεῖν,
962 1680 1087 1728 prouti
1106 1679 1168 1725 VI,
1190 1679 1236 1718 9:
1269 1674 1335 1716 διοῖ
1354 1674 1482 1728 μάχης

827 1730 1064 1773 ἐλεύσονται.
1111 1735 1167 1771 Ac
1198 1733 1344 1770 dudum
1365 1735 1478 1771 Wes-

825 1792 1002 1841 selingius
1031 1792 1216 1828 maluerat
1242 1791 1316 1840 legi
1343 1785 1391 1828 δι’
1412 1786 1479 1829 οἷν·

823 1849 995 1899 τιλογίης
1028 1846 1153 1898 λέγειν
1186 1847 1480 1895 (contradicendo

826 1904 994 1953 obloqui),
1026 1903 1183 1940 laudans
1210 1903 1407 1940 Abresehii
1437 1918 1480 1940 e-

825 1960 1111 1997 mendationem
1128 1973 1138 1997 :
1169 1957 1261 1999 οὔτε
1281 1956 1481 2006 αὗτόςέλ-

826 2021 857 2054 θ
869 2021 941 2055 εῖν
954 2016 1113 2067 τολμέω.
1131 2017 1278 2067 Steger.
1296 2015 1477 2067 (Ephem.

825 2075 904 2110 len.
930 2076 1035 2114 1828
1055 2087 1112 2110 nr.
1136 2076 1214 2114 186
1234 2087 1270 2124 p.
1292 2073 1365 2122 46)
1387 2086 1478 2124 pro-

824 2131 931 2180 ponit
951 2125 1188 2181 ἀντιλογίην,
1211 2143 1300 2166 cum
1321 2126 1477 2169 ἀντιλο-

824 2187 915 2254 γίην
940 2186 1063 2238 λέγειν
1097 2186 1200 2222 idem
1221 2187 1343 2223 valeat
1363 2192 1476 2238 atque

825 2239 1037 2294 ἀντιλέγειν
1067 2243 1214 2292 obloquz.
1281 2244 1383 2288 Quae
1417 2249 1477 2279 ta-

824 2313 911 2335 men
933 2300 999 2349 ipsi
1021 2298 1216 2349 probanda
1229 2312 1318 2348 esse,
1339 2301 1475 2336 merito

822 2369 977 2392 monere
1017 2356 1165 2393 videtur
1202 2354 1306 2392 idem
1345 2369 1477 2392 censor

822 2413 1022 2462 Lipsiensis
1045 2414 1148 2452 1833
1171 2425 1257 2462 pag.
1279 2411 1341 2452 47.
1371 2413 1475 2449 Libri

820 2470 946 2518 scripti
966 2467 1068 2505 haud
1084 2467 1293 2520 quidquam
1315 2467 1476 2506 afferunt

824 2526 966 2562 auxilii.
1024 2527 1156 2576 Itaque
1194 2525 1388 2574 vulgatam
1417 2525 1475 2561 le-

823 2585 988 2619 ctionem
1008 2582 1165 2628 rethmi,
1199 2593 1315 2631 quam
1343 2582 1396 2618 sic
1415 2582 1476 2618 in-

822 2639 1019 2689 terpretari
1039 2638 1171 2673 liceat:
1201 2636 1390 2688 Equidem
1403 2651 1476 2676 nec

822 2696 900 2745 ipse
923 2693 1013 2745 quid
1034 2693 1228 2729 enuntiare
1249 2693 1370 2731 audeo
1404 2708 1476 2731 ue-

825 2765 898 2802 que
928 2751 973 2785 ab
1012 2750 1090 2786 aliis
1120 2748 1211 2801 quid
1249 2751 1392 2801 accipio
1427 2751 1474 2788 de

824 2805 1119 2844 contradictione
1139 2807 1378 2845 oraculorum
1396 2810 1474 2845 Ba-
