1839 3292
496 227 583 265 ET
635 226 1124 265 CORRIGENDA.
1464 229 1549 268 665

285 351 360 374 nem
387 338 510 371 Persas
544 348 587 370 ne
618 340 750 381 tempus
783 335 919 381 quidem
949 333 1108 367 habuisse
1143 332 1348 377 arbitratur,
1382 338 1485 381 atque
1508 348 1550 371 ex

287 385 360 428 ipso
387 383 554 417 Pausania
578 382 626 416 ait
648 383 731 416 satis
754 382 906 423 elucere,
939 380 1043 414 multa
1066 379 1206 413 Athenis
1229 381 1435 422 superfuisse
1458 383 1552 416 aedi-

286 430 363 463 ficia
389 435 466 474 post
487 429 586 463 istam
609 428 888 461 devastationem.

67 488 148 523 pag.
172 476 238 509 226
263 481 334 509 not.
358 476 391 509 b.
415 476 470 508 lin.
495 476 516 508 9
547 475 589 508 ab
614 474 671 510 inf.
728 473 811 507 Add.
836 473 879 505 C.
904 473 947 505 0.
973 471 1109 506 Miiller.
1143 470 1176 502 in
1204 469 1310 502 Ersch
1347 475 1382 502 et.
1406 472 1553 508 Gruber.

287 521 475 565 Encyclop.
499 520 541 553 T.
570 520 617 553 XI
643 531 675 562 p.
694 521 772 560 261,
797 519 854 551 ubi
879 518 944 550 loci
968 528 1085 550 nomen
1108 515 1250 548 affertur
1267 516 1389 549 Calwi.

68 577 148 612 pag.
171 565 236 600 235
256 572 323 600 not.
346 578 376 602 a.
400 567 456 601 lin.
473 568 506 600 2.
532 566 597 599 Pro
621 566 736 605 1‘111,
764 565 843 598 139
867 564 933 606 leg.
965 563 1051 603 VII,
1081 562 1170 595 139.
1200 562 1319 603 Vlll,
1341 563 1374 595 2.

67 623 147 657 pag.
170 613 238 646 238
274 613 332 645 lin.
359 615 376 646 1
412 618 446 645 et
469 613 502 647 2.
534 611 610 644 τῶν
640 609 679 644 δὲ
712 609 834 643 dudum
868 608 973 642 scribi
1001 608 1149 641 iusserat
1185 607 1282 641 Reiz.
1344 607 1396 641 De
1425 613 1555 643 accent.

288 657 434 691 inclinat.
460 669 537 701 pag.
561 657 594 690 7.
619 656 718 700 plane
742 660 779 688 ut
803 655 890 698 apud
917 653 1078 686 Herodot.
1104 652 1165 692 IlI,
1189 653 1245 686 43.

69 714 148 747 pag.
171 702 238 738 247
260 703 315 736 lin.
349 705 401 737 17.
449 701 611 736 Herodoti
632 701 733 734 fidem
756 699 927 733 Simonide
953 699 1051 732 aliter
1075 698 1231 731 tradente
1254 697 1415 743 potiorem
1438 699 1557 734 merito

290 749 420 782 iudicat
442 748 568 792 Bergk.
592 747 634 779 ad
657 747 860 779 Anacreont.
884 745 1020 789 Reliqq.
1047 755 1125 789 pag.
1151 744 1230 777 233.

70 804 148 839 pag.
172 794 239 828 259
275 795 370 838 (cap.
393 795 470 836 34.)
504 794 558 826 lin.
583 793 614 826 8.
651 791 897 825 distinctionem
929 797 1007 835 post
1038 788 1232 832 πολιτηίην
1265 789 1410 834 positam
1440 790 1559 828 colloc.

289 845 366 884 post
389 837 542 877 εἰκάσαι,
567 841 601 871 et
623 837 680 871 lin.
697 839 718 871 9
743 849 803 881 pro
822 834 1046 879 αἰτεόμενον
1070 846 1184 879 repon.
1212 833 1445 877 αἰτεόμενος,
1469 835 1558 881 quod

291 885 462 919 Gaisford.
497 885 601 917 habet
625 884 780 928 quodque
811 884 946 926 vulgato
972 893 1059 915 nunc
1083 881 1340 925 praeferendum
1368 881 1466 915 duco.

71 941 150 974 pag.
174 932 243 965 372
265 935 332 963 not.
358 931 389 963 b.
413 930 470 963 lin.
496 932 538 963 12
562 931 603 962 ab
628 930 687 962 ius.
738 930 819 962 Post
841 929 952 962 minus
975 927 1076 961 inser.
1101 927 1171 959 ille.

71 986 150 1020 pag.
174 975 241 1010 374
263 977 319 1008 lin.
343 976 365 1010 3
390 977 432 1008 ab
458 976 515 1009 inf.
579 975 664 1008 Add.
690 974 753 1007 Ev.
784 974 1056 1015 WVaardenburg.
1083 973 1171 1005 Diss.
1197 972 1239 1006 de
1262 973 1378 1006 nativa
1401 972 1559 1016 simplici—

289 1026 362 1055 tate
390 1021 554 1054 Herodoti
577 1021 732 1064 Lugdun.
760 1021 880 1054 Batav.
910 1020 1007 1054 1830.
1035 1020 1066 1052 8.

70 1076 149 1111 pag.
174 1066 253 1101 377.
300 1068 467 1101 Herodoti
496 1067 618 1100 medici
642 1067 834 1110 fragmenta
857 1065 1018 1109 quaedam
1043 1063 1147 1098 edidit
1171 1063 1232 1096 Ch.
1260 1063 1301 1098 F.
1328 1063 1371 1097 de
1395 1063 1562 1097 Matthaei

291 1112 327 1146 in
360 1113 476 1146 Medd.
512 1114 638 1146 Graec.
674 1112 778 1145 variis
810 1112 960 1156 Opnscc.
994 1111 1161 1155 Mosquae
1196 1110 1293 1143 1808.
1323 1109 1356 1144 4.
1391 1110 1447 1144 Tu
1472 1112 1560 1144 conf.

291 1159 395 1192 etiam
420 1158 564 1192 Fabric.
591 1158 680 1192 Bibl,
706 1159 830 1192 Graec.
855 1159 898 1191 Τ.
925 1156 1010 1190 XIII
1036 1168 1110 1201 pag.
1140 1157 1203 1189 18⁴.
1227 1167 1297 1199 seq.

72 1226 150 1260 pag.
177 1214 243 1249 388
267 1216 300 1257 §.
324 1217 356 1249 6.
406 1214 521 1247 Inveni
545 1225 679 1259 quoque
702 1215 870 1248 laudatam
897 1214 997 1256 Angli
1022 1213 1113 1246 docti
1136 1212 1363 1256 scriptionem,
1388 1225 1486 1257 quam
1509 1218 1565 1248 ta·-

290 1272 365 1294 men
396 1260 564 1304 inspicere
598 1260 742 1293 nonduin
783 1260 896 1293 licuit:
935 1260 1029 1294 Iohn.
1062 1259 1221 1291 Iackson:
1282 1259 1335 1291 On
1378 1260 1435 1292 the
1468 1271 1564 1302 year,

292 1307 390 1339 when
414 1306 608 1339 Herodotus
634 1310 742 1339 wrote
777 1305 829 1338 his
854 1306 1015 1347 History;
1049 1305 1083 1338 in
1120 1304 1280 1337 Eiusdem
1307 1304 1567 1350 Chronological.

291 1351 507 1397 Antiquities.
534 1351 642 1384 Lond.
669 1351 767 1386 1752.
791 1351 824 1385 4.
860 1352 934 1384 Vol.
960 1351 1010 1385 111
1035 1363 1069 1396 p.
1095 1351 1288 1385 360-363.

72 1408 152 1442 pag.
178 1398 246 1431 390
269 1398 325 1431 lin.
349 1399 381 1432 2.
410 1408 472 1442 pro
496 1398 647 1431 Erlach
671 1397 735 1441 leg.
761 1397 929 1432 Erbach.

72 1454 152 1489 pag.
184 1444 252 1478 393
284 1444 341 1477 lin.
372 1444 394 1477 3
427 1445 470 1476 ab
502 1444 563 1477 inf.
619 1443 707 1477 Add.
739 1443 860 1477 Manso
894 1443 927 1475 in
964 1442 1173 1488 scriptione:
1228 1441 1344 1474 Ueber
1378 1442 1438 1475 das
1471 1443 1568 1476 Still-

292 1489 484 1532 schweigen
516 1489 685 1522 Herodots
716 1488 750 1522 in
783 1489 925 1522 Absicht.
956 1490 1016 1522 auf
1047 1488 1251 1531 Carthago‘⁴
1288 1488 1411 1530 (Neue
1442 1488 1568 1523 Biblio-

291 1536 374 1569 thek
399 1537 460 1567 der
483 1536 596 1568 sehon.
622 1535 764 1568 Kiinste.
789 1535 864 1568 Vol.
891 1535 991 1576 LIII,
1016 1537 1037 1569 2
1062 1547 1112 1568 nr.
1133 1534 1183 1567 IX
1208 1545 1284 1578 pag.
1308 1534 1370 1567 196
1388 1546 1480 1579 seqq.
1505 1536 1570 1568 im-

294 1580 409 1626 primis
433 1592 511 1624 pag.
537 1582 777 1624 203—206.)
827 1580 897 1621 Qui
921 1581 1129 1614 Herodotum
1157 1580 1199 1612 de
1223 1580 1430 1623 Carthagine
1454 1586 1571 1615 tacere

293 1626 452 1660 maluisse
477 1626 662 1660 arbitratur
684 1638 784 1671 quam
809 1627 916 1660 miuus
941 1632 1034 1660 certa
1059 1633 1161 1671 atque
1185 1630 1346 1658 accurata
1369 1626 1410 1658 de
1432 1625 1490 1660 illa
1515 1638 1573 1661 re-

293 1674 397 1712 ferre,
422 1684 522 1716 quum
545 1684 607 1705 nec
629 1672 702 1717 ipse
726 1672 803 1705 illuc
827 1673 1003 1716 pervenire
1028 1672 1176 1717 potuerit
1197 1671 1361 1704 historiae
1385 1679 1482 1716 pater
1507 1685 1571 1706 nec

293 1718 441 1751 certiora
465 1718 624 1761 accipere
663 1729 683 1751 a
708 1719 1044 1762 Carthaginiensibus
1067 1718 1183 1751 sedulo
1207 1717 1359 1750 nimirum
1386 1729 1448 1757 ea,
1483 1730 1572 1763 quae

295 1764 338 1797 ad
361 1763 509 1806 ipsorum
535 1775 589 1796 res
612 1769 818 1808 spectarent,
844 1764 1042 1798 celantibus.
1076 1764 1177 1797 Addit
1200 1763 1286 1796 idem
1306 1763 1359 1795 vir
1379 1762 1498 1797 doctus
1524 1765 1572 1798 le-

294 1810 387 1853 genti
412 1810 638 1843 Herodoteam
662 1810 889 1843 narrationem
912 1810 971 1851 1V,
999 1811 1062 1844 195
1093 1810 1155 1843 sibi
1181 1809 1402 1853 suspicionem
1433 1821 1508 1843 esse
1532 1823 1572 1843 e-

295 1861 422 1895 natam,
446 1854 661 1897 Carthaginis
685 1856 882 1889 mentionem
917 1856 965 1889 ibi
990 1868 1031 1890 ea
1054 1856 1096 1889 de
1120 1867 1223 1888 causa
1247 1854 1367 1896 omitti,
1394 1857 1482 1899 quod
1507 1857 1572 1890 alio

294 1900 370 1934 loco
394 1913 501 1945 eoque
525 1901 651 1945 aptiori
683 1906 717 1934 et
742 1901 957 1935 commodiori
981 1902 1126 1947 scriptor
1150 1901 1192 1934 de
1223 1913 1264 1934 ea
1287 1911 1390 1944 agere
1414 1902 1571 1937 voluerit.

297 1947 397 1987 Quod
421 1952 532 1980 tamen
557 1948 628 1980 fata
652 1959 717 1980 nou
742 1953 990 1982 concesserunt.

77 2013 158 2047 pag.
183 2003 251 2038 397
275 2003 333 2038 lin.
355 2004 377 2037 3
412 2005 453 2038 ah
490 2003 550 2037 inf.
609 2004 734 2049 Neque
764 2005 864 2038 etiam
897 2006 1037 2039 Romam
1064 2004 1158 2038 venit
1191 2004 1409 2046 Herodotus,
1444 2006 1574 2052 quippe

298 2061 396 2094 quam
422 2050 549 2083 Graeci
581 2049 614 2082 in
646 2050 744 2084 Italia
767 2050 924 2084 *inferiori
949 2051 1141 2084 habitantes
1172 2050 1226 2083 illo
1258 2057 1411 2093 tempore
1435 2053 1491 2086 vix
1514 2065 1575 2088 ac-

297 2096 447 2129 curatius
464 2096 665 2139 cognovisse
681 2096 848 2130 videntur.
886 2097 964 2130 Vid.
980 2097 1102 2131 Mauso
1123 2096 1144 2129 l.
1164 2096 1186 2130 l.
1214 2108 1293 2140 pag.
1309 2098 1377 2131 202
1393 2109 1461 2140 seq.

78 2150 158 2183 pag.
182 2139 250 2174 403
273 2140 331 2174 lin.
364 2143 404 2176 18
435 2153 552 2186 repon.
584 2142 771 2185 comperit

78 2195 157 2229 pag.
181 2186 258 2220 413.
306 2185 356 2234 Ad
382 2192 492 2221 notam
511 2187 608 2231 ****)
634 2192 712 2232 post
734 2187 846 2230 „IX,
873 2189 952 2222 16⁶⁴
985 2187 1064 2222 add.
1090 2187 1189 2230 VIII,
1223 2188 1282 2227 13.
1317 2188 1376 2221 ubi
1409 2188 1575 2225 articulus

301 2234 320 2266 ὀ
346 2232 422 2266 olim
446 2233 588 2266 omissus
612 2245 699 2266 nunc
723 2246 742 2268 e
764 2234 912 2267 melioris
940 2241 1042 2269 notae
1067 2234 1163 2267 codd.
1189 2234 1325 2267 additus
1350 2238 1414 2268 est.

79 2287 158 2321 pag.
176 2276 245 2313 414
275 2277 331 2311 lin.
355 2279 388 2313 9.
437 2279 535 2312 Conf.
567 2279 667 2312 etiam
692 2280 890 2313 Groddeck.
947 2281 1000 2316 De
1038 2282 1268 2318 oraculorum,
1300 2292 1388 2325 quae
1411 2280 1580 2317 Herodoti

300 2324 449 2358 historiis
485 2324 720 2367 continentur,
758 2329 880 2359 natura
913 2330 948 2360 et
979 2326 1111 2368 indole,
1148 2326 1180 2359 in
1205 2326 1388 2370 Gottingg.
1414 2327 1575 2374 Anzeigg.

301 2370 388 2404 1786
413 2382 463 2404 nr.
491 2371 554 2405 197
579 2382 656 2414 pag.
685 2372 772 2406 1980
796 2383 894 2416 seqq.

81 2423 162 2458 pag.
185 2413 254 2447 420
275 2413 333 2448 lin.
363 2417 404 2450 18
429 2421 506 2461 post
529 2417 684 2450 haereret
707 2428 785 2462 pon.
808 2417 1069 2453 distinctionem.

81 2470 161 2503 pag.
185 2459 251 2493 421
277 2459 334 2493 lin.
357 2462 379 2495 9
407 2466 483 2507 post
508 2463 626 2496 tulisse
650 2463 721 2496 toll.
745 2463 1000 2499 distinctionem.

82 2515 161 2549 pag.
185 2504 251 2538 431
275 2505 333 2540 lin.
357 2506 388 2541 5.
435 2508 519 2541 Post
542 2533 562 2549 „
571 2518 658 2552 pag.
685 2509 749 2542 138
773 2511 870 2553 seq.“
911 2511 989 2544 add.
1023 2510 1061 2544 S.
1095 2509 1137 2543 F.
1163 2510 1207 2544 G.
1231 2509 1424 2544 Hoffmann.
1458 2510 1577 2548 Lexic.

301 2551 528 2598 Bibliograph.
553 2554 597 2587 T.
622 2553 656 2586 Π
681 2565 759 2598 pag.
783 2555 850 2589 369
874 2567 970 2600 seqq.

83 2605 162 2640 pag.
190 2595 337 2630 4371in.
371 2598 430 2632 ult.
468 2610 528 2642 pro
564 2600 778 2643 complained
812 2601 877 2644 leg.
910 2601 1105 2647 explained
1139 2605 1200 2635 etc.
1243 2600 1384 2636 London
1410 2603 1508 2637 1800.
1545 2605 1578 2639 4.

305 2647 345 2675 et
373 2644 506 2684 1832,
539 2646 570 2679 8.
595 2645 640 2678 in
664 2645 711 2678 II
740 2646 854 2680 Voll.

84 2697 163 2732 pag.
191 2686 258 2720 448
283 2686 316 2720 in
340 2692 411 2722 not.
440 2689 476 2732 ³¹²)
499 2689 558 2724 lin.
582 2691 605 2724 4
631 2691 673 2724 ab
697 2691 756 2726 inf.
790 2703 852 2737 pro
876 2692 1081 2726 enarravit
1114 2691 1180 2736 leg.
1213 2704 1340 2727 enarra
1352 2694 1418 2728 rit
1458 2698 1494 2729 et
1517 2706 1578 2740 pro

307 2734 426 2767 addit
448 2733 512 2778 leg.
537 2736 676 2770 addat.

85 2786 163 2822 pag.
188 2776 255 2812 449
281 2778 316 2812 in
340 2784 409 2813 not.
433 2779 492 2823 **)
521 2779 578 2815 lin.
601 2782 623 2815 4
646 2783 688 2815 ab
711 2782 771 2818 inf.
797 2787 874 2829 post
898 2794 987 2828 quae
1015 2782 1118 2818 inser.
1144 2783 1181 2816 in
1217 2788 1254 2819 et
1287 2796 1349 2830 pro
1381 2786 1579 2822 adverterat

307 2825 374 2870 leg.
400 2830 716 2863 annotaverat.
