1839 3292
369 179 455 219 280
787 177 1242 215 HERODOTI

369 284 481 342 ,ἀλλ’
532 286 654 342 ἡμεῖς
705 286 924 340 ἄρχομεν,
981 286 1023 327 τί
1073 284 1127 338 δὴ
1174 283 1228 328 οὐ
1282 284 1370 337 πρὸ
1419 285 1497 340 μὲν
1553 286 1697 328 τῶν70

371 353 613 410 ,Ἑλλήνων
644 353 788 407 ὑμεῖς,
830 352 919 394 ἐπεί
957 367 1000 394 τε
1030 351 1272 402 δεδόξωσθε
1311 350 1422 395 εἶναι
1453 352 1639 407 ἄριστοι,

369 422 488 477 »πρὸ
519 422 563 465 δὲ
593 424 680 463 τῶν
709 418 950 476 βαρβάρων
979 418 1121 474 ἡμεῖς,
1151 419 1242 461 ἴσοι
1256 418 1368 473 πρὸς
1395 420 1520 470 ἰ’σους
1550 418 1642 473 ἀρι-

372 489 519 545 ,,θμο“ν
547 488 843 544 μαχεσόμεθα,
883 486 956 530 καὶ
985 485 1041 542 ἦν
1067 486 1146 541 μὲν
1176 486 1307 543 δοκέῃ
1336 486 1409 530 καὶ
1438 486 1541 538 τούς
1569 487 1643 532 ἅλ-

370 561 506 609 ,,λους
536 555 767 612 μάχεσθαι,
799 557 841 600 οἱ
873 553 915 599 δ’
951 548 1014 597 οἷν
1036 555 1257 609 μετέπειτα
1275 554 1506 610 μαχέσθων
1523 554 1643 599 ὕστε-

342 633 485 678 6,,ροι.
546 627 584 668 εἰ
625 624 670 668 δὲ
710 625 783 668 καὶ
825 623 882 679 μή
924 622 1093 673 δοκέοι,
1132 621 1237 666 ἀλλ’
1275 621 1411 679 ἡμέας
1449 622 1700 678 μούνους75

372 691 622 748 ,,οἷποχροῖν,
653 690 774 748 ἡμεῖς
804 692 850 735 δὲ
881 689 1255 746 διαμαχεσάμεθα·
1286 690 1487 745 ὁκότεροι
1517 689 1557 734 δ’
1589 691 1645 735 ἂν

244 825 313 870 49

38 888 216 917 Proluditur
240 897 317 924 pug-

40 932 97 950 nae
115 924 298 950 Plataeensi.

40 956 193 984 Immissus
243 958 274 984 in

41 991 184 1051 61·θῖοοῖ
201 993 319 1025 equita-

40 1027 87 1051 tus
132 1032 165 1050 ar
187 1032 306 1051 ararum
421 1033 429 1042 1

40 1058 163 1084 multum
199 1062 287 1084 uocet
310 1044 319 1058 ’
348 1035 526 1088 Ξβοντα·

40 1092 203 1124 exercitui,
237 1091 302 1118 son-

39 1127 161 1158 temque
182 1126 303 1159 Garga-

39 1158 192 1198 phia⁴1n[c.
203 1159 246 1194 25]
268 1158 317 1186 ob-

42 1197 142 1220 εει-ωε.

370 760 541 816 ,,ἡμέων
580 760 812 816 νικήσωσι,
849 758 1037 809 τούτους
1071 762 1132 817 τῷ
1174 759 1332 803 ἅπαντι
1368 760 1644 819 στρατοπέδῳ

371 831 571 881 ,,νικᾶν.“

625 829 675 872 Ὁ
707 828 809 884 μὲν,
838 832 974 871 ταῦτα
1005 829 1126 879 εἴπας
1155 844 1200 871 τε
1230 828 1300 871 καὶ
1331 827 1516 881 ἐπισχών
1544 827 1645 883 χρό-

373 913 475 944 νον,
514 896 572 946 ὥς
606 898 650 939 οἱ
681 896 826 947 οὐδεὶς
865 895 994 940 οὐδὲν
1028 894 1307 950 ὑπεκρίνετο,
1347 894 1644 939 ἀπαλλάσσετο

376 964 513 1008 ὀπίσω
531 979 541 990 ·
574 963 780 1007 ἀπελθών
810 966 856 1008 δὲ
886 965 1088 1021 ἐσήμαινε
1111 965 1351 1021 Μαρδονίῳ
1379 963 1431 1006 τὰ
1459 967 1645 1005 καταλα-

588 1029 638 1074 Ὅ
678 1032 747 1082 δὲ,
787 1032 1019 1088 περιχαρής
1057 1031 1288 1087 γενόμενος
1326 1031 1401 1074 καὶ
1443 1031 1702 1085 ἐπαρθεὶς80

378 1104 524 1156 ψυχρῇ
560 1100 682 1155 νίκῃ,
721 1099 850 1155 ἐπῆκε
886 1099 967 1155 τήν
1008 1101 1145 1142 ἵππον
1179 1099 1248 1142 ἐπὶ
1284 1097 1391 1150 τούς
1419 1097 1644 1155 ’Ἕλληνας

348 1168 441 1219 δὼς
471 1168 516 1211 δὲ
551 1165 775 1224 ἐπήλασαν
814 1169 857 1211 οῖ
897 1166 1073 1212 ἱππόται
1085 1201 1095 1221 ,
1136 1166 1353 1211 ἐσινέοντο
1390 1170 1537 1210 πᾶσαν
1565 1166 1646 1223 τὴν

375 1365 457 1405 ἰ’σοι
481 1362 582 1418 πρὸς
606 1364 736 1414 ἰ’σονς]
760 1366 870 1403 Conf.
887 1373 983 1405 nott.

319 1422 430 1470 adl,
462 1425 501 1462 2.
551 1424 628 1460 Pro
660 1419 912 1474 μαχεσόμεθα
943 1426 984 1460 in

317 1481 538 1516 Florentino
562 1509 571 1527 ,
633 1481 790 1531 aliisque
862 1488 984 1518 exstat

319 1533 577 1586 μαχεσάμεθα
595 1565 605 1584 ,
671 1535 776 1588 quod
843 1537 983 1574 arridet

320 1592 686 1643 Schweighaeusero
707 1595 888 1631 vertenti:
920 1608 983 1631 cur

319 1663 647 1700 nonpugnassemus
658 1651 827 1702 itemque
837 1649 982 1688 Schne-

319 1707 401 1743 fero
423 1707 506 1743 loco
527 1720 621 1743 mox
640 1706 846 1744 laudando.
886 1707 982 1744 Mihi

319 1777 426 1800 secus
448 1763 609 1803 videtur,
668 1766 767 1800 Nam
795 1765 869 1801 loci
893 1778 983 1801 sen-

321 1822 439 1857 tentia
460 1818 575 1857 haec:
602 1820 674 1858 Cur
696 1834 769 1859 non
790 1821 985 1858 decertabi-

320 1889 398 1914 mus
416 1890 523 1927 pares
547 1890 624 1914 cum
642 1879 793 1928 paribus
826 1877 985 1927 (numero

321 1946 398 1971 cum
419 1937 558 1980 simus).
586 1934 788 1971 Caeterum
817 1936 986 1972 oboritur

324 1989 420 2026 mihi
440 1992 602 2042 suspicio
619 2020 627 2038 ‚
651 2004 707 2038 ea,
729 2004 827 2042 quae
847 1990 908 2028 hic
930 1993 989 2028 le-

324 2054 492 2098 guntur,
535 2061 555 2083 e
589 2049 823 2084 Graecorum
855 2049 988 2086 talium

324 2117 453 2140 rerum
474 2105 707 2141 narrationes
721 2107 989 2142 exornautium

326 2168 364 2198 et
384 2162 652 2212 ampliantium
671 2161 808 2199 scholis
823 2163 990 2200 fluxisse.

324 2219 370 2254 In
400 2231 507 2270 seqq.
541 2217 589 2255 ad
620 2231 732 2256 voces
773 2218 815 2258 οἵ
854 2215 896 2258 δ’
932 2213 990 2258 οἷν

324 2274 427 2313 conf.
466 2274 601 2314 Matth.
633 2275 701 2312 Gr.
742 2276 808 2312 Gr.
840 2277 878 2321 ξ.
908 2277 988 2315 625

323 2343 410 2383 pag.
445 2333 573 2378 1273,
604 2333 669 2383 qui
696 2330 800 2368 idem
829 2333 866 2377 ξ.
894 2334 989 2376 203,

326 2386 352 2427 4
383 2400 470 2438 pag.
503 2387 584 2428 375
616 2388 703 2425 coll.
735 2389 772 2433 ξ.
797 2388 878 2429 5416
900 2401 989 2439 pag.

330 2447 439 2484 1072
461 2451 497 2480 et
515 2442 710 2482 Schaefer.
731 2446 914 2496 Apparat.
941 2443 989 2480 ad

328 2500 526 2539 Demosth.
557 2502 606 2540 T.
628 2502 680 2538 IV
708 2515 795 2552 pag.
828 2500 907 2542 488
941 2499 990 2537 ad

329 2555 542 2606 μαχέσθων
561 2558 789 2596 conferatur.
831 2559 880 2594 Et
901 2558 990 2594 facit

329 2624 484 2649 mecum
510 2616 675 2652 Wessel.
715 2617 813 2652 Diss.
845 2613 989 2652 Herod.

329 2669 385 2704 IX
409 2682 497 2719 pag.
521 2674 621 2719 136,
641 2671 708 2709 ubi
726 2673 898 2709 futurum
914 2688 989 2722 μα-

329 2721 527 2776 χεσόμεθα
579 2741 702 2764 uuum
740 2736 837 2766 stare
881 2741 990 2779 posse

331 2785 655 2822 commonstravit.
691 2787 748 2822 De
769 2799 840 2823 usu
869 2798 989 2824 vocu-

1039 1368 1099 1405 lae
1140 1359 1198 1406 αἷν
1232 1365 1383 1402 monuit
1415 1376 1570 1417 quoque
1602 1364 1704 1400 Har-

1039 1431 1147 1474 tung,
1185 1421 1312 1459 Lehre
1354 1436 1390 1459 v.
1436 1420 1473 1458 d.
1507 1420 1704 1458 Partikelu

1041 1481 1109 1518 der
1131 1482 1197 1517 Gr.
1219 1480 1308 1530 Spr.
1327 1480 1363 1515 ΙΙ
1383 1490 1471 1529 pag.
1493 1480 1560 1518 22.

1099 1537 1134 1577 εἰ
1163 1534 1206 1575 δὲ
1234 1535 1302 1575 καὶ
1333 1533 1387 1586 μὴ
1422 1533 1574 1582 δοκέοι]
1617 1533 1706 1570 Noli

1040 1608 1085 1632 eo
1117 1592 1283 1639 offendi,
1327 1590 1431 1644 quod
1464 1591 1580 1642 paulo
1616 1597 1705 1626 aute

1038 1649 1232 1702 praecedit
1251 1646 1305 1700 ἢν
1334 1645 1406 1700 μὲν
1427 1646 1570 1700 δοκέῃ,
1602 1647 1706 1684 conf.

1038 1706 1174 1745 Matth.
1230 1708 1296 1743 Gr.
1337 1707 1403 1742 Gr.
1440 1706 1477 1750 ξ.
1517 1703 1628 1752 524,
1679 1706 1706 1744 6

1039 1778 1129 1816 pag.
1173 1765 1279 1804 1019
1326 1763 1497 1813 itemque
1534 1761 1705 1798 Werfer.

1040 1824 1081 1859 in
1101 1823 1205 1858 Actt.
1238 1818 1348 1870 phin.
1369 1820 1544 1858 Mouacc.
1578 1818 1596 1853 I
1616 1830 1706 1868 pag.

1046 1880 1142 1918 101.
1199 1875 1312 1913 Unde
1345 1876 1432 1913 satis
1458 1881 1583 1926 patet,
1611 1875 1706 1911 falso

1044 1948 1065 1971 a
1087 1932 1318 1981 Schaefexo,
1354 1933 1456 1969 libris
1486 1931 1630 1982 scriptis
1649 1931 1708 1966 in-

1040 1992 1140 2041 vitis,
1161 1989 1335 2028 exhiberi
1355 1986 1408 2042 ἢν
1433 1985 1476 2028 δὲ
1496 2008 1552 2017 -
1571 1985 1707 2042 δοκέῃ.

1241 2081 1335 2132 Cap.
1366 2080 1508 2117 XLIX.

1102 2156 1273 2212 ἐπισχών
1298 2155 1463 2210 χρόνον]
1500 2158 1524 2195 ἰ.
1545 2171 1580 2194 e.
1615 2170 1707 2195 non-

1046 2217 1158 2263 nihil,
1204 2215 1428 2266 aliquamdiu
1464 2218 1707 2252 commoratus.

1044 2271 1093 2313 τοὶ
1114 2268 1384 2323 καταλαβόντα
1414 2270 1504 2308 dicit
1524 2285 1586 2319 ea,
1618 2284 1708 2322 quae

1046 2330 1273 2378 acciderant,
1314 2336 1356 2365 ut
1386 2330 1464 2376 IX,
1513 2329 1580 2368 93.
1627 2325 1707 2367 104

1047 2388 1134 2425 coll.
1167 2388 1240 2435 ΙΙΙ,
1272 2385 1326 2425 42
1353 2386 1482 2437 ibique
1512 2385 1632 2421 allatt.
1650 2404 1706 2412 —

1053 2440 1219 2493 Ψυχρήν
1249 2443 1368 2492 νίκην
1393 2443 1431 2478 in
1461 2455 1567 2493 seqq.
1588 2442 1708 2478 iuter-

1046 2508 1243 2551 pretautur
1269 2499 1456 2550 frigidam
1498 2499 1538 2545 (i.
1568 2511 1599 2534 e.
1637 2510 1707 2534 υα-

1046 2557 1147 2607 nam)
1178 2559 1384 2604 victoriarn3
1423 2556 1472 2592 cf.
1501 2556 1577 2602 vl,
1627 2557 1707 2594 108

1045 2615 1173 2665 ibique
1190 2621 1352 2652 nott.—
1374 2611 1436 2649 Ad
1457 2612 1570 2649 verba
1586 2610 1706 2661 ἐπῆκε

1047 2668 1121 2722 τήν
1144 2670 1270 2709 ἵππον
1288 2670 1388 2708 conf.
1412 2669 1464 2718 V,
1488 2671 1556 2710 63.

1106 2726 1322 2776 ἐσινέοντο]
1362 2728 1419 2763 Ita
1459 2740 1479 2762 e
1520 2723 1709 2762 Sancroffi

1046 2785 1140 2822 libro
1176 2786 1326 2835 reposui
1366 2796 1456 2821 cum
1488 2779 1708 2833 Schweigh.
