1839 3292
571 225 603 261 U
635 225 673 284 R,
698 226 733 262 A
761 226 794 261 N
826 226 844 261 1
872 226 905 262 A
966 224 1094 263 V111.
1350 230 1432 270 129

189 337 364 391 ρι’νθιον
419 331 678 388 στρατηγὸν,
743 333 920 389 λέγουσι
971 330 1216 389 Ἀθηναῖοι,
1273 333 1433 380 αὐτίκα
1486 338 1760 403 gffiehfffuffgw

185 400 274 447 κατ’
295 400 428 455 α’ρχὰς
441 399 499 451 ὥς
520 401 779 456 συνέμισγον
798 404 843 444 αἱ
861 406 971 457 νῆες,
1001 401 1259 457 ἐκπλαγέντα
1287 418 1331 446 τε
1359 404 1431 447 καὶ
1490 411 1568 450 663

184 469 516 523 ὑπερδείσαντα,
564 469 615 511 τὰ
657 471 769 511 ἱστία
802 468 1077 524 ἀειράμενον,
1108 471 1302 525 οἴχεσθαι
1331 471 1431 525 φεύ·
1489 467 1686 522 ἓέιῗωιῖῗηω
1703 466 1746 493 ‘²'

184 552 341 592 γοντα·
373 528 544 586 ἰδόνταξ
573 537 617 579 δὲ
647 535 750 586 τούς
771 538 1039 589 Κορινθίους
1067 535 1146 591 τήν
1176 542 1435 594 στρατηγίδα

157 601 456 658 Ξφεύγουσαν,
488 602 697 653 ὡσαύτως
727 605 933 658 οἴχεσθαι.
971 603 1029 653 ὠς
1057 603 1102 645 δὲ
1133 602 1220 656 ἄρα
1250 607 1432 662 φεῦγον·
1446 618 1490 652 85

184 687 262 721 τας
279 672 475 725 γίνεσθαι
502 676 576 727 τῆς
607 674 876 728 Σαλαμινίης
906 670 1014 714 κατὰ
1032 670 1079 713 τὸ
1111 671 1209 724 ἷρόν
1226 672 1434 730 ’Ἀθηναί-

184 755 235 794 ης
261 737 498 793 Σκιράδος,
528 740 794 790 περιπίπτειν
825 750 904 794 σφι
932 740 1084 793 κέλητα
1119 741 1217 796 θείῃ
1256 747 1434 799 πομπῇ·

184 804 261 847 τὸν
298 805 396 850 οὔτε
435 806 659 861 πέμψαντα
700 810 894 862 φανῆναι
936 806 1114 860 οὐδένα,
1146 808 1244 851 οὔτε
1273 826 1314 852 τι
1349 815 1436 854 τῶν

184 870 270 916 α’πὸ
299 877 374 930 τῆς
403 878 601 931 στρατιῆς
632 873 767 920 εἰδόσι
785 872 1110 931 προσφέρεσθαι
1140 880 1253 920 τοῖσι
1269 880 1431 933 Κοριν-

128 1059 219 1113 quid
238 1061 493 1111 pronuntiare.
551 1060 660 1100 Conf.
685 1066 781 1098 nott.

128 1117 174 1154 ad
193 1119 272 1165 VII,
300 1121 375 1158 139
398 1125 433 1154 et
449 1130 545 1169 quae
564 1119 672 1168 plura
683 1116 782 1154 113110

127 1174 167 1210 iu
203 1187 285 1210 rem
326 1174 527 1225 disputavit
552 1177 676 1225 Heyse
708 1174 783 1223 (De

126 1231 314 1267 Herodot.
335 1231 412 1268 Vit.
432 1238 467 1267 et
486 1231 588 1279 ltin.)
611 1243 696 1280 pag.
715 1231 780 1270 57.

126 1300 234 1338 seqq.
264 1289 344 1323 iure
381 1286 574 1324 discedens
606 1289 644 1322 iu
665 1288 784 1323 Wes-

127 1344 275 1393 selingii
294 1351 429 1394 partes,
452 1344 512 1379 cui
531 1342 624 1379 haec
641 1344 680 1378 in
703 1344 783 1378 He-

128 1398 306 1436 rodotum
327 1401 552 1445 criminatio,
575 1412 595 1434 3
615 1398 783 1435 Larche-

127 1468 169 1492 ro
192 1469 344 1507 quoque
365 1463 492 1506 postea
514 1454 653 1501 diluta,
681 1468 701 1490 3
721 1468 778 1491 50-

126 1513 232 1548 rioris
262 1513 344 1549 aevi
372 1511 586 1548 hominibus
615 1511 782 1562 profecta

125 1567 295 1616 videtur,
338 1581 413 1619 quo
450 1569 616 1614 scilicet,
661 1580 781 1619 quum

124 1637 273 1661 summa
290 1626 510 1661 auctoritate
530 1624 679 1660 floreret
699 1626 780 1659 He-

123 1680 300 1727 rodotus,
330 1694 396 1717 eae
424 1682 654 1717 Graecorum
685 1681 780 1717 civi-

123 1743 238 1785 tates,
270 1736 316 1773 de
345 1738 478 1789 quibus
507 1738 632 1774 minus
653 1736 779 1773 hono-

123 1793 226 1830 rifica
273 1792 445 1846 adeoque
492 1793 676 1830 dedecora
715 1795 778 1830 ille

123 1851 330 1886 memoriae
377 1849 598 1901 prodidisset
622 1879 632 1897 ‚
682 1848 777 1886 haec

124 1907 204 1956 ipsa
223 1907 352 1958 iniquo
372 1908 533 1944 ferentes
554 1908 679 1943 animo
703 1920 722 1943 3
738 1920 777 1943 50

127 1970 292 1998 avertere
321 1963 532 2000 studuerint
575 1976 618 2000 eo
647 1963 777 2010 modo,

125 2025 168 2055 ut
197 2020 384 2069 scriptoris
413 2019 531 2056 fidem
567 2027 779 2070 suspectam

124 2073 327 2112 redderent
343 2089 507 2128 eumque
521 2078 684 2126 partium
700 2083 781 2113 stu-

127 2130 196 2168 diis
223 2133 451 2180 incusarent,
483 2134 528 2169 ab
551 2134 641 2180 31115,
662 2132 780 2169 Athe-

125 2189 317 2225 niensibus
356 2202 393 2226 v.
424 2202 458 2226 0.
500 2188 606 2226 donis
647 2203 778 2226 corru—

124 2250 248 2294 ptum.
309 2244 388 2282 Sed
407 2243 501 2282 haec
522 2259 637 2297 qnam
658 2247 779 2283 aliena

124 2301 197 2337 sint
217 2301 262 2337 ab
282 2300 465 2338 Herodoti
485 2304 626 2350 animo,
647 2316 776 2350 nemo,

127 2358 192 2407 qui
212 2360 417 2395 accuratius
448 2360 546 2396 illius
577 2360 690 2396 libros
711 2373 777 2396 su-

125 2415 292 2462 perstites
324 2415 543 2464 perlegerit,
573 2429 651 2452 11011
689 2429 777 2452 5011-

132 2470 208 2504 tiet.
219 2489 271 2497 —
292 2470 353 2507 Ad
367 2472 599 2508 locutionem
609 2467 689 2510 κατ’
703 2470 777 2522 εἷρ-

129 2520 202 2574 χᾶς
244 2526 343 2563 conf.
386 2528 476 2575 Vll,
507 2530 558 2569 88
590 2536 626 2565 et
646 2527 695 2565 ad
716 2528 776 2567 οἴ-

128 2583 270 2631 χεσθαι
289 2578 484 2633 φεύγοντα
500 2585 538 2631 Ι,
564 2585 655 2625 157.

184 2633 283 2674 κατοέ
329 2635 375 2677 vd
427 2637 514 2690 ἱρόν
554 2636 779 2691 Ἀθηναίης

130 2689 345 2743 Σκιράδος]
388 2694 413 2731 i.
435 2708 466 2732 e.
497 2709 570 2733 cum
596 2698 648 2744 (111
669 2697 778 2747 fuga)

129 2748 348 2785 advenissent
367 2750 415 2786 ad
431 2753 588 2802 templum
600 2753 780 2790 Minervae

131 2803 314 2852 Sciradis,
351 2806 402 2842 ita
426 2808 502 2843 scil.
532 2811 783 2860 cognomina-

186 2863 408 2900 Hmzooor.
437 2864 503 2901 IV.

837 1067 897 1098 tae
918 1073 938 1097 3
959 1060 1084 1109 δεῖνο,
1113 1069 1198 1099 vate
1216 1061 1402 1115 quodam,
1425 1063 1491 1115 qui

837 1119 944 1153 illam
974 1118 1108 1154 aedem
1139 1133 1257 1170 prope
1286 1120 1493 1156 Phalerum

840 1173 1049 1210 condidisse
1070 1175 1187 1212 fertur
1209 1179 1247 1212 in
1262 1177 1492 1227 Cynosurae,

838 1237 879 1266 ut
900 1231 1091 1280 probabile
1113 1239 1186 1279 est,
1217 1235 1492 1282 promontorio.

840 1287 949 1322 Conf.
962 1288 1164 1334 Ρ3115311.Ι,
1179 1291 1230 1329 36
1253 1290 1288 1334 ξ.
1303 1293 1326 1329 3
1353 1290 1438 1326 coll.
1455 1291 1491 1334 IV,

842 1346 862 1383 1
887 1344 924 1387 ξ.
946 1341 992 1389 4,
1025 1345 1089 1379 ubi
1117 1344 1191 1380 vid.
1215 1346 1372 1382 Siebelis
1401 1359 1492 1397 pag.

842 1401 918 1439 133
941 1412 1032 1450 seq„
1055 1402 1119 1450 qui
1135 1402 1223 1437 citat
1237 1402 1413 1438 strabon.
1434 1404 1491 1440 IX

838 1468 876 1504 p-
912 1454 991 1495 347
1022 1469 1050 1492 S·
1076 1459 1155 1496 603
1186 1458 1232 1494 A.
1272 1457 1491 1496 Philochori

838 1511 1016 1561 fragmm,
1046 1526 1083 1561 p.
1116 1515 1181 1552 31.
1215 1515 1335 1550 Kruse
1364 1516 1491 1552 Hellas

835 1568 888 1613 ΙΙ,
914 1571 932 1606 1
964 1581 1001 1617 p.
1021 1569 1113 1608 306.
1135 1590 1190 1595 —-
1228 1571 1272 1606 In
1302 1584 1408 1622 seqq.
1429 1570 1492 1610 κέ-

835 1626 930 1673 λητα
959 1624 1074 1674 vulgo
1111 1624 1275 1663 reddunt
1305 1630 1492 1676 navigium

834 1682 1054 1729 oduarium,
1124 1683 1233 1719 celox
1293 1685 1492 1734 navigium

830 1736 1011 1788 idemque
1059 1739 1242 1787 exiguum
1294 1741 1492 1778 celerrime

832 1795 1027 1844 navigans.
1105 1795 1214 1832 conf.
1269 1795 1492 1848 Thucydid.

832 1849 908 1897 IV,
940 1852 974 1889 9.
1005 1851 1106 1897 Vlll,
1141 1854 1191 1892 38
1212 1853 1340 1903 ibique
1370 1854 1492 1891 inter-

834 1913 943 1957 prett.
981 1906 1117 1944 suidas
1138 1921 1167 1944 s.
1188 1922 1223 1945 v.
1245 1910 1279 1944 II
1295 1922 1381 1959 pag.
1395 1909 1489 1950 294.

834 1962 894 1999 Ad
916 1964 1121 1999 formulam
1142 1965 1236 2018 θείῃ
1252 1969 1394 2022 πομπῇ
1415 1966 1491 2006 vid.

836 2020 946 2056 allata
962 2020 1009 2057 ad
1029 2022 1102 2068 ΙΙΙ,
1137 2024 1202 2061 77.

891 2129 960 2171 τόν
980 2129 1070 2171 οὕτε
1095 2132 1309 2184 πέμψαντα
1332 2150 1368 2173 κ.
1387 2149 1419 2172 τ.
1434 2133 1489 2185 λ.]

835 2189 860 2228 i.
884 2202 916 2225 e.
948 2203 1050 2238 quam
1080 2192 1141 2238 qui
1178 2193 1347 2238 misisset,
1379 2194 1492 2228 nemi-

834 2258 908 2281 nem
929 2244 1091 2294 (dicunt)
1114 2249 1334 2296 apparuisse,
1367 2261 1493 2300 neque

835 2301 1043 2352 quidquam
1094 2316 1246 2347 eorum,
1299 2317 1396 2355 quae
1444 2305 1491 2341 ab

834 2360 1000 2394 exercitu
1021 2358 1153 2405 (relata
1174 2366 1301 2407 erant,
1323 2359 1491 2398 devene-

833 2416 945 2463 rant)
991 2417 1150 2452 scientes
1191 2415 1238 2452 ad
1278 2416 1491 2454 Corinthios

833 2484 915 2506 eam
952 2473 1145 2508 accessisse
1174 2485 1204 2508 s.
1237 2485 1397 2524 eamque
1425 2486 1491 2509 ac-

833 2529 983 2564 cessisse
1024 2527 1071 2564 ad
1108 2527 1321 2565 Corinthios
1353 2531 1489 2567 inscios

833 2585 945 2634 plane
967 2597 1120 2631 eorum,
1144 2597 1241 2635 quae
1262 2584 1362 2635 apud
1377 2599 1489 2622 exer-

836 2642 952 2676 citum
987 2640 1214 2677 acciderant.
1233 2662 1289 2668 ——
1327 2642 1372 2677 In
1393 2641 1493 2679 duo-

836 2697 904 2733 bus
934 2695 1046 2736 codd.
1077 2695 1213 2733 desunt
1250 2710 1361 2735 voces
1392 2701 1495 2737 τοῖσι

837 2753 1116 2800 Κορινθίοισι,
1153 2754 1339 2804 probante
1373 2756 1492 2793 Wes-

837 2808 1007 2859 selingio.

1194 2868 1221 2907 9
