1839 3292
546 211 888 248 URANIA.
947 212 1078 249 VIII.

1391 218 1444 257 13

1499 327 1598 353 silium
1644 328 1771 362 capitur.

1499 360 1558 386 Sed
1570 361 1637 387 dum
1651 361 1775 394 Graeci,

1498 394 1605 419 relicto
1647 396 1772 420 Artemi-

1498 426 1554 459 sio,
1604 427 1635 453 in
1681 428 1773 454 altum

1501 459 1715 494 provehuntur,

175 318 436 375 λεχθέντων,
477 318 618 371 ἐνίκα,
657 318 738 375 τήν
767 318 935 376 ἡμέρην
973 319 1143 377 ἐκείνην
1179 319 1321 365 αὐτοῦ
1350 324 1442 376 μεί-

173 384 334 437 ναντάς
362 402 407 429 τε
435 387 510 429 καὶ
543 387 852 440 αὐλισθέντας,
884 387 1107 443 μετέπειτα
1135 388 1274 432 νύκτα
1303 389 1440 444 μέσην

172 454 410 507 παρέντας,
439 455 726 509 πορεύεσθαι,
766 457 840 500 καὶ
872 456 1070 499 ἀπαντᾶν
1099 460 1199 514 τῇσι
1229 460 1442 510 περιπλω-

149 521 338 578 3ούσῃσι
376 526 466 565 τῶν
494 528 624 580 νηῶν.
682 523 788 574 μετὰ
824 523 870 567 δὲ
899 528 1054 574 τοῦτο,
1096 525 1154 574 ὥς
1192 522 1335 574 οὐδείς
1366 532 1502 578 σφιΞο

175 588 375 639 ἓπέπλωε,
407 592 552 647 δείλην
581 591 713 647 ὀψίην
740 591 977 648 γινομένην
1005 593 1081 646 τῆς
1110 589 1271 647 ἡμέρης
1303 590 1444 645 φυλά-

177 658 338 710 ξαντες,
369 656 495 702 αὐτοὶ
512 658 791 702 ἐπανέπλωον
820 659 886 702 ἐπὶ
907 658 1012 708 τούς
1038 659 1310 714 βαρβάρους,
1341 657 1445 702 ἀπό-

177 741 333 779 πειραν
362 722 507 767 αὐτῶν
536 724 808 782 ποιήσασθαι
837 725 1102 782 βουλόμενοι
1128 730 1205 782 τῆς
1233 742 1278 769 τε
1308 724 1446 781 μάχης

177 793 251 836 καὶ
280 796 361 836 τοῦ
382 794 628 836 διεκπλόου.
683 792 908 849 Ὀρέοντες
929 793 976 837 δέ
1007 805 1140 848 σφεας
1173 795 1289 837 οἵτε
1320 792 1444 836 ἄλλοι
1501 813 1623 854 barbauji
1657 818 1688 841 et
1719 815 1774 849 ipsi

179 865 438 915 στρατιῶται
468 863 513 904 οἱ
550 861 716 916 Ξέρξεω
747 862 821 905 καὶ
861 865 904 905 οἷ
942 861 1174 917 στρατηγοὶ
1204 861 1444 905 ἐπιπλώον-
1503 848 1625 882 A⁰h²¹¹⁵
1645 849 1775 877 solvunt.

177 945 254 979 τας
283 929 411 984 νηυσὶ
442 926 633 985 ὀλίγῃσι,
672 929 815 985 πάγχυ
845 941 924 985 σφι
952 931 1113 985 μανίην
1144 929 1502 981 ἐπενείκαντες,ἓό

176 995 341 1053 ἀνῆγον
370 997 442 1040 καὶ
473 997 599 1040 αὐτοὶ
629 997 705 1048 τὰς
732 997 854 1048 νέας,
884 996 1132 1048 ἐλπίσαντές
1160 1009 1297 1054 σφεας
1326 996 1444 1041 εὐπε-

175 1064 280 1115 τέως
310 1063 526 1119 αἷρήσειν·
585 1066 734 1109 οἰκότα
772 1064 911 1119 κάρτα
950 1065 1222 1119 ἐλπίσαντες,
1261 1064 1336 1116 τὰς
1363 1065 1444 1120 μέν

175 1148 223 1188 γε
251 1137 340 1176 τῶν
363 1130 585 1190 Ἑλλήνων
615 1132 815 1189 ὁρέοντες
835 1132 983 1189 ὀλίγας
1010 1132 1123 1186 νέας,
1154 1132 1230 1186 τὰς
1260 1133 1306 1177 δὲ
1336 1132 1442 1176 ἑωυ-

55 789 122 834 10

121 1330 266 1367 Graeci.
315 1330 425 1367 Conf.
446 1331 512 1376 ΠΙ,
534 1331 601 1377 76,
622 1342 671 1366 ne
692 1329 781 1379 plu—

120 1399 176 1424 ra.
224 1387 338 1436 σφίσι
367 1399 456 1422 cum
484 1393 643 1422 recentt.
669 1385 780 1422 dedi-

120 1456 206 1480 mus
236 1455 256 1477 e
276 1443 495 1480 Florentino
525 1443 681 1494 aliisque
710 1455 779 1493 pro

120 1500 225 1549 vulg.
239 1510 326 1549 σφι.
343 1520 392 1527 ——
417 1498 479 1536 Ad
492 1500 654 1537 verbum
667 1499 780 1539 ἐνίκα

119 1556 243 1607 suppl.
283 1554 313 1607 ἦ
343 1553 497 1608 γνώμη.
548 1557 658 1593 Conf.
692 1557 778 1601 VII,

123 1614 200 1654 175
217 1613 308 1664 ibiq.
331 1613 456 1651 allata.

175 1664 301 1708 αὐτοῦ
323 1664 536 1720 μείναντάς
555 1684 595 1709 τε
619 1667 686 1708 καὶ
706 1664 779 1708 ccv'-

119 1725 349 1775 λισθέντας]
383 1729 446 1773 „in
465 1729 614 1764 statione
634 1740 779 1763 manen-

118 1787 168 1821 tes
188 1796 263 1820 cum
291 1784 476 1821 navibus“
511 1785 779 1833 interpretatur

118 1839 338 1890 Schweigh.
369 1841 399 1877 si
431 1839 588 1892 quidem
615 1841 778 1877 verbum

837 1325 1027 1376 λάξαντες
1048 1329 1187 1367 Suidas
1206 1333 1260 1368 III
1279 1345 1317 1382 p.
1339 1330 1420 1372 642
1440 1345 1497 1368 re.

838 1393 898 1423 cte
928 1387 1195 1436 interpretatur
1237 1385 1498 1439 ἐπιτηρήσαν-

837 1457 912 1489 τες.
944 1443 1008 1479 Tu
1028 1443 1104 1480 vid.
1127 1445 1239 1480 allata
1260 1444 1308 1480 ad
1323 1445 1367 1492 V,
1389 1449 1439 1485 12
1461 1452 1497 1481 et

837 1499 925 1537 add.
946 1500 1045 1547 Vm,
1070 1499 1135 1540 14.
1169 1499 1364 1537 Plutarch.
1387 1500 1498 1538 The-

836 1557 998 1593 mistocl.
1031 1555 1095 1597 14.

894 1608 1119 1664 οἷπόπειραν
1155 1608 1293 1652 αὐτῶν
1323 1609 1495 1665 ποιήσα-

837 1673 936 1709 σθαι
965 1665 1222 1720 βουλόμενοι]
1269 1665 1495 1723 οἷπόπειραν

835 1729 1039 1767 ποιεῖσθαι
1068 1726 1164 1763 nihil
1186 1726 1289 1763 aliud
1315 1727 1393 1764 fere
1415 1742 1494 1765 esse

835 1791 950 1836 atque
987 1778 1307 1834 ἆποπειρᾶσθαιτ
1358 1789 1495 1822 tentare

835 1841 993 1891 aliquid,
1028 1842 1225 1890 periculum
1257 1842 1411 1879 alicuius
1443 1845 1496 1879 rei

118 1893 362 1945 αὐλίζεσθαι,
401 1897 505 1948 quod
542 1897 779 1934 commorandi
824 1898 961 1948 facere,
975 1896 1182 1945 Herodoto,
1197 1898 1397 1949 Procopio,
1415 1900 1495 1936 aliis

116 1954 391 2004 significatione
412 1955 605 1991 iuvenitur
623 1967 776 2006 quoque

115 2012 185 2058 IX,
208 2013 274 2051 37.
299 2013 350 2051 93
375 2011 461 2048 σου.
485 2012 552 2054 111,
578 2013 667 2057 110,
688 2009 727 2047 h.
747 2012 775 2049 1.

116 2073 266 2104 tautum
304 2066 456 2105 videtur
497 2067 688 2104 adiectum
729 2081 774 2104 eo

117 2125 285 2173 consilio,
308 2130 351 2160 ut
361 2125 440 2161 vim
451 2126 637 2162 maiorem
650 2137 775 2176 quan-

116 2180 206 2218 dam
227 2179 354 2218 addat.
386 2202 442 2209 —
483 2182 588 2227 Quae
608 2195 775 2232 sequun-

115 2245 198 2275 tur:
255 2232 380 2276 νύκτα
409 2236 533 2288 μέσην
577 2237 775 2290 παρέντας

116 2295 244 2342 (media
252 2298 347 2331 nocte
353 2295 627 2346 praeterthsa),
639 2294 774 2332 eadem

115 2351 193 2388 fere
212 2352 392 2401 leguntur
410 2353 490 2399 VII,
517 2355 610 2394 183.

173 2408 306 2457 δείλην
337 2403 463 2458 ὀψίην
487 2431 544 2437 —-
568 2404 774 2457 φυλάξαν-

116 2465 194 2511 τες]
234 2465 367 2515 δείλην
403 2460 530 2515 ὀψίην
560 2464 772 2503 Larcherus

117 2520 290 2570 intelligit
309 2534 370 2558 sur
385 2521 433 2558 les
444 2525 529 2559 trois
541 2522 661 2559 heures
671 2536 772 2572 apres

117 2576 219 2613 midi.
263 2576 453 2628 Hesychio
488 2586 641 2615 auctore
676 2581 694 2614 Ι
734 2593 773 2630 p.

119 2634 198 2672 903
220 2631 408 2670 indicatur
428 2633 456 2685 ἡ
475 2634 567 2686 περὶ
590 2631 705 2674 δυ’σιν
726 2634 774 2686 ἦ·-

116 2688 204 2727 λίου
217 2717 226 2735 ,
260 2688 363 2740 quod
383 2689 486 2727 idem
506 2690 620 2728 habet
635 2691 773 2729 Suidas

116 2745 134 2780 Ι
156 2758 194 2794 p.
218 2744 310 2784 530.
349 2746 464 2783 Plura
495 2747 598 2784 dabit
625 2749 773 2785 Alberti

117 2799 166 2837 ad
186 2798 352 2852 Hesych.
372 2802 399 2843 l.
419 2803 445 2840 l.
492 2805 662 2842 Verbum
693 2820 774 2855 φυ-

832 1955 1119 2006 frequentatum
1185 1955 1284 1991 bene
1341 1957 1491 1992 monuit

833 2011 1065 2060 VVesseling.
1110 2012 1326 2064 similesque
1370 2014 1491 2049 attulit

831 2069 1042 2106 locutiones
1072 2062 1297 2120 ἄναπειραν
1335 2076 1372 2105 et
1401 2065 1492 2107 δια-

831 2139 972 2176 πειραν
987 2128 1206 2172 ποιεῖσθαι,
1228 2127 1364 2177 quibus
1376 2133 1490 2161 utun-

830 2190 906 2229 tur,
936 2182 1082 2233 quoties
1110 2183 1323 2232 periculum
1350 2182 1392 2218 fit
1421 2196 1491 2233 pe—

831 2240 938 2276 ritiae
948 2245 1151 2274 nautarum
1161 2240 1404 2290 militumque
1419 2252 1490 2275 an-

831 2303 870 2332 te
907 2307 1097 2347 pugnam,
1141 2295 1243 2345 apud
1283 2297 1490 2347 Polybium

833 2353 918 2401 [ubi
948 2353 1088 2399 XXVI⁷
1123 2355 1148 2392 7
1170 2354 1207 2397 ξ.
1230 2355 1255 2392 9
1285 2353 1370 2390 coll.
1404 2354 1441 2397 ξ.
1465 2354 1490 2393 8

831 2411 991 2447 verbum
1004 2403 1392 2460 ἅποπειρᾶσθαιῖΙιοο
1402 2422 1492 2445 sen-

830 2468 891 2515 su]
906 2473 941 2502 et
951 2464 1164 2501 Diodorum
1176 2466 1493 2516 X111,8‚ubiplu-

830 2536 871 2559 ra
884 2522 986 2560 dedit
998 2522 1226 2570 VVesseling.
1248 2543 1304 2548 -—
1325 2523 1382 2557 De
1396 2536 1491 2559 voce

832 2574 1042 2619 διεκπλόου
1070 2577 1147 2614 vid.
1163 2584 1258 2614 nott.
1278 2577 1326 2615 ad
1343 2579 1406 2628 Vl,
1423 2582 1489 2619 12.

1071 2634 1163 2683 Cap,
1195 2635 1245 2672 X.

885 2688 1090 2742 Ὅρὲοντες
1110 2687 1169 2738 δὲ]
1183 2691 1421 2727 Florentinus
1436 2691 1486 2726 li-

830 2749 898 2784 ber
928 2754 964 2783 et
994 2745 1032 2782 h.
1065 2747 1090 2785 l.
1122 2753 1159 2783 et
1187 2748 1302 2799 paulo
1329 2748 1486 2784 inferIus

829 2803 944 2841 habet
975 2800 1182 2855 ὀρέωντες,
1212 2803 1316 2857 quod
1344 2805 1486 2854 recepit
