1839 3292
383 215 468 255 23⁰

782 207 1240 247 HERODOTI

384 322 440 367 οὐ
469 322 775 377 συνεσέβαλον·
811 316 1013 372 ἐμήδιζον
1032 314 1116 370 γάρ
1139 314 1192 369 δὴ
1224 314 1398 369 σφόδρα
1419 313 1493 356 καὶ
1523 306 1646 355 οὗτοι

388 388 471 434 οὐκ
503 388 690 439 ἑκόντες,
731 384 830 429 ἀλλ’
863 381 943 426 ’ὑπ’
976 381 1226 437 ἀναγκαίης.

1285 380 1471 438 ἡμέρῃσι
1512 380 1558 424 δὲ
1589 379 1644 424 ου’

388 463 573 513 πολλῇσι
609 453 713 510 μετὰ
751 452 833 508 τήν
863 452 1009 502 ἄπιξιν
1048 448 1128 505 τήν
1170 448 1212 498 ἐς
1257 447 1404 503 Θήβας
1443 449 1644 502 ὕστερον,

388 523 530 583 ἦλθον
561 521 708 567 αὐτῶν
739 518 910 564 ὁπλῖται
942 520 1091 574 χίλιοι·
1121 513 1197 572 ἦγε
1229 516 1274 559 δὲ
1309 514 1469 566 αὐτούς
1493 516 1699 572 Ἀρμο-7ο

361 594 550 649 3κύδης,
585 590 698 646 ἀνὴρ
729 593 817 632 τῶν
848 587 993 631 οἰστῶν
1023 584 1332 640 δοκιμώτατος.
1374 584 1463 626 ἐπεὶ
1494 584 1539 627 δὲ
1556 584 1652 628 ἀπί-

389 677 497 706 κατο
541 659 615 704 καὶ
659 655 782 700 οὗτοι
823 657 865 707 ἐς
900 654 1069 711 Θήβας,
1114 654 1284 708 πέμψας
1322 651 1345 695 ὁ
1381 650 1646 706 Μαρδόνιος

390 730 569 780 ἱππέας,
610 725 805 769 ἐκέλευσέ
843 736 979 780 σφεας
1009 722 1076 766 ἐπ’
1119 721 1293 765 ἑωυτῶν
1334 720 1381 763 ἐν
1416 724 1477 777 τῷ
1514 722 1646 778 πεδίῳ

362 801 385 839 4
394 799 572 850 ἵζεσθαι.

390 867 521 915 ἵππος
551 864 711 906 ἅπασα.

632 794 722 837 ἐπεὶ
753 793 799 837 δὲ
829 792 1038 847 ἐποίησαν
1067 794 1227 842 ταῦτα,
1261 789 1417 832 αὐτίκα
1446 793 1593 845 παρῆν
1622 788 1650 844 ἡ

769 861 874 917 μετα
896 860 940 904 δὲ
970 863 1126 910 ταῦτα,
1159 861 1355 915 διεξῆλθε
1373 858 1451 913 μὲν
1472 858 1543 900 διοὲ
1565 860 1646 901 τοῦ
1658 862 1702 897 75

393 932 692 985 στρατοπέδου
712 931 792 972 τοῦ
806 927 1063 983 Ἑλληνικοῦ
1081 931 1162 970 τοῦ
1190 927 1294 982 μετὰ
1316 926 1486 983 Μήδων
1507 926 1656 978 ἐόντος

395 999 540 1055 φήμη,
577 998 636 1049 ὥς
674 1001 949 1041 κατακοντιεῖ
985 997 1138 1050 σφέας·
1175 997 1374 1050 διεξῆλθε
1403 995 1449 1038 δὲ
1480 993 1539 1038 δι’
1573 993 1650 1038 αὐ-

366 1072 487 1111 5τῶν
522 1066 708 1109 Φωκέων
736 1063 876 1108 τώυτό
909 1068 1050 1108 τοῦτο.

1097 1062 1239 1106 ’Ένθα
1278 1062 1332 1118 δή
1364 1075 1442 1117 σφι
1472 1060 1495 1105 ὁ
1528 1074 1655 1116 στρα-

392 1135 522 1191 τηγός
539 1132 810 1189 Αρμοκύδης
838 1134 1065 1187 παραίνεε,
1097 1131 1233 1186 λέγων
1261 1129 1429 1174 τοιάδε·
1462 1131 1537 1183 „²52
1558 1135 1654 1174 Φω-

391 1203 544 1257 ,,κέες,
584 1201 781 1258 πρόδηλα
810 1218 891 1257 γαρ
925 1201 990 1244 ὅτι
1029 1199 1162 1256 ἡμέας
1193 1200 1317 1242 οὑτοι
1347 1200 1391 1242 οἱ
1421 1198 1654 1253 ἄνθρωποι

394 1270 630 1327 ,,μέλλουσι
663 1269 869 1329 προόπτῳ
911 1267 1090 1327 θανάτῳ
1134 1267 1312 1318 δώσειν,

1368 1266 1654 1322 διαβεβλημέ-
1667 1273 1713 1307 80

394 1355 530 1392 »νους
559 1337 648 1382 ὑπὸ
682 1341 940 1390 Θεσσαλῶν,
975 1337 1033 1388 ὠς
1058 1336 1142 1392 ἐγω
1174 1335 1350 1388 εἰκάζω·
1379 1339 1464 1378 νῦν
1492 1337 1555 1378 ὠν
1585 1334 1658 1378 ἅν-

396 1408 513 1460 ,,δρα
549 1406 692 1448 πάντα
721 1405 817 1448 τινὰ
846 1405 991 1460 ὑμέων
1020 1403 1148 1460 χρεόν
1188 1403 1277 1447 ἐστι
1313 1404 1518 1459 γενέσθαι
1557 1401 1662 1458 ἄγα-

397 1472 539 1526 ,,θόν·
570 1474 756 1528 κρέσσον
784 1474 893 1531 γὰρ,
924 1471 1158 1524 ποιεῦντάς
1179 1489 1219 1515 τι
1248 1473 1322 1516 καὶ
1352 1471 1664 1528 οἷμυνομένους

344 1637 460 1685 renti,
511 1644 717 1690 utrumque
736 1638 815 1676 sive
845 1635 1003 1688 σφόδρα

343 1694 421 1731 sive
441 1691 617 1746 μεγάλως
650 1696 680 1732 si
701 1696 845 1732 abesset
861 1725 870 1742 ‚
898 1696 1004 1732 nulla

344 1764 538 1802 superesse
584 1750 734 1789 videtur
786 1751 1003 1789 difficultas.

344 1807 535 1859 Equidem
547 1809 670 1845 invitis
681 1810 781 1846 libris
794 1809 1005 1861 quidquam

346 1865 480 1901 eiicere
501 1866 628 1913 nolui;
659 1864 752 1903 haec
774 1868 876 1903 enim
897 1865 1006 1904 vide-

346 1927 409 1958 tur
420 1922 493 1958 loci
504 1924 688 1960 sententia
699 1935 708 1960 ε
733 1923 835 1960 Solos
851 1923 1008 1961 Phocen-

346 1992 399 2015 ses
418 1983 545 2016 narrat
561 1993 627 2016 non
647 1994 718 2017 una
738 1983 855 2030 copias
874 1983 1007 2018 misisse

348 2032 413 2086 (ad
454 2035 644 2072 Mardonii
679 2036 838 2088 castra)3
883 2040 1007 2088 quippe

347 2094 410 2142 qui
429 2096 462 2129 et
480 2094 550 2142 ipsi
568 2097 703 2131 strenue
716 2094 906 2132 Persarum
917 2108 1007 2146 par-

346 2152 397 2186 tes
417 2149 570 2200 amplexi
588 2154 708 2199 essent,
734 2165 799 2189 non
821 2157 893 2190 tam
911 2151 1005 2188 ultro

348 2219 452 2256 quam
493 2209 698 2244 necessitate
743 2213 879 2256 coacti3
919 2221 1010 2246 cum

350 2262 429 2299 scil.
451 2263 621 2312 ipsorum
645 2271 742 2301 terra
776 2279 798 2301 a
818 2267 940 2303 Persis
959 2267 1011 2302 ita

351 2325 448 2355 esset
468 2319 700 2356 circumdata
717 2350 726 2367 ‚
748 2328 789 2358 ut
809 2323 1012 2359 Persarum

349 2376 589 2424 societatem,
636 2376 753 2414 modo
800 2380 1013 2429 periculum

350 2433 556 2470 imminens
577 2432 745 2485 effugere
764 2436 917 2483 vellent,
945 2435 1015 2473 de-

353 2496 512 2527 trectare
534 2488 639 2527 haud
666 2499 831 2542 possent.
873 2493 1014 2543 Stege-

354 2559 417 2583 rus
436 2547 614 2585 voculam
626 2544 782 2599 σφόδρα
802 2556 887 2600 post
908 2545 1018 2589 ὅσοι-

355 2616 428 2654 περ
455 2605 650 2654 transponi
669 2606 777 2654 vult,
809 2605 913 2657 quod
932 2619 1018 2643 me-

356 2660 428 2695 rito
476 2662 595 2698 reiicit
643 2676 776 2700 censor
814 2664 1018 2714 Lipsiensis

362 2717 468 2756 1833
490 2730 574 2767 pag.
595 2717 662 2759 49.
684 2739 738 2747 --
758 2721 803 2756 In
820 2733 928 2772 seqq.
950 2719 1020 2758 de—

362 2770 400 2808 di
420 2785 440 2808 e
462 2775 680 2814 melioribus
713 2775 824 2814 codd.
849 2773 1017 2818 απίκατο

1059 1648 1128 1687 pro
1150 1631 1337 1676 ἀπικέατο
1359 1638 1441 1690 (qui
1470 1639 1628 1676 aoristus
1649 1642 1720 1686 est)

1061 1692 1163 1745 apud
1184 1692 1376 1731 Schaefer.
1402 1702 1439 1732 et
1452 1695 1692 1737 Bekkerum.

1118 1762 1242 1799 σφεας
1254 1745 1313 1790 ἐπ’
1333 1750 1508 1801 ἑωυτῶν]
1532 1753 1615 1792 vid.
1628 1761 1722 1796 nott.

1062 1805 1111 1844 ad
1128 1808 1204 1855 IV,
1233 1808 1324 1849 114.
1345 1811 1414 1858 IX,
1444 1814 1510 1851 37.
1526 1834 1582 1840 —
1603 1813 1724 1849 Paulo

1061 1866 1216 1902 inferius
1236 1866 1353 1903 verba
1378 1863 1568 1924 προόπτῳ
1588 1864 1725 1908 θανα-

1062 1937 1115 1976 τῳ
1140 1923 1179 1969 (i.
1203 1936 1237 1960 e.
1262 1924 1457 1975 manifesta
1490 1911 1612 1978 morte)
1635 1925 1725 1962 hinc

1061 1978 1178 2018 habet
1199 1979 1337 2018 suidas
1353 1994 1380 2017 s.
1403 1996 1440 2023 v.
1461 1979 1650 2037 προόπτῳ
1670 1983 1725 2019 ΠΙ

1061 2050 1150 2088 pag.
1186 2039 1278 2077 191.
1320 2037 1532 2090 Hesychius
1566 2041 1601 2075 ΙΙ
1635 2052 1722 2091 pag.

1067 2096 1168 2134 1061
1213 2096 1446 2145 προῦπτον·
1498 2091 1723 2147 πρόδηλον·

1063 2146 1255 2201 φανερόν.
1286 2152 1372 2187 coll.
1415 2153 1452 2188 II
1489 2165 1578 2202 pag.
1619 2154 1724 2192 1037

1065 2202 1289 2256 πρόοπτον·
1334 2207 1551 2257 προφανές.
1610 2209 1732 2245 Plura

1066 2262 1284 2303 Blomfield
1310 2264 1348 2299 in
1372 2265 1535 2303 Glossar.
1570 2265 1619 2303 ad
1647 2266 1729 2302 Ae·-

1067 2318 1188 2370 schyl.
1224 2320 1266 2357 S.
1296 2333 1328 2359 c.
1351 2320 1428 2361 Th.
1462 2323 1553 2365 848.
1572 2344 1627 2352 —
1665 2320 1729 2360 Ad

1067 2377 1229 2413 verbum
1264 2376 1598 2432 διαβεβλημένους
1628 2380 1730 2419 conf.

1069 2435 1121 2471 IV
1137 2461 1148 2482 ,
1172 2432 1224 2474 46
1246 2434 1336 2486 ibiq.
1355 2437 1434 2474 citt.

1128 2487 1296 2541 κρέσσον
1316 2489 1411 2543 γαρ,
1446 2495 1661 2539 ποιεῦντας
1691 2507 1730 2532 κ.

1071 2563 1105 2586 τ.
1128 2548 1178 2595 λ.]
1211 2549 1314 2584 Haeo
1337 2549 1473 2587 Suidas
1491 2549 1599 2587 affert
1618 2551 1671 2586 111
1690 2563 1731 2600 p.

1072 2604 1126 2646 47
1154 2604 1224 2640 sub
1271 2618 1354 2642 voc.
1385 2605 1646 2658 παρέχοντας,
1682 2605 1731 2643 ad

1074 2659 1178 2714 quod
1198 2663 1436 2713 participium
1472 2671 1600 2700 mente
1620 2661 1732 2699 adiici

1072 2724 1196 2770 potest
1217 2717 1380 2759 ἑωυτόν.
1429 2721 1553 2758 Satius
1573 2726 1629 2757 est
1647 2732 1733 2756 mo·-

1073 2776 1125 2823 ri,
1146 2776 1220 2824 ait,
1250 2789 1366 2828 quam
1387 2784 1428 2815 ut
1446 2783 1597 2815 nosmet
1620 2789 1732 2828 prae-
