1839 3292
266 589 333 636 29
398 590 650 649 φθάρησαν.

64 655 165 683 statim
185 657 250 688 past
264 663 317 690 pu-

87 698 151 716 nam
173 689 322 723 I’yiaicam

95 743 101 749 .
120 724 176 756 27.)
197 723 286 749 misso

64 757 168 784 nuntio
186 756 347 783 multorum

64 789 202 818 mercede
219 789 346 816 talento-

65 832 130 850 ι-υιιι
158 822 346 849 incolumita-
374 803 397 838 2

65 861 125 884 lein
143 857 203 883 iuis
223 855 307 891 polli-

67 895 180 919 «cuntur.

391 214 448 254 38

803 204 1266 246 HERODOTI

391 319 749 377 ἐπιφορήσαντες,
779 318 852 361 καὶ
883 316 1179 372 ὁμοιώσαντες
1207 316 1269 371 τῷ
1301 312 1415 369 ἄλλῳ
1444 311 1584 369 χώρῳ,
1614 311 1656 355 έ-

365 390 575 434 3δέκοντο
608 388 713 436 τούς
748 387 996 435 Θεσσαλούς
1039 382 1338 438 ἐσβάλλοντας.

1403 383 1447 424 οἱ
1494 380 1562 427 δὲ,
1601 378 1660 430 ὥς

394 456 750 510 ἀναρπασόμενοι
769 452 873 504 τούς
895 451 1090 502 Φωκέας,
1123 449 1360 506 φερόμενοι
1381 447 1586 492 ἐσέπεσον
1615 448 1659 498 ἐς

395 524 499 575 τούς
529 522 769 578 ἀμφορέας.

830 522 1024 564 ἐνθαῦτα
1059 520 1101 562 οἱ
1138 521 1266 561 ἵπποι
1306 515 1360 559 τὰ
1391 516 1540 559 σκέλεα
1570 518 1662 560 διε-

714 590 893 632 Τούτων
923 587 975 644 δή
1008 599 1088 641 σφι
1117 586 1380 642 ἀμφοτέρων
1407 584 1573 640 ἔχοντες
1602 583 1721 639 ἔγ-85

399 675 529 704 κοτον
566 660 609 702 οἱ
652 658 892 709 Θεσσαλοὶ,
933 657 1177 711 πέμψαντες
1217 654 1412 710 κήρυκα,
1451 650 1667 707 ἠγόρευον

402 727 526 772 τάδε·
556 724 632 780 „³521
664 726 855 777 Φωκέες,
892 724 976 782 ἤδη
1007 741 1048 767 τι
1077 728 1243 779 μᾶλλον
1271 720 1582 776 γνωσιμαχέετε
1609 719 1667 775 μὴ

409 793 548 849 ,,εἶναι
577 792 723 848 ὁμοῖοι
750 793 866 850 ἡμῖν.
924 792 1119 845 πρόσθεν
1148 807 1192 834 τε
1229 790 1312 845 γὰρ
1353 789 1399 832 ἐν
1428 794 1541 832 τοῖσι
1568 787 1665 830 ’Ἐλ-
1723 788 1802 827 635

406 869 542 920 ,,λησι,
571 862 679 905 ὅσον
707 861 868 917 χρόνον
898 860 1042 904 ἐκεῖνα
1072 859 1175 916 ἡμῖν
1203 859 1385 914 ἥνδανε,
1423 857 1556 900 πλέον
1587 857 1671 899 αἰεί

402 947 527 984 ,,κοτε
556 930 702 986 ’ὑμέων
732 928 1001 984 ἐφερόμεθα·
1033 933 1116 972 νῦν
1146 943 1190 970 τε
1219 924 1336 979 παρὰ
1367 928 1428 983 τῷ
1457 923 1668 981 βαρβάρῳ
1681 931 1727 964 90

404 1003 645 1051 ,,τοσοῦτον
669 996 910 1051 δυνάμεθα,
934 996 1041 1040 ὥστε
1062 994 1122 1040 ἐπ’
1150 995 1255 1050 ἡμῖν
1288 994 1377 1037 ἐστι
1414 997 1489 1048 τῆς
1517 997 1597 1048 γῆς
1625 1007 1670 1035 τε

374 1068 692 1123 3,,έστερῆσθαι
719 1066 793 1107 καὶ
821 1064 932 1117 πρός
964 1063 1318 1120 ἠνδραποδίσθαι
1340 1062 1486 1116 ὑμέας.
1545 1059 1672 1116 ἡμέες

404 1136 595 1193 ,,μέντοι,
614 1133 761 1177 τὸπᾶν
780 1130 1033 1188 ἔχοντεςλού
1055 1128 1415 1188 μνησικακέομεν·
1445 1127 1534 1173 ἀλλ’
1564 1128 1671 1186 ἡμῖν

406 1340 460 1391 ὥς
474 1335 682 1395 ἅναρπασό
686 1354 799 1392 μενοι
809 1336 904 1388 τούς
917 1339 1010 1378 Φω-

349 1399 471 1449 κέας]
516 1401 542 1438 i.
564 1414 596 1438 e.
617 1401 795 1449 sperantes
831 1410 866 1434 se
894 1396 1012 1448 facile

351 1458 554 1508 abrepturos
576 1470 619 1494 ac
649 1457 762 1506 primo
789 1466 922 1505 quoque
944 1455 1011 1490 im-

349 1518 435 1566 petu
463 1526 679 1564 oppressuros
708 1525 778 1549 esse
810 1510 1013 1548 Phocenses,

353 1571 412 1608 Cf.
433 1572 501 1618 IX,
520 1570 572 1610 59
593 1570 659 1606 fin.
689 1566 954 1619 Metaphoram
965 1567 1012 1603 ab

350 1628 477 1679 aquila
499 1625 654 1663 ductam
666 1627 748 1663 vult
768 1622 952 1674 Schwgh.
975 1624 1016 1660 iu

348 1682 602 1731 Lex.Her0d.‚
611 1681 792 1733 praedam
803 1695 822 1718 e
834 1682 939 1718 terris
951 1693 1018 1716 su-

350 1741 510 1778 blimem
529 1741 708 1790 rapiente.
737 1739 802 1776 Tu
817 1737 892 1775 vid.
914 1738 1017 1775 Plut.

351 1799 448 1834 Mar.
475 1799 520 1835 11
536 1811 572 1847 p.
585 1796 665 1835 412
680 1797 727 1833 A.
750 1802 786 1832 et
803 1795 977 1845 Pompei.
992 1796 1017 1833 7

353 1868 392 1904 p.
407 1855 488 1894 622
500 1854 545 1892 A.
560 1854 666 1889 Caes.
678 1852 730 1892 24
744 1866 768 1902 Ρ
781 1853 861 1892 719
874 1853 916 1888 F.
931 1849 1019 1887 Oth.

354 1912 380 1950 9
406 1922 495 1960 pag.
520 1912 624 1950 1070
644 1910 691 1946 Ε.
748 1910 884 1959 quue
902 1909 1018 1945 etiam

353 1967 528 2017 pertinet,
564 1964 666 2017 quod
687 1966 860 2016 proxime
878 1965 1018 2015 legitur

355 2019 572 2073 φερόμενοι
590 2024 612 2057 i.
637 2035 670 2058 e.
692 2035 767 2058 cum
798 2023 929 2071 impetu
954 2021 1014 2058 ‹le-

357 2079 437 2126 laiz',
468 2085 510 2115 ut
531 2077 654 2114 reddit
675 2079 720 2116 G.
743 2079 953 2114 Hermann.
967 2076 1016 2113 ad

355 2136 482 2185 Viger.
503 2149 537 2186 p.
553 2137 635 2175 778
658 2133 705 2171 de
726 2147 796 2171 usu
811 2133 922 2171 huius
933 2147 1018 2184 par-

355 2193 475 2242 ticipii
513 2198 548 2228 et
590 2191 866 2241 significatione
908 2193 1017 2241 plura

357 2248 551 2299 disputans
587 2254 625 2284 et
653 2247 869 2284 Herodotea
897 2249 1018 2284 citans

356 2306 456 2352 VIII,
485 2306 551 2344 91.
573 2305 642 2350 IX,
668 2306 745 2343 102
766 2305 851 2342 coll.
881 2305 928 2353 11,
951 2306 1017 2345 29.

360 2361 463 2398 Add.
483 2360 583 2408 VIII,
605 2361 671 2400 39.

396 2415 444 2456 τσὶ
457 2416 591 2457 σκέλεα
604 2412 901 2466 διεφθάρησαν]
913 2415 1021 2451 Pau-

360 2474 476 2522 sanisi,
497 2474 562 2526 qui
581 2471 852 2524 Thucydidem
872 2474 952 2519 vn,
965 2474 1019 2513 27

362 2530 543 2577 imitatur,
554 2537 706 2566 auctore
718 2531 743 2567 l.
754 2530 777 2567 l.
789 2529 889 2581 equi,
908 2529 1020 2580 equi-

362 2586 462 2622 tibus
506 2587 546 2622 in
584 2587 712 2623 foveas
752 2586 1018 2638 praecipitatis,

366 2637 643 2691 τὲπεχωλοῦντο
664 2644 689 2680 i.
711 2656 746 2679 e.
766 2642 1022 2692 cruribusfra-

367 2699 429 2733 ctis
451 2698 575 2734 claudi
591 2704 684 2746 sunt,
698 2701 748 2736 ita
767 2707 810 2736 ut
829 2698 1023 2736 discedere

365 2767 443 2789 non
464 2761 628 2804 possent.
675 2757 732 2791 De
762 2769 857 2793 voce
888 2755 1024 2796 σκέλεα

367 2810 468 2848 conf.
489 2817 583 2850 nott.
599 2809 648 2847 ad
668 2812 747 2862 VII,
769 2815 833 2854 67.

1271 1372 1362 1424 Cap.
1382 1372 1532 1410 XXIX.

1124 1449 1277 1503 ἔχοντες
1289 1450 1469 1505 ἔγκοτον]
1500 1449 1556 1488 Cf.
1572 1457 1668 1491 nott.
1683 1448 1731 1487 ad

1066 1509 1132 1557 111,
1149 1508 1218 1548 59.

1124 1562 1206 1617 ἤδη
1228 1579 1265 1604 τι
1286 1566 1435 1616 μᾶλλον
1446 1561 1733 1617 γνωσιμαχέετε

1074 1618 1129 1674 μή
1164 1619 1267 1661 εἶναι
1300 1620 1433 1672 ὁμοῖοι
1467 1619 1594 1672 ἡμῖν]
1639 1622 1663 1659 i.
1698 1633 1733 1657 e.

1072 1691 1164 1716 nunc
1185 1679 1308 1716 saltem
1327 1679 1470 1715 meliora
1494 1678 1610 1715 edocti
1625 1677 1734 1714 intel-

1074 1735 1178 1784 ligite
1213 1748 1317 1785 pares
1345 1748 1404 1771 vos
1430 1735 1529 1771 nobis
1558 1747 1625 1770 non
1648 1747 1734 1771 esse.

1073 1794 1130 1829 Ita
1145 1790 1366 1842 Schweigh.
1384 1793 1423 1827 in
1434 1793 1529 1828 Lex.
1548 1790 1689 1828 Herod.
1704 1803 1733 1828 s·

1075 1862 1114 1887 v.
1174 1849 1239 1886 Tu
1267 1849 1345 1888 vid.
1372 1855 1470 1886 nott.
1500 1846 1550 1885 ad
1576 1848 1643 1896 111,
1665 1846 1733 1888 25.

1073 1907 1155 1952 VII,
1176 1908 1268 1945 130.

1127 1959 1223 2002 ’ὅσον
1236 1958 1379 2014 χρόνον
1399 1959 1530 2000 ἐκεῖνα
1550 1958 1648 2011 ἡμῖν
1660 1955 1737 2010 ἥν·-

1074 2020 1186 2067 δανε]
1200 2020 1224 2055 i.
1239 2033 1271 2055 e.
1284 2018 1454 2068 quamdiu
1466 2018 1533 2055 illa
1547 2015 1737 2068 (Graeco-

1072 2089 1159 2113 rum
1186 2076 1265 2113 scil.
1296 2088 1367 2123 res,
1397 2072 1446 2113 τοὶ
1477 2076 1558 2112 τῶν
1595 2067 1737 2124 Ἑλλή-

1072 2133 1183 2180 νων)
1224 2132 1321 2168 nobis
1350 2131 1575 2181 placuerunt,
1608 2142 1738 2180 quam-

1075 2189 1140 2227 diu
1160 2188 1301 2225 illorum
1319 2191 1442 2238 partes
1465 2190 1579 2224 secuti
1603 2199 1739 2224 sumus.

1073 2247 1120 2282 In
1139 2257 1246 2296 seqq.
1272 2243 1396 2284 πλέον
1416 2242 1614 2295 φέρεσθαι
1633 2242 1738 2280 indi-

1074 2309 1157 2340 cat:
1189 2303 1396 2350 superiorem
1416 2313 1486 2338 esse
1506 2300 1638 2351 aliquo,
1660 2311 1736 2351 quo

1076 2357 1213 2395 eodem
1233 2358 1313 2394 fere
1338 2370 1450 2395 sensu
1485 2355 1606 2396 πλέον
1633 2355 1738 2406 ἔχειν

1075 2411 1184 2461 τινός
1210 2415 1280 2460 ΙΧ,
1302 2417 1368 2454 70.
1425 2415 1477 2451 Et
1497 2413 1597 2451 conf.
1629 2413 1738 2450 simi-

1075 2473 1125 2509 lia
1153 2470 1344 2523 quaedam
1372 2470 1422 2508 ad
1450 2471 1531 2519 Vll,
1565 2472 1645 2510 211
1678 2470 1738 2507 al-

1072 2529 1159 2566 lata.

1131 2577 1189 2624 έντ’
1207 2581 1305 2634 ἡμῖν
1324 2581 1432 2631 ἔστι]
1462 2583 1487 2620 i.
1508 2596 1542 2620 e.
1562 2584 1600 2620 in
1616 2585 1739 2620 nostra

1077 2645 1127 2678 est
1148 2644 1330 2691 potestate,
1351 2653 1456 2690 penes
1475 2653 1536 2677 nos
1559 2643 1621 2678 est.
1651 2637 1740 2676 Vid.

1076 2697 1245 2735 Fischer.
1289 2697 1337 2733 ad
1378 2697 1540 2734 wellen
1564 2698 1618 2733 111
1650 2708 1738 2746 pag.

1078 2755 1174 2795 235.
1204 2756 1247 2790 Iu
1268 2767 1373 2806 seqq.
1395 2751 1438 2793 τὸ
1457 2756 1540 2792 πᾶν
1558 2752 1740 2804 ἔχεινπ-

1078 2812 1158 2849 let:
1205 2824 1334 2850 omnem
1365 2814 1595 2863 potestatem,
1642 2820 1740 2847 omne
