1839 3292
48 467 112 512 20

488 211 948 249 CALLIOPE.

1005 211 1023 245 Ι
1031 211 1082 247 Χ.
1330 213 1415 252 233

168 325 305 378 θράς,
335 319 502 376 ἔμαθόν
537 336 581 364 τε
612 319 664 374 δή
694 317 798 369 τοὺς
827 316 1079 374 βαρβάρους
1108 316 1176 360 ἐπὶ
1205 321 1266 374 τῷ
1293 317 1415 361 Ἀσω-

169 393 237 447 πῷ
266 387 752 443 στρατοπεδευομένους,
782 386 1052 441 φρασθέντες
1081 384 1127 428 δὲ
1157 388 1310 437 τοῦτο,
1343 383 1415 428 οἷν-

166 456 421 501 τετοὲσσοντο
443 457 511 499 ἐπὶ
531 460 604 511 τῆς
625 454 842 509 ὑπωρείης
863 458 946 497 τοῦ
967 457 1258 508 Κιθαιρῶνος.
1290 456 1413 507 Μαρ-

167 524 313 575 δόνιος
344 524 407 576 δὲ,
449 523 506 574 ὠς
539 522 592 565 ου’
621 521 879 576 κατέβαινον
909 520 1170 575 οἱ”Ἐλληνες
1199 520 1240 571 ἐς
1269 519 1317 563 τό
1348 534 1418 563 πε-

169 593 289 642 δίον,
334 591 488 645 πέμπει
516 589 558 640 ἐς
587 587 747 638 αὐτοὺς
775 592 920 630 πᾶσαν
951 588 1029 643 τὴν
1058 590 1214 639 ἵππον,
1250 593 1324 644 τῆς
1356 589 1419 630 ἱπ-

167 660 321 714 πάρχεε
344 659 602 709 Mucianus,
634 654 898 710 εὐδοκιμέων
927 654 1047 707 παρα
1070 654 1290 710 Πέρσῃσι,
1322 654 1474 709 (τὸνὲο

156 727 356 782 ’Έλληνες
376 725 624 768 Μακίστιον
653 722 858 765 καλέουσι
868 725 897 778 ,)
928 724 1061 765 ἵππον
1088 723 1194 777 ἔχων
1214 725 1418 775 Νισαῖον,

166 790 477 851 χρυσοχάλινόν
524 806 568 833 τε
605 789 677 832 καὶ
716 790 852 840 ἄλλως
891 792 1213 845 κεκοσμημένον
1261 793 1416 841 καλῶς.

167 863 360 905 ἐνθαῦτα
391 857 449 909 ὠς
478 854 759 912 προσήλασαν
790 860 832 900 οἱ
856 856 1033 900 ἱππόται
1062 856 1172 911 πρὸς
1200 856 1304 907 τοὺς
1322 857 1418 900 “Est-

166 933 318 984 ληνας,
348 926 645 982 προσέβαλλον
677 924 786 968 κατα
816 925 956 968 τέλεα·
987 925 1333 981 προσβάλλοντες
1362 924 1474 977 δὲ,25

164 995 277 1040 κακοὶ
305 995 467 1051 μεγάλα
496 993 750 1049 ἐργάζοντο,
781 993 851 1036 καὶ
874 990 1083 1048 γυναῖκάς
1109 1003 1245 1049 σφεας
1264 990 1418 1036 οἷπεκοὲ-

110 1204 269 1250 nienses,
285 1204 323 1239 in
339 1200 481 1240 Isthmo
496 1200 761 1239 iusiurandum

111 1261 251 1296 iurasse
293 1258 537 1310 perhibentur
582 1259 762 1295 libertatis

114 1316 327 1353 defensores
346 1346 355 1364 ,
411 1317 514 1352 cuius
558 1315 763 1351 formulam

114 1371 267 1408 exhibet
286 1371 440 1409 Diodor.
463 1373 581 1408 sicul.
607 1373 674 1417 XI,
695 1373 760 1410 29.

115 1428 193 1466 Sed
233 1429 278 1465 ab
329 1427 619 1465 Atheniensibus
660 1428 764 1463 illam

113 1485 226 1522 fnisse
258 1485 478 1531 confictam,
514 1497 592 1520 non
623 1485 765 1520 imme-

114 1542 183 1578 rito
215 1541 412 1578 credidisse
449 1539 597 1577 videtur
629 1539 764 1577 Theo-

112 1610 296 1648 pompus3
319 1597 395 1636 vid.
437 1597 666 1647 Wesseling.
716 1594 765 1632 ad

112 1652 267 1690 Diodor.
289 1654 315 1694 l.
339 1654 365 1690 1.
391 1660 427 1690 et
446 1660 542 1690 nott.
575 1652 622 1689 ad
641 1655 766 1689 Hero-

114 1709 191 1747 dot.
229 1710 284 1758 V,
334 1711 451 1750 102.“
509 1707 764 1761 Theopompo

113 1779 280 1817 opponas
309 1766 397 1804 licet
436 1768 603 1818 Lycurg.
645 1773 766 1804 contr.

111 1825 281 1859 Leocrat.
314 1836 354 1873 p.
386 1822 463 1864 158
495 1824 551 1873 [p.
583 1824 661 1864 193
686 1835 766 1874 seq·

113 1877 181 1928 R.]
215 1878 261 1915 de
292 1877 365 1915 hoc
402 1880 615 1916 iuramento
652 1880 766 1930 paulo

114 1936 221 1972 aliter
241 1935 479 1972 referentem.

171 1990 416 2042 φρασθέντες
429 1989 470 2030 δὲ
486 1991 621 2040 τοῦτο]
638 1988 679 2030 δὲ
699 2004 768 2043 pro

115 2062 155 2087 τε
181 2047 304 2099 (quod
328 2055 411 2098 post
436 2047 685 2086 Schaeferum
707 2062 770 2085 re—

115 2105 226 2141 tinuit
243 2102 425 2156 Bekker.)
458 2105 705 2142 eFlorentino
733 2112 769 2142 et

116 2161 414 2198 Sancroftilibro
445 2160 533 2198 dedi
562 2175 651 2198 cum
682 2163 769 2198 reli-

117 2218 210 2269 quis.
258 2219 315 2253 De
335 2231 428 2254 voce
458 2212 638 2269 ὖπώρεια
668 2219 768 2255 conf.

116 2280 211 2311 nott.
233 2273 281 2310 ad
307 2276 343 2321 I,
379 2277 469 2314 110.
498 2275 578 2322 IX,
610 2275 676 2316 25.
703 2275 768 2316 56.

116 2330 240 2366 Minus
261 2337 361 2367 recte
378 2329 425 2367 de
456 2333 578 2368 montis
603 2331 770 2368 lateribus

121 2387 194 2430 (La
213 2387 365 2436 pente),
399 2400 476 2424 non
498 2386 544 2423 de
565 2390 688 2424 montis
706 2401 770 2425 ra-

122 2441 197 2477 dice
226 2444 399 2478 voculam
410 2444 567 2493 intelligi
584 2445 664 2480 vult
674 2445 771 2482 Gail.

121 2498 176 2533 Le
200 2496 379 2549 philolog.
405 2501 455 2536 IV
483 2513 571 2551 pag.
590 2503 667 2540 281
691 2514 770 2552 seq.

122 2553 208 2591 coll.
239 2555 271 2590 V
288 2567 373 2604 pag.
391 2558 483 2595 227
512 2557 635 2592 Nam·
625 2570 665 2592 111
685 2558 771 2612 ipsis

122 2607 353 2646 Cithaeronis
375 2610 644 2649 declivitatibus
657 2615 772 2650 Grae-

122 2678 185 2702 cos
231 2673 348 2702 castra
394 2668 556 2716 posuisse
605 2677 770 2720 apparet,

122 2728 214 2758 teste
238 2734 388 2774 quoque
407 2723 597 2761 Plutarch.
621 2727 662 2761 in
683 2727 773 2762 Ari-

121 2777 208 2815 stid.
237 2776 309 2827 14,
348 2779 414 2815 ubi
443 2781 568 2818 scribit
596 2783 771 2833 Graecos,

819 1201 983 1252 exceptis
1032 1202 1344 1252 Megarensibus,
1408 1203 1475 1254 qui

819 1257 1096 1294 consederant
1087 1272 1126 1294 m
1148 1259 1237 1295 locis
1256 1259 1376 1309 magis
1389 1260 1475 1324 pla-

819 1315 900 1356 nis,
932 1314 1143 1351 consedisse
1174 1313 1253 1354 υπό
1277 1330 1347 1355 τον
1375 1310 1475 1366 πρό-

820 1370 925 1408 ποδα
938 1373 1011 1409 τοῦ
1031 1373 1243 1422 Κιθαιρών
1248 1387 1302 1419 ος,
1333 1370 1374 1410 ἐν
1400 1387 1476 1422 χω·-

823 1426 919 1478 ρίοις
952 1422 1108 1477 ὀχυροῖς
1143 1442 1211 1465 και
1239 1423 1477 1476 πετρωδεσιι

821 1483 1048 1533 quibuscum
1094 1484 1209 1520 etiam
1255 1484 1386 1521 confer
1430 1485 1479 1522 sis

819 1538 978 1578 Diodor.
998 1540 1055 1576 XI
1065 1569 1075 1589 ,
1098 1542 1165 1580 30.

1038 1630 1132 1681 cap.
1160 1630 1253 1668 XX.

882 1708 1120 1759 Μασίστιος]
1144 1710 1385 1757 „memorant
1408 1706 1481 1746 ho-

822 1766 968 1802 minem
987 1767 1213 1814 Pausanias,
1239 1765 1482 1814 Plutarchus,

825 1823 906 1869 alii,
959 1821 1187 1862 Μασίστιον
1234 1822 1479 1873 adpellantes,

823 1880 985 1916 Tzetzes
1007 1892 1159 1931 quoque
1177 1878 1378 1928 Chiliad.1‚
1399 1882 1479 1920 993

823 1937 982 1986 turpiter
1000 1943 1128 1971 tamen
1146 1936 1310 1973 eundem
1322 1950 1365 1974 ac
1383 1938 1483 1973 Xer-

823 1993 881 2029 xis
906 1992 1060 2028 fratrem
1080 1994 1294 2041 Masistam,
1325 2006 1399 2045 qno
1433 1991 1481 2030 de

826 2062 908 2099 cap.
934 2051 1010 2088 110
1043 2049 1154 2097 [109.
1185 2051 1276 2096 VII,
1299 2048 1388 2100 82]·‚
1419 2062 1482 2086 ar·-

825 2106 1023 2143 bitratus.“
1058 2105 1316 2154 Wesselz'ng.
1342 2127 1393 2133 —
1415 2106 1482 2142 Tu

827 2162 928 2200 conf.
959 2161 1005 2198 de
1025 2164 1181 2199 nomine
1202 2163 1282 2212 ipso
1307 2168 1403 2200 nott.
1432 2160 1482 2198 ad

825 2220 902 2265 IX,
938 2221 1013 2259 107
1035 2226 1070 2255 et
1091 2217 1138 2255 de
1156 2226 1235 2255 toto
1263 2219 1337 2256 loci
1366 2231 1483 2268 argu-

825 2281 957 2312 mento
987 2275 1157 2326 inprimis
1177 2274 1371 2312 Plutarch.
1394 2276 1484 2311 Ari-

826 2330 912 2369 stid.
935 2345 995 2381 cp.
1030 2334 1091 2371 13.
1112 2345 1199 2382 pag·
1224 2334 1302 2372 326
1336 2332 1378 2373 C.
1423 2333 1483 2368 De

828 2389 932 2440 equis
959 2385 1103 2425 Nisaez's
1132 2388 1296 2425 diximus
1323 2388 1372 2425 ad
1402 2389 1484 2436 VII,

828 2444 896 2485 40.
928 2444 988 2481 Ad
1006 2446 1240 2482 locutionem
1258 2442 1356 2482 κατοέ
1375 2442 1484 2483 τέλεα

830 2501 875 2552 (i.
921 2515 955 2538 e.
1014 2504 1215 2548 turmatim,
1273 2499 1485 2538 secundum

828 2558 995 2607 singulos
1016 2557 1165 2594 ordines
1182 2557 1366 2607 dispositi)
1383 2558 1483 2596 conf.

827 2615 917 2662 VII,
967 2616 1033 2654 81.
1075 2616 1144 2654 87.
1219 2615 1313 2650 Mox
1358 2615 1484 2665 recepi

828 2665 1219 2720 προσβάλλοντεςΡΓο
1238 2666 1485 2722 προσβαλόν-

828 2741 901 2771 τες,
928 2726 1031 2777 quod
1051 2740 1140 2763 cuin
1159 2725 1364 2765 Schaefero
1385 2734 1488 2765 tenet

827 2780 997 2820 Bekker.

1468 448 1575 483 Pugna
1583 449 1744 489 Persarum

1470 486 1618 516 equestris
1658 484 1690 510 in

1475 517 1618 544 Graecos.
