1839 3292
400 234 484 274 10ss

798 228 1259 268 HERODOTI

375 343 597 398 4κωνικῇ·
637 340 846 396 Λημνίων
884 338 944 388 δὲ,
983 340 1270 393 Παρωρεῆται
1311 335 1480 387 πάντες.
1541 336 1585 379 οἱ
1614 333 1661 379 δὲ

400 408 661 462 Κυνούριοι,
693 404 961 460 αὐτόχθονες
991 402 1146 456 ἐόντες,
1178 404 1377 448 δοκέουσι
1409 406 1569 460 μοῦνοι
1599 401 1659 447 εἷ-
1671 408 1717 444 85

400 494 475 522 ναι
487 476 660 526 Ἴωνες·
691 472 1048 527 ἐκδεδωρίευνται
1078 473 1137 525 δὲ,
1166 469 1256 515 ὑπό
1285 486 1330 514 τε
1354 469 1556 527 Ἀργείων
1585 469 1662 527 ἆρ-

345 674 495 713 Scienc.
522 670 671 723 physiq.
704 671 721 706 1
751 683 820 707 ser.
850 668 1002 720 planch.

345 734 413 771 22.
470 728 557 766 vid.
589 726 713 766 strab.
746 728 831 763 wll
862 741 899 777 p.
923 730 1003 768 360

344 801 375 825 s.
398 785 480 828 552
499 799 577 836 seq.
598 787 761 822 Pansan.
784 785 862 830 111,
893 786 944 823 26
967 784 1004 828 ξ.

347 843 373 884 5
392 843 520 894 ibique
541 841 700 879 Siebelis
720 854 756 891 p.
779 840 846 881 85.

402 899 600 949 Λημνίων
650 894 692 935 δὲ
742 898 1005 947 Παρωρεῆται

347 951 507 1005 πάντες]
539 953 621 991 vid.
643 960 738 989 nott.
761 952 807 989 ad
828 953 891 1000 lv,
915 954 1005 993 148.

404 1011 446 1051 οἱ
461 1009 504 1050 δὲ
519 1006 741 1061 Κυνούριοι
763 1004 1006 1058 αὐτόχθονες

346 1062 502 1116 ἐόντες,
526 1065 707 1106 δοκέουσι
731 1067 873 1115 μοῦνοι
905 1060 1007 1103 εἶναι

335 1120 495 1175 Ἴωνες]
545 1123 728 1173 „Cynurz'i
773 1120 838 1169 [de
872 1121 1006 1171 quibus

347 1181 446 1216 conf.
476 1186 572 1216 nott.
616 1177 664 1214 ad
695 1176 837 1213 Herod.
869 1178 907 1223 Ι,
940 1178 1006 1216 82.

346 1237 533 1272 Mannert.
554 1235 641 1271 VIII
671 1247 709 1284 p.
742 1236 791 1273 10
818 1246 896 1284 seq.
926 1235 1007 1273 618

345 1293 462 1344 seq.]
502 1290 723 1328 habitabant
764 1291 802 1326 in
843 1290 1007 1326 confinio

345 1347 550 1399 Argolidis,
570 1347 761 1384 Laconiae
773 1353 810 1382 et
825 1344 1009 1382 Arcadiae

346 1404 396 1442 ad
427 1406 646 1441 Parnouem
685 1410 720 1439 et
759 1401 1008 1439 Parthenium

347 1468 521 1497 montem
541 1462 639 1497 circa
655 1460 811 1495 Tanum
834 1459 1006 1506 fluvium,

348 1518 414 1554 ubi
442 1524 571 1567 postea
601 1517 774 1553 collocati
803 1523 908 1552 erant
932 1516 1008 1551 Ar—

349 1575 528 1624 givorum
558 1579 594 1610 et
614 1571 1007 1609 Lacedaemoniorum

347 1630 540 1668 termini.“
582 1629 623 1668 C.
647 1630 690 1668 Ο.
714 1628 904 1665 Miiller.
927 1630 1008 1664 Ae-

347 1687 482 1736 ginett.
502 1698 588 1737 pag.
619 1686 672 1726 46
698 1686 784 1722 coll.
808 1687 899 1722 Dor.
931 1687 948 1721 l
968 1699 1007 1735 p.

354 1741 432 1783 154
459 1755 552 1794 seq.,
570 1743 635 1794 qui
662 1741 764 1778 idem
799 1740 1007 1792 (Aeginett.

347 1812 386 1849 p.
416 1797 505 1851 47),
548 1797 653 1850 quod
683 1800 728 1834 ab
757 1799 905 1848 Argivis
931 1800 1009 1849 Cy-

346 1855 448 1891 nurii
500 1854 729 1892 descendere
773 1853 949 1891 dicuntur
988 1868 1008 1890 a

347 1912 535 1948 Pausania
555 1913 619 1959 Ill,
639 1915 664 1952 2
684 1913 720 1957 ᾧ.
735 1914 757 1951 3
771 1913 856 1948 coll.
872 1910 1006 1962 steph.

347 1969 443 2019 Byz.
468 1981 497 2006 s.
522 1982 559 2005 v.
584 1964 776 2017 Κύνουρα
807 1982 845 2018 p.
868 1968 943 2008 491
969 1967 1007 2004 id

349 2024 396 2060 ab
424 2024 574 2073 Argivis
616 2025 668 2060 ita
707 2023 878 2061 effictum
914 2026 1005 2071 vult,

350 2081 510 2130 probare
548 2079 783 2117 studentibus
824 2094 922 2118 suam
963 2082 1007 2117 ab

349 2137 572 2173 initz'ofuisse
594 2137 784 2187 Cynurz'am
817 2136 882 2185 (de
902 2138 1007 2174 cuius

350 2194 583 2243 possessione
605 2202 788 2244 perpetuo
818 2195 895 2230 sere
915 2207 1009 2230 con-

349 2248 551 2286 tenderant
572 2263 659 2286 cum
671 2252 894 2298 Laconibus,
916 2257 1008 2287 teste

350 2304 581 2356 Thucydide
617 2307 669 2351 V,
702 2307 751 2347 41
771 2336 780 2352 ‚
812 2309 875 2343 ubi
907 2307 1008 2343 cons.

348 2362 602 2412 iuterprett.),
638 2376 726 2399 cum
762 2364 918 2414 Cynurii
950 2377 1009 2399 re-

348 2431 437 2454 vera
467 2418 677 2455 Arcadibus
712 2427 833 2456 essent
863 2433 1007 2469 cogna-

348 2476 398 2510 ti:
421 2474 746 2525 quemadmodum
759 2478 872 2512 etiam
883 2478 1007 2513 Hero-

351 2529 460 2568 dotus
504 2539 540 2567 et
581 2531 747 2568 Arcades
794 2540 830 2570 et
874 2533 1007 2583 Cynu-

348 2587 421 2622 rios
462 2589 716 2638 Peloponnesi
758 2585 1007 2639 αὐτόχθονας

350 2640 456 2678 dixit.
516 2645 614 2680 Cum
635 2643 691 2681 his
711 2658 801 2682 vero
827 2648 1007 2697 quoniam

349 2699 476 2734 minus
533 2714 742 2750 congruere
796 2701 1006 2750 videbatur,

352 2753 455 2804 quod
475 2753 509 2790 h.
530 2756 556 2792 l.
588 2758 632 2793 ab
665 2757 801 2794 eodem
830 2758 1007 2796 historiae

350 2816 457 2860 patre
493 2810 610 2848 iidem
637 2813 792 2865 Cynurii
831 2815 1008 2854 dicuntur

1060 669 1126 707 solz·
1146 681 1224 706 esse
1250 667 1390 706 Ionicae
1412 667 1535 718 stirpis
1549 694 1560 714 ,
1588 665 1628 702 in
1647 678 1717 704 va-

1060 729 1131 763 rias
1187 723 1402 761 inciderunt
1468 724 1716 762 coniecturas.

1061 782 1174 820 Both.
1204 781 1251 818 ad
1268 782 1425 818 Terent.
1454 786 1599 817 annott.
1627 791 1718 830 pag.

1062 841 1142 881 466
1165 840 1238 889 legi
1264 838 1345 875 vult
1364 838 1532 886 μοῦνοι·
1555 833 1627 887 μὲν
1659 830 1718 875 οἷν

1064 896 1102 943 ἐξ
1132 895 1299 942 αἰῶνος;
1333 892 1506 931 Reiskius
1539 906 1719 930 correxe-

1062 959 1118 989 rat
1149 950 1333 991 δοκέουσι
1372 949 1463 1000 μέν
1501 965 1584 1001 μοι
1617 945 1719 988 εἶναι

1049 1007 1204 1057 ”Ιωνες,·
1239 1006 1500 1054 Valckenaer.,
1532 1007 1594 1043 cui
1621 1007 1719 1043 Lar-

1063 1064 1166 1102 cher.
1207 1062 1370 1101 accedit:
1425 1061 1610 1103 δοκέουσι
1646 1060 1718 1114 μὲν

1063 1120 1187 1168 ἐνίοις
1218 1117 1480 1166 εἶναι”Ιωνες.·
1519 1133 1595 1172 quo
1622 1117 1720 1156 nihil

1063 1178 1389 1214 inconvenientius
1426 1178 1519 1227 fingi
1554 1177 1718 1227 potuisse

1064 1234 1205 1270 iudicat
1234 1234 1383 1272 Miiller.
1413 1234 1439 1270 l.
1467 1235 1520 1281 l.:,
1551 1245 1718 1284 quocum

1064 1292 1145 1341 ipso
1166 1289 1348 1326 Herodoti
1370 1290 1472 1326 locos
1494 1291 1535 1336 1,
1556 1290 1622 1330 56.
1636 1290 1719 1337 Vll,

1066 1346 1132 1387 94.
1162 1348 1213 1387 95
1258 1347 1391 1383 malim
1418 1347 1470 1383 ita
1495 1346 1719 1396 intelligere,

1065 1411 1107 1440 ut
1130 1403 1345 1440 Herodotus
1359 1404 1537 1453 Pelasgos
1557 1415 1645 1439 cum
1657 1404 1722 1440 Io-

1065 1461 1176 1496 nibus
1209 1459 1447 1497 consundens
1473 1459 1536 1496 hio
1569 1472 1722 1511 quoque

1066 1518 1272 1568 Cyixurios„
1317 1517 1518 1566 Pelasgam
1552 1523 1721 1566 gentem,

1065 1587 1132 1624 pro
1155 1575 1233 1610 sola
1254 1576 1292 1609 in
1309 1574 1572 1623 Peloponneso
1594 1573 1722 1609 Ionica

1065 1629 1258 1678 habuerit3
1295 1631 1442 1680 Pelasgi
1458 1642 1547 1666 vero
1568 1642 1655 1666 cum
1673 1641 1722 1666 ex

1064 1686 1247 1723 Herodoti
1267 1689 1451 1724 sententia
1470 1687 1543 1723 sint
1555 1687 1723 1735 aborigi-

1064 1757 1130 1779 nes
1144 1774 1153 1790 ,
1178 1751 1351 1794 apparet,
1383 1756 1449 1779 cur
1469 1742 1622 1779 eosdem
1644 1743 1723 1793 Cy-

1064 1802 1191 1837 nurios
1235 1802 1272 1836 in
1303 1801 1568 1850 Peloponneso
1603 1798 1721 1836 modo

1066 1852 1310 1907 αὐτόχθονας
1369 1869 1504 1894 vocare
1558 1857 1722 1906 potnerit

1064 1914 1148 1961 ille,
1178 1913 1293 1950 modo
1325 1926 1443 1949 unam
1463 1912 1534 1949 hac
1559 1915 1597 1948 in
1623 1911 1721 1950 terr&

1064 1977 1220 2019 gentem
1242 1972 1438 2019 Ionicam,
1469 1969 1508 2007 id
1535 1976 1610 2019 est,
1644 1970 1721 2006 Pe-

1065 2028 1222 2077 lasgam.

1120 2082 1442 2134 ἐκδεδωρίευνται
1462 2080 1522 2131 δὲ]
1545 2082 1722 2130 „moribus

1066 2139 1255 2191 disciplina
1275 2139 1490 2188 dialectoque
1509 2139 1619 2176 Dores
1635 2151 1721 2175 eva-

1066 2196 1206 2243 serunt',
1239 2198 1373 2246 partim
1402 2195 1537 2232 subditi
1563 2196 1722 2244 Argivo-

1065 2265 1139 2289 rum
1165 2255 1324 2303 imperiO,
1354 2254 1485 2301 partim
1509 2252 1614 2302 lapsu
1633 2256 1721 2289 tem-

1060 2311 1206 2358 poris.“
1240 2309 1472 2358 vves-seling.
1516 2309 1590 2345 Ubi
1616 2307 1720 2345 haud

1064 2378 1216 2403 necesse
1242 2365 1307 2404 καὶ
1334 2362 1434 2404 v‘no'
1460 2367 1530 2404 τοῦ
1563 2362 1717 2416 χρόνον,

1065 2421 1168 2472 quod
1200 2423 1317 2458 arrisit
1358 2420 1578 2472 Schweigh.
1623 2422 1719 2458 Ver-

1063 2479 1156 2514 bum
1169 2478 1489 2529 ἔκὸεδωρίευνται
1507 2480 1537 2515 si
1554 2479 1719 2529 probum

1064 2542 1138 2583 est,
1186 2534 1382 2572 descendit
1409 2548 1430 2571 a
1460 2536 1576 2572 verbo
1598 2536 1718 2586 δωρι-

1065 2587 1164 2639 εύως
1192 2593 1297 2629 cuius
1317 2593 1400 2628 loco
1411 2591 1514 2644 quod
1527 2593 1565 2628 in
1581 2591 1716 2642 Steph.

1063 2661 1184 2698 marg.
1247 2648 1401 2685 affertur
1439 2648 1717 2699 ἐκδεδωρίαται

1062 2705 1101 2740 in
1117 2704 1428 2755 Je’ndsdoeot'dawc
1448 2705 1486 2756 (a
1506 2706 1622 2742 verbo
1651 2704 1716 2744 ἔκ-

1064 2761 1256 2811 ὅωρίζειν)
1270 2763 1378 2798 facile
1389 2763 1484 2800 verti
1497 2775 1604 2813 posse
1614 2761 1716 2798 iudi-

1064 2824 1123 2855 cat
1139 2817 1332 2869 Valcken„
1353 2832 1374 2856 a
1400 2820 1516 2859 verbo
1537 2819 1715 2872 δωρίζειν
