1839 3292
552 198 1011 237 CALLIOPE.
1069 199 1152 237 IX.
1400 203 1485 244 347

223 319 303 354 θεν
331 308 514 363 μάλιστα
551 306 631 362 τήν
667 306 826 363 χώρην.
894 306 1068 350 ἐποίευν
1102 307 1149 350 δὲ
1186 305 1348 350 τούτου
1378 309 1486 351 εἵνε-

195 386 313 426 5κεν,
340 377 412 417 ἵνα
442 375 562 426 ἐκτὸς
591 379 670 418 τοῦ
699 373 997 429 στρατοπέδου
1030 374 1144 418 ἔωσι.
1202 373 1389 426 τούτους
1409 375 1487 429 μὲν

220 442 400 494 Ἰώνων,
429 447 543 485 τοῖσι
572 443 644 485 καὶ
676 443 934 486 κατεδόκεον
964 441 1151 498 νεοχμόν
1169 441 1223 485 ἄν
1251 459 1292 485 τι
1324 441 1544 486 ποιέειν7ο

221 510 435 566 δυνάμιος
466 509 833 565 ἐπιλαβομένοισι,
870 509 1072 562 τρόποισι
1098 509 1334 554 τοιούτοισι
1362 526 1486 566 προε-

221 578 500 635 φυλάσσοντο
532 579 575 621 οἱ
604 578 781 631 Πέρσαι.
840 576 966 620 αὐτοὶ
1004 576 1049 619 δὲ
1086 575 1396 635 συνεφόρησαν
1431 577 1485 622 τοὶ

220 647 357 702 γέῤῥα
391 645 517 699 ἕρκος
547 642 659 688 εἶναι’
689 657 779 700 σφι.

330 713 413 764 (Ως
441 714 486 757 δὲ
516 712 600 765 ἄρα
622 710 976 765 παρεσκευάδατο
996 716 1109 755 τοῖσι
1125 712 1323 768 Ἕλλησι,
1352 724 1481 768 προσ-
1492 717 1664 778 758133ῐίῐέ
1672 726 1815 779 diiffi't'us

218 783 347 837 ἤϊσαν
375 778 484 834 πρὸς
511 780 614 830 τοὺς
643 780 904 837 βαρβάρους.
948 782 1066 823 ἰοῦσι
1096 781 1141 823 δέ
1174 792 1254 836 σφι
1283 779 1405 837 φήμη
1434 797 1478 825 τε
1536 785 1659 819 acciditv
1693 786 1812 812 Mam·

217 849 421 893 ἐσέπτατο
456 848 498 899 ἐς
525 848 575 891 τό
606 847 900 904 στρατόπεδον
927 852 1038 902 πᾶν,
1068 849 1140 893 καὶ
1169 848 1410 906 κηρυκήϊον
1437 848 1480 893 ἐ-

58 718 156 764 100

1536 818 1619 846 nium
1657 819 1687 846 in
1714 820 1737 846 B
1743 828 1811 845 ‹‹‹‹‹

1534 852 1580 879 tia
1613 852 1711 880 vinci:
1754 861 1812 887 quo

1535 885 1664 915 militum
1687 887 1779 916 animi

217 1049 320 1086 τοῖσι
330 1043 397 1084 καὶ
407 1038 639 1083 κατεδόκεον
651 1036 820 1091 νεοχμόν

161 1099 213 1142 ἕῖν
244 1118 281 1141 τι
299 1100 472 1147 ποιέειν,
516 1095 709 1149 δυνάμιος
735 1097 820 1136 ἐπι-

160 1158 428 1209 λαβομένοισι]
462 1157 487 1192 i.
522 1169 556 1192 e.
594 1168 677 1204 quos
714 1156 819 1190 etiam

159 1218 241 1252 novi
260 1215 342 1265 quid
355 1215 533 1251 molituros
544 1225 614 1248 esse
628 1211 818 1260 putabant,

153 1271 366 1322 facultatem
382 1266 527 1322 (rerum
542 1282 593 1305 sc.
615 1268 818 1315 novarum)

159 1329 344 1378 adeptos.“
384 1328 457 1363 Ubi
478 1325 623 1362 dativus
644 1327 744 1362 τοῖσι
763 1346 814 1350 ——

156 1382 475 1435 ἐπιλαβομένοισι
516 1383 567 1417 ita
598 1379 817 1417 offendebat

156 1441 474 1478 Valckenaerium
489 1467 499 1487 ‚
526 1444 567 1473 ut
589 1443 671 1487 post
702 1450 816 1474 κατε-

157 1494 293 1536 δόκεον
313 1495 494 1533 excidisse
515 1500 662 1544 putaret
677 1488 813 1531 ἐνεὸντ

158 1555 280 1604 quibus
316 1557 348 1590 et
380 1554 489 1589 inesse
524 1551 723 1600 putabant,
773 1552 814 1585 ut

147 1609 363 1660 facultatem
386 1608 508 1657 adepti
531 1620 618 1643 nova
650 1606 814 1642 moliren-

155 1670 227 1703 tur.
284 1667 334 1702 Et
381 1666 554 1715 probavit
591 1661 814 1700 Larcherus.

154 1721 251 1759 Mihi
270 1735 375 1760 secus
388 1720 548 1758 videtur.
577 1721 690 1766 Nam,
711 1717 814 1770 quod

155 1787 255 1816 recte
290 1779 439 1815 monuit
473 1774 816 1826 Schweighaeuse-

156 1849 218 1872 rus
228 1836 412 1886 probante
424 1834 614 1871 Sommer.
626 1834 665 1868 iu
677 1831 816 1870 Schul-

156 1893 240 1929 zeit.
266 1894 385 1932 1833.
413 1904 472 1927 nr.
496 1892 574 1930 133
586 1901 672 1940 pag.
697 1888 815 1928 1057.

154 1948 387 1987 καταδοκεῖν
416 1949 482 1984 vix
509 1947 674 1982 multum
694 1945 814 1994 signi-

154 2006 328 2041 ficatione
350 2003 502 2040 differre
521 2001 670 2040 videtur
683 2015 703 2037 a
723 2002 811 2037 sim‘

153 2062 242 2111 plici
262 2062 377 2098 verbo
401 2060 532 2099 δοκεῖν
560 2056 809 2110 (existimare),

151 2119 223 2154 nisi
245 2116 348 2169 quod
368 2114 466 2155 κατοὶ
487 2128 596 2153 suam
617 2114 811 2167 quandam

152 2176 312 2211 retineat
353 2175 432 2210 vim
479 2186 522 2209 ac
562 2179 808 2223 potestatem:

153 2234 273 2267 contra
305 2231 457 2279 aliquem
492 2231 708 2276 existz'mare3
748 2229 809 2264 cui

153 2288 267 2324 verbo
289 2286 458 2323 dativum
479 2285 589 2322 adiici
602 2299 722 2336 posse,
743 2286 810 2321 ubi

156 2343 268 2392 vulgo
286 2345 472 2393 genitivus
490 2342 705 2390 adstruitur,
721 2355 809 2393 pro-

156 2398 245 2435 bant
265 2398 305 2435 hi
323 2400 401 2436 fere
423 2400 519 2436 loci:
550 2400 631 2445 VII,
654 2401 691 2438 9.
717 2397 808 2438 146.

155 2454 198 2501 1,
233 2457 325 2494 212.
356 2458 430 2503 ΙΙΙ,
473 2455 564 2497 155.
590 2454 725 2494 Matth.
741 2456 807 2492 Gr.

156 2511 221 2546 Gr.
259 2512 296 2554 ξ.
327 2514 406 2552 378
432 2519 512 2548 not.
535 2515 573 2552 3.
635 2513 686 2548 Et
716 2525 806 2548 saue

154 2567 277 2602 latiori
305 2580 440 2615 sensu,
473 2569 613 2605 ubivis
642 2581 806 2619 praepo-

153 2623 294 2659 sitionis
321 2623 398 2659 fere
430 2626 617 2674 exstingui
642 2624 804 2673 videtur,

156 2680 271 2715 utitur
288 2680 422 2716 Noster
441 2681 556 2716 verbo
572 2682 805 2721 καταδοκεῖν

152 2737 190 2783 1,
222 2738 288 2776 22.
310 2737 375 2775 79.
399 2738 490 2776 111.
528 2739 604 2785 111,
639 2741 704 2779 27,
741 2739 805 2787 VI,

158 2794 222 2834 16.
253 2792 350 2840 VIII,
372 2794 438 2833 69.
467 2793 545 2842 IX,
565 2794 632 2836 57.
654 2818 704 2824 ,-
727 2797 806 2832 Lo-

874 1040 976 1078 cutio
996 1039 1166 1094 νεοχμόν
1193 1046 1325 1083 ποιεῖν
1347 1040 1446 1080 redit
1464 1043 1534 1091 IX,

879 1097 975 1142 104,
1014 1113 1126 1150 supra
1147 1101 1218 1149 IV,
1247 1103 1343 1140 201·
1395 1100 1450 1148 V,
1482 1102 1535 1141 19

876 1152 970 1191 dixit
991 1159 1195 1207 νεοχμοῦν.
1242 1158 1287 1192 Iu
1316 1157 1397 1207 ipso
1418 1169 1536 1206 argu-

874 1219 1005 1249 mento
1035 1227 1122 1249 cum
1150 1212 1343 1250 Herodoto
1374 1226 1534 1250 consen-

874 1268 973 1305 tiunt
988 1269 1145 1307 Diodor.
1167 1271 1237 1318 XI,
1258 1272 1325 1310 33.
1346 1270 1532 1321 Polyaen-

875 1324 985 1371 V111,
1016 1326 1083 1367 45.

931 1378 1212 1432 συνεφόρησαν
1246 1378 1294 1419 τοὶ
1322 1380 1444 1434 γε’ῤῥα
1474 1380 1532 1433 ἕρ-

871 1450 941 1483 κος
970 1434 1072 1475 εἶναί
1104 1436 1196 1487 σφι]
1225 1437 1250 1473 i.
1273 1451 1307 1473 e.
1338 1438 1471 1488 clypeos
1499 1452 1531 1475 s.

871 1497 985 1530 crates
995 1496 1163 1531 vimineas
1191 1495 1245 1531 ita
1269 1498 1531 1544 comportarunt

869 1552 909 1585 ut
936 1552 1023 1601 ipszs
1048 1564 1112 1601 pro
1137 1550 1230 1586 vallo
1259 1554 1382 1588 essent.
1417 1550 1532 1589 Cous.

868 1605 950 1655 IX,
971 1610 1036 1648 61.
1059 1609 1124 1647 62.
1148 1609 1240 1646 102.

1107 1697 1199 1748 Cap.
1234 1697 1278 1735 C.

925 1773 1279 1827 παρεσκευάδατο]
1324 1775 1411 1814 Vid.
1457 1777 1528 1825 IX,

870 1833 940 1874 97.
980 1831 1181 1870 Bekkerus
1220 1834 1387 1886 quaerit,
1431 1847 1529 1870 num

870 1886 1176 1941 παρεσκεύαστο.

929 1941 1045 1995 φήμη
1065 1960 1104 1984 τε
1122 1944 1326 1997 ἐσέπτατο]
1357 1948 1383 1984 i.
1405 1961 1438 1984 e.
1453 1947 1526 1998 fa-

869 2014 927 2039 ma
945 2003 1139 2050 advolavit,
1163 2003 1276 2040 subito
1294 2007 1326 2040 et
1348 2006 1527 2054 inopinato

866 2060 1020 2097 incessit.
1079 2060 1183 2104 Quae
1202 2058 1239 2096 h.
1260 2060 1285 2095 1.
1316 2067 1369 2096 est
1395 2057 1526 2111 φήμη,

865 2115 962 2151 infra
988 2129 1048 2166 cp.
1070 2118 1143 2156 101
1167 2123 1325 2153 vocatur
1352 2112 1526 2170 κλῃδών.

866 2171 951 2208 Vid.
961 2179 1057 2208 nott.
1069 2171 1117 2208 ad
1131 2173 1176 2219 V,
1188 2175 1241 2212 72
1253 2173 1339 2211 coll.
1350 2174 1416 2220 111,
1434 2172 1525 2213 153.

865 2229 1144 2279 VVesselingius
1177 2230 1355 2266 citaverat
1378 2231 1526 2266 Proco-

864 2286 918 2336 pii
946 2286 1066 2335 Epist.
1095 2287 1164 2322 LII
1193 2292 1229 2322 et
1250 2285 1427 2323 Aeschiu.
1467 2288 1525 2323 De

864 2342 948 2379 fals.
969 2344 1102 2393 Legat.
1129 2355 1216 2393 pag.
1238 2342 1291 2382 47
1316 2344 1420 2394 [pag.
1443 2344 1521 2382 311

864 2400 911 2438 R.
928 2412 957 2437 S.
984 2401 1021 2445 ξ.
1043 2398 1129 2447 41].
1151 2400 1320 2436 Verbum
1337 2399 1523 2438 ἐσεπτᾶτο

864 2462 985 2492 exstat
1007 2468 1160 2507 quoque
1188 2457 1266 2503 IX,
1297 2459 1388 2496 101.
1437 2456 1524 2492 Alia

864 2511 1009 2549 dabunt
1035 2511 1082 2548 ad
1112 2511 1293 2562 Aeschyl.
1324 2511 1522 2551 Prometh.

862 2571 944 2609 622
975 2569 1077 2616 (665
1098 2569 1256 2614 Blomf.)
1289 2570 1522 2620 interpretes.

862 2647 916 2652 —
938 2624 999 2661 Ad
1019 2638 1155 2661 vocem
1176 2628 1411 2677 κυματωγῆς
1421 2626 1522 2663 conf.

861 2688 956 2717 nott.
979 2680 1026 2717 ad
1057 2682 1128 2728 IV,
1162 2684 1252 2722 196.
1307 2684 1385 2719 Nec
1415 2684 1522 2719 aliter

863 2737 910 2774 de
930 2736 1003 2774 hoc
1032 2737 1116 2774 loco
1147 2739 1261 2774 sensit
1289 2740 1521 2789 Wesseling.

861 2796 958 2834 Diss.
979 2793 1122 2832 Herod.
1144 2796 1200 2832 IX
1220 2808 1308 2847 pag.
1329 2798 1432 2848 207,
1455 2797 1522 2834 ubi
