1839 3292
399 230 467 266 DE
496 227 622 266 VITA
646 225 719 262 ET
748 222 984 263 SCRIPTIS
1013 222 1294 260 HERODOTI.
1509 226 1595 267 415

110 358 154 382 ea
184 349 404 381 enascantur
436 340 636 391 superbia,
678 350 775 390 quae
795 337 936 374 iustum
963 333 1146 382 modum,
1181 347 1257 387 quo
1288 333 1447 386 quisque
1465 349 1504 372 se
1533 343 1594 373 te-

105 415 198 438 nere
218 400 373 445 debeat,
404 397 574 448 finesque
593 395 814 432 mortalibus
835 394 974 444 positos
995 391 1183 429 excedens
1204 391 1253 428 ad
1281 389 1398 428 divini
1427 393 1594 430 numinis

106 459 187 496 vim
212 471 252 493 se
281 456 462 491 extollere
491 453 644 504 gestiat,
675 450 770 487 nihil
800 449 976 487 historiae
1008 455 1117 499 pater
1143 449 1265 499 magis
1291 460 1451 484 exosum
1480 445 1596 485 habet

106 509 230 566 quam*
246 510 489 564 tyrannidem
506 540 517 559 ,
546 523 617 545 nec
639 510 840 559 quisquam
858 506 1078 542 mortalium
1106 506 1228 555 magis
1248 503 1398 542 videtur
1418 517 1595 540 exsecra-

105 571 188 607 bilis
209 582 326 621 quam
344 575 548 620 tyrannus,
575 567 615 601 in
636 566 741 601 cuius
770 564 898 599 animo
918 561 1013 599 haec
1033 563 1111 599 sive
1132 562 1308 612 superbia
1327 562 1405 599 sive
1424 561 1596 597 insolen-

104 627 156 664 tia
184 625 349 662 iusidens
376 626 466 661 altas
493 623 610 673 egerit
633 620 789 657 radices.
847 617 925 656 Sed
956 631 1000 654 ea
1020 618 1214 668 regiminis
1234 619 1379 665 forma,
1417 631 1514 669 quae
1542 618 1593 653 il-

103 684 184 720 lam
209 683 382 719 omnium
412 680 631 716 mortalium
659 676 967 728 aequabilitatem
998 687 1114 726 quam
1132 675 1303 710 maxime
1331 687 1481 711 servare
1512 680 1595 710 stu-

105 738 191 785 det,
224 752 269 776 eo
292 736 393 790 quod
408 749 520 773 suum
541 734 678 785 cuique
697 733 877 780 tribuens,
908 732 1105 768 neminem
1119 743 1232 781 supra
1248 731 1339 767 alios
1359 744 1439 767 sese
1459 730 1594 767 efferre

104 797 266 847 patitur,
297 807 394 846 quae
409 794 523 842 igitur
542 790 656 828 habet
676 786 750 840 τήν
770 789 977 839 ἰσηγορίαν
998 795 1111 839 atque
1131 787 1352 838 ἰσονομίαν,
1373 783 1418 837 ³⁶⁹)
1448 788 1594 838 prima-

103 851 321 889 riavidetur
339 848 554 896 Herodoto,
576 860 673 899 quae
696 847 827 883 ceteris
842 847 956 894 longe
985 851 1161 895 praestet.
1220 845 1320 882 Hinc
1348 851 1390 880 ut
1418 844 1594 895 tyranni-

104 907 194 945 dem
222 908 391 944 maxime
431 912 650 952 aversatur,
694 903 746 940 ita
776 903 950 954 populari
980 902 1141 952 imperio
1173 902 1254 953 ipse
1281 901 1404 951 magis
1444 899 1593 937 deditus

102 965 216 1001 fuisse
250 963 413 1001 videtur.
469 961 556 1000 Vid.
581 968 678 998 nott.
714 959 762 996 ad
797 961 843 1006 V,
875 961 942 1000 66.
967 959 1018 997 T.
1043 960 1097 995 III
1122 971 1161 1008 p.
1190 961 1270 998 112
1289 971 1368 1009 seq.
1389 958 1434 1005 V,
1451 960 1519 997 78.
1535 958 1587 994 T.

100 1023 155 1058 111
174 1034 214 1071 p.
238 1019 314 1060 143
338 1020 424 1058 coll.
443 1020 490 1056 V.
513 1021 566 1059 92
589 1020 625 1063 ξ.
646 1020 686 1057 2.
712 1017 776 1065 VI,
796 1016 863 1057 43.
886 1017 937 1052 T.
956 1016 1010 1051 111
1036 1029 1075 1066 p.
1096 1016 1192 1056 281.
1222 1016 1316 1054 282.
1334 1015 1398 1061 VI,
1422 1016 1515 1054 108.
1540 1015 1593 1051 Τ.

100 1078 156 1114 ΙΙΙ
185 1091 223 1127 p.
253 1079 347 1117 379.
378 1077 460 1123 VII,
495 1075 587 1115 156.
615 1075 666 1111 Τ.
690 1075 743 1110 ΙΙΙ
764 1087 802 1123 p.
824 1074 998 1124 681seq.
1025 1073 1111 1110 coll.
1131 1073 1196 1118 111,
1212 1073 1280 1112 82.
1337 1072 1471 1122 Neque
1500 1084 1591 1108 vero

101 1132 204 1170 hunc
227 1134 416 1183 popularis
436 1133 585 1182 imperii
605 1143 776 1167 amorem
796 1142 841 1165 eo
861 1130 1043 1177 valuisse,
1071 1135 1113 1165 ut
1132 1140 1261 1164 rerum
1280 1129 1429 1165 veritati
1450 1129 1490 1164 in
1503 1142 1593 1165 nar-

101 1192 246 1227 ratione
267 1189 437 1226 offecerit
456 1190 656 1239 ipsumque
677 1188 897 1236 scriptorem
928 1187 1093 1236 partium
1121 1184 1245 1221 studio
1276 1192 1431 1235 captum
1452 1198 1473 1221 a
1500 1198 1591 1222 vero

102 1247 323 1293 abduxerit,
355 1259 402 1282 ex
422 1247 476 1293 iis,
500 1258 597 1296 quae
617 1257 730 1294 supra
746 1245 822 1279 iam
844 1242 1032 1290 diximus,
1053 1243 1139 1279 satis
1161 1248 1337 1292 apparet3
1368 1240 1466 1278 adde
1487 1241 1592 1294 quod

101 1303 202 1339 lianc
230 1315 339 1339 suam
359 1303 582 1339 sententiam
601 1301 663 1336 ille
683 1313 761 1336 non
777 1300 946 1336 consulto
964 1306 1001 1335 et
1024 1299 1186 1349 apertius
1208 1299 1390 1345 enuntiat,
1419 1298 1485 1336 sed
1505 1312 1593 1335 ma·-

101 1361 158 1410 gis
178 1366 275 1396 tecte
295 1358 458 1408 indicat,
484 1371 573 1395 cum
595 1358 641 1393 ab
662 1356 822 1393 historiis
849 1356 924 1392 suis
945 1356 1033 1392 talia
1050 1384 1060 1402 ,
1100 1368 1197 1406 quae
1218 1353 1266 1390 ad
1293 1356 1466 1392 animum
1496 1357 1591 1392 scri-

103 1419 220 1467 ptoris
263 1417 405 1466 magis,
455 1428 572 1468 quam
609 1412 658 1451 acl
695 1426 824 1450 rerum
861 1412 1120 1449 narrationem
1157 1412 1396 1464 pertineant,
1460 1413 1591 1450 abesse

103 1473 289 1510 maluerit.

773 1592 811 1638 §.
844 1593 909 1633 13.

212 1697 315 1746 Opus
335 1693 610 1743 Herodoteum,
643 1695 754 1747 quale
781 1708 886 1731 nunc
905 1693 1087 1744 legimus,
1117 1693 1157 1730 in
1183 1706 1325 1731 novem
1340 1693 1479 1741 libros,
1521 1693 1590 1745 qui

98 1753 238 1803 singuli
257 1754 452 1789 Musarum
479 1753 696 1789 nominibus
717 1753 883 1802 inscripti
903 1758 1015 1799 sunt,
1054 1750 1217 1787 divisum
1237 1749 1425 1788 videmus.
1482 1750 1589 1796 Quae

99 1816 229 1846 tamen
257 1809 388 1846 divisio
410 1810 456 1845 ab
478 1810 557 1859 ipso
580 1816 732 1846 auctore
751 1822 846 1845 num
868 1809 1034 1860 profecta
1052 1809 1099 1845 sit
1113 1837 1124 1856 ,
1153 1809 1237 1844 iure
1258 1807 1430 1855 dubites3
1462 1819 1588 1859 quan-

100 1864 308 1917 doquidem
328 1866 391 1902 ille
415 1879 615 1917 nunquam
635 1866 802 1916 singulos
820 1866 934 1901 libros
949 1866 1000 1901 ita
1027 1864 1164 1902 divisos
1186 1871 1222 1901 et
1249 1865 1447 1915 inscriptos
1466 1865 1586 1911 novit,

99 1921 167 1959 sed
189 1922 236 1959 ad
256 1923 357 1972 prius
378 1930 528 1959 narrata
547 1923 578 1959 si
593 1924 760 1974 respicit,
791 1918 934 1973 λόγους
954 1922 993 1957 iu
1015 1923 1235 1959 universum
1253 1928 1365 1960 vocat
1392 1922 1471 1958 sive
1492 1917 1588 1967 τούς

99 1975 286 2030 πρώτους
313 1979 391 2016 sive
412 1975 504 2024 τούς
525 1974 652 2018 ὀπίσω
669 2009 679 2026 ,
708 1975 801 2024 τούς
820 1974 964 2018 ὄπίσθε
984 1974 1149 2030 λόγους,
1180 1977 1223 2018 ἐν
1256 1974 1359 2031 ἄλλῳ
1388 1973 1519 2030 λόγῳ,
1549 1983 1588 2013 et

99 2048 198 2086 quae
218 2042 304 2072 sunt
327 2034 385 2072 his
407 2036 544 2072 similia
560 2065 570 2083 ,
606 2037 741 2087 quibus
761 2036 925 2086 singulas
944 2035 1166 2072 narrationis
1185 2041 1332 2085 partes,
1360 2046 1453 2086 quas
1481 2046 1586 2070 nunc

99 2093 308 2128 accuratius
328 2091 518 2129 distinctas
538 2099 574 2129 et
601 2094 796 2129 Musarum
820 2093 976 2129 nomine
997 2098 1145 2128 ornatas
1164 2090 1338 2128 videmus
1351 2119 1363 2138 ,
1395 2091 1464 2127 Ille
1483 2089 1586 2126 indi-

98 2161 184 2184 care
212 2150 318 2186 solet.
374 2150 457 2185 Iam
487 2150 636 2186 monuit
663 2150 895 2199 VVesseling.
920 2149 960 2185 in
983 2148 1149 2186 Praefat.
1172 2149 1209 2193 ξ.
1232 2151 1270 2195 2,
1301 2147 1367 2184 ubi
1395 2145 1586 2198 quaedam

98 2203 241 2242 addidit
278 2203 677 2256 Scluveighaeuserus.
733 2207 798 2243 Tu
825 2204 904 2243 vid.
935 2218 1032 2257 quae
1051 2205 1266 2242 notavimus
1287 2202 1336 2241 ad
1349 2205 1378 2251 1,
1399 2203 1466 2244 75.
1491 2201 1584 2243 105.

97 2261 143 2307 V,
173 2265 225 2302 22
247 2263 331 2299 coll.
346 2263 393 2309 II,
415 2264 482 2302 38.
506 2265 597 2302 161.
616 2263 678 2310 VI,
704 2264 766 2302 19.
793 2263 875 2310 VII,
896 2264 992 2303 213.
1047 2263 1181 2313 Itaque
1212 2273 1322 2309 eam,
1354 2272 1453 2312 quae
1480 2272 1585 2296 nunc

99 2317 244 2353 obtinet
259 2319 443 2355 librorum
463 2326 500 2355 et
521 2317 744 2356 divisionem
773 2326 810 2356 et
830 2319 1125 2370 appellationem
1145 2318 1192 2355 ab
1207 2316 1403 2354 Herodoto
1423 2317 1504 2367 ipso
1524 2316 1585 2352 fa—

100 2379 203 2410 ctam
239 2387 316 2411 esse
345 2388 552 2425 negamus3
591 2377 656 2427 qui
683 2377 714 2413 si
732 2377 831 2412 illius
860 2376 1055 2427 utriusque
1085 2382 1216 2412 auctor
1239 2381 1354 2422 esset,
1380 2386 1465 2410 eam
1482 2379 1585 2410 certe

98 2442 252 2480 quoque
270 2429 510 2471 adhibuisset.
568 2433 840 2484 Appellationis
860 2433 1047 2483 originem
1066 2433 1256 2468 Lucianus
1283 2429 1451 2468 indicare
1474 2428 1585 2466 vide-

98 2493 160 2522 tur
180 2487 219 2521 in
238 2486 378 2526 Herod.
394 2491 431 2527 1.
453 2489 503 2526 T.
519 2490 571 2525 IV
589 2503 629 2540 p.
648 2493 727 2530 117
749 2489 810 2530 ed.
829 2490 915 2540 Bip.
939 2482 989 2528 οὐ
1009 2485 1162 2539 θεατήν
1181 2482 1262 2527 ἀλλ’
1283 2483 1506 2540 ἀγωνιστὴν
1522 2481 1585 2524 '0-

98 2542 280 2591 λυμπίων
307 2548 488 2595 παρεῖχεν
520 2542 662 2585 ἑαυτὸν
679 2574 689 2591 ,
721 2543 831 2601 ᾄδων
850 2544 921 2591 τοές
952 2545 1125 2596 ἱστορίας
1146 2543 1213 2582 καὶ
1241 2546 1376 2594 κηλῶν
1391 2539 1486 2590 τούς
1503 2557 1584 2581 πα-

98 2594 240 2650 ρόντας
255 2628 265 2646 ,
297 2596 386 2652 ἄχρι
404 2603 475 2640 τοῦ
493 2600 560 2640 καὶ
580 2601 755 2651 Μούσας
776 2604 980 2655 κληθῆναι
1008 2599 1078 2649 τοὶς
1101 2601 1266 2654 βίβλους
1292 2595 1437 2646 αὐτοῦ,
1467 2597 1585 2640 ἐννέα

95 2841 163 2877 pag
186 2787 344 2868 ’1)430οηῐ.
378 2790 463 2823 nott.
497 2789 541 2824 ad
573 2790 635 2833 111,
667 2791 722 2829 80.
746 2791 792 2826 Τ.
817 2792 851 2826 11
874 2802 954 2837 pag.
980 2790 1045 2826 144
1067 2800 1139 2835 seq.
1164 2792 1200 2824 et
1223 2788 1265 2823 ad
1289 2788 1334 2832 V,
1359 2788 1416 2823 78.
1449 2788 1496 2823 T.
1528 2787 1580 2821 111
