1839 3292
62 955 212 985 Numerus
237 962 266 986 et
291 969 340 988 ar-

62 995 182 1019 matura.
204 994 339 1023 militum.

394 177 479 218 25⁰

365 292 388 327 7
404 286 495 336 δέες
521 283 812 338 τετρακόσιοι·
841 282 1010 326 τούτων
1026 282 1093 330 δὲς
1127 282 1481 338 Ἀμπρακιητέων
1496 296 1650 339 πεντη-
1705 289 1784 329 706

789 173 1247 212 HERODOTI

392 353 537 398 κόσιοι
569 351 686 408 μετὰ
708 352 752 394 δὲ
777 350 969 401 τούτους,
984 352 1240 393 Λευκαδίων
1255 352 1327 394 καὶ
1352 349 1651 406 Ἀνακτορίων
1663 358 1705 394 21

394 419 643 465 ὀκτακόσιοι
674 419 876 462 ἕστασαν·
925 418 1095 462 τούτων
1136 418 1182 461 δὲ
1216 417 1426 473 ἐχόμενοι,
1473 420 1649 471 Παλέες,

363 496 384 530 8
398 491 441 532 οἱ
461 488 507 531 έκ
521 489 822 543 Κεφαλληνίης
833 485 1058 542 διηκόσιοι.
1089 486 1194 543 μετὰ
1212 486 1258 528 δὲ
1276 485 1460 536 τούτους
1473 489 1651 543 Αἰγινη-

391 556 500 599 τέων
528 555 806 611 πεντηκόσιοι
834 555 1087 611 ἐτάχθησαν.
1145 555 1263 608 παρὰ
1312 554 1358 597 δὲ
1393 553 1577 605 τούτους
1614 555 1705 597 ἐ-25

363 624 608 667 9τάσσοντο
639 625 881 680 Μεγαρέων
908 625 1145 679 τρισχίλιοι.

1203 625 1368 677 εἴχοντο
1398 622 1443 666 δὲ
1470 621 1653 676 τούτων,

393 691 630 742 Πλαταιέες
658 691 884 742 ἑξακόσιοι.
940 696 1178 734 τελευταῖοι
1208 692 1253 734 δὲ
1290 691 1363 734 καὶ
1390 694 1555 745 πρῶτοι
1583 689 1649 734 'A-

393 765 574 816 θηναῖοι
603 759 989 815 έτάσσοντο,κέρας
1013 761 1178 815 ἔχοντες
1207 759 1254 802 τό
1270 757 1514 813 εὐώνυμον,
1527 758 1651 803 ὀκτα-

393 830 615 884 κισχίλιοι·
673 826 926 884 ἐστρατήγεε
967 827 1002 871 δ’
1031 827 1177 871 αὐτῶν
1210 826 1479 883 Ἀριστείδης
1502 825 1525 870 ὁ
1557 832 1649 871 Λυ-

277 896 343 941 29
402 895 597 950 σιμάχου.
655 890 805 946 Οὗτοι,
843 897 954 952 πλὴν
982 900 1070 938 τῶν
1104 896 1207 939 ἑπτὰ
1247 896 1344 950 περὶ
1381 895 1565 939 ἕκαστον
1593 902 1705 939 ‘ce-30

333 1182 417 1222 bus.
437 1183 607 1219 Retinuit
616 1188 744 1219 tamen
752 1190 837 1234 post
847 1181 995 1221 Sohae-

335 1238 463 1275 ferum
481 1238 678 1280 Matthiae.

391 1313 742 1371 Ἀμπρακιητέων]
772 1320 829 1356 De
843 1320 993 1356 Ambra-

337 1376 438 1412 ciotz's
468 1376 570 1412 conf.
604 1377 703 1424 VIII,
724 1375 791 1421 45,
822 1375 868 1413 de
889 1377 994 1414 Leu-

336 1432 451 1469 cadiis
462 1431 637 1480 V111‚45.
657 1433 723 1474 47.
752 1435 993 1482 Anactorium,

334 1488 439 1525 unde
471 1491 679 1539 Anactorii,
720 1503 742 1527 a
792 1489 994 1527 Corinthiis

336 1546 430 1582 olim
452 1546 649 1584 conditum
683 1554 719 1584 et
756 1556 887 1599 postea
917 1549 994 1585 Co-

335 1601 483 1640 rinthiis
510 1610 623 1656 atque
645 1605 862 1656 Corcyraeis
885 1619 994 1644 com-

336 1671 479 1708 mune,
540 1663 637 1698 mari
693 1661 889 1700 adiacebat
944 1662 993 1700 ad

335 1717 476 1753 ostium
504 1718 607 1755 sinus
636 1720 872 1765 Ambracici,
917 1733 993 1771 quo

335 1773 420 1811 loco
447 1787 551 1812 nunc
570 1775 649 1812 fere
668 1777 782 1812 situm
803 1790 882 1814 esse
898 1775 995 1814 dici-

336 1836 400 1867 tur
429 1831 613 1882 oppidum
652 1832 819 1874 l‘onizza.
890 1835 993 1870 Ante

333 1887 424 1924 belli
463 1889 778 1940 Peloponnesiaci
820 1897 994 1941 tempora

334 1944 376 1980 in
399 1944 683 1982 Corinthiorum
711 1946 862 1984 devenit
881 1955 994 1998 pote-

335 2007 493 2048 statem,
522 2002 588 2039 sed
608 2016 701 2040 mox
722 2004 768 2040 ab
782 2002 994 2040 Athenien-

334 2058 436 2094 sibus
457 2066 566 2109 capta
590 2060 636 2096 ab
654 2073 697 2097 eo
720 2060 809 2097 inde
821 2067 992 2112 tempore

334 2116 457 2164 magis
478 2117 676 2168 magisque
707 2116 892 2165 decrevit,
923 2117 994 2154 do—

335 2184 407 2207 nec
427 2173 627 2224 Nicopolin
648 2175 787 2211 incolas
807 2175 995 2211 transtulit

341 2229 549 2278 Augustus.
606 2232 740 2282 Neque
762 2233 990 2281 enimlonge

335 2282 427 2322 hinc
472 2285 582 2323 distat
618 2287 771 2334 Actium,
808 2287 908 2340 quod
944 2287 992 2324 ad

334 2341 449 2392 ipsius
470 2344 666 2379 Anactorii
696 2343 879 2380 ditionem
899 2345 991 2381 olim

334 2400 528 2449 pertinuit.
567 2401 677 2437 Conf.
698 2402 886 2438 Mannert.
905 2402 993 2438 VIII

335 2469 373 2505 p.
397 2459 450 2497 67
472 2470 548 2509 seq.
606 2459 740 2510 Poppo
765 2457 814 2496 ad
832 2457 992 2512 Thucy-

336 2511 413 2549 did.
434 2515 463 2562 l,
480 2517 506 2555 2
526 2528 566 2566 p.
588 2515 682 2556 150.

377 2607 528 2655 Παλέες
538 2607 580 2647 οἵ
589 2605 631 2646 ἐκ
643 2605 991 2658 Κεφαλληνίηςᾙι]

337 2661 583 2714 Cephallenia
602 2663 725 2701 insulsi
748 2671 879 2716 quarta
899 2666 988 2704 urbs

333 2727 491 2757 vocatur
526 2716 656 2771 Πάλη,
696 2723 852 2773 eiusque
890 2723 990 2760 cives

335 2779 482 2825 Παλεῖς
500 2791 531 2816 s.
545 2779 672 2815 Ionice
695 2778 845 2826 Παλέες
865 2786 903 2818 et
917 2781 989 2817 At-

396 964 619 1019 ταγμένων
644 962 957 1021 Σπαρτιήτῃσι,
986 960 1099 1020 ἦσαν
1127 963 1317 1008 ὁπλῖται·
1378 963 1650 1016 συνάπαντες

1048 1184 1123 1222 tice
1154 1187 1313 1237 Παλῆς,
1354 1192 1395 1223 ut
1419 1184 1520 1236 apud
1541 1183 1706 1237 Thucy-

1050 1240 1129 1278 did.
1149 1244 1179 1289 I,
1201 1246 1253 1284 27
1271 1243 1356 1280 coll.
1375 1243 1503 1280 Wass.
1526 1241 1574 1280 ad
1595 1241 1706 1279 Thu-

1050 1298 1137 1349 cyd.
1160 1301 1206 1346 II,
1228 1303 1293 1347 30,
1314 1301 1483 1351 itemque
1515 1301 1707 1347 Παλαιεῐς

1048 1355 1151 1406 apud
1171 1357 1306 1408 Polyb.
1326 1357 1371 1405 V,
1389 1360 1412 1396 3
1435 1357 1472 1401 §.
1496 1354 1521 1395 4
1542 1357 1643 1404 (coll.
1659 1356 1704 1405 V,

1049 1413 1089 1454 5·
1127 1412 1226 1462 10),
1258 1414 1323 1449 ubi
1352 1413 1454 1451 conf.
1484 1411 1707 1463 Schweigh.

1050 1468 1335 1506 Corinthiorum
1365 1471 1554 1507 coloniam
1576 1468 1708 1507 dicunt

1049 1527 1163 1563 fuisse
1193 1525 1291 1564 hanc
1321 1528 1478 1574 urbem,
1509 1528 1632 1576 sitam,
1663 1533 1707 1564 ut

1051 1584 1299 1631 arbitrantur,
1330 1597 1448 1635 prope
1474 1585 1603 1621 vicum
1639 1584 1707 1621 Li-

1049 1643 1153 1690 xuri,
1184 1642 1250 1678 ubi
1279 1640 1403 1678 adhuc
1435 1642 1546 1678 unius
1585 1642 1707 1678 ferme

1049 1696 1167 1734 horae
1196 1699 1393 1736 intervallo
1426 1701 1559 1735 ruinae
1587 1711 1707 1750 quae-

1051 1753 1139 1791 dam
1148 1768 1341 1805 superesse
1354 1755 1532 1792 dicuntur
1551 1757 1707 1793 nomine

1049 1812 1158 1848 solito
1190 1812 1477 1849 Pellaeo-Castro
1505 1826 1534 1850 s.
1563 1812 1708 1850 Palz'chi

1050 1870 1236 1919 cognitae.
1272 1869 1383 1906 Conf.
1404 1871 1706 1920 Mannert.VIII‚

1049 1939 1087 1976 p.
1109 1927 1176 1966 91.
1204 1927 1338 1976 Poppo
1359 1928 1388 1972 I,
1409 1929 1436 1967 2
1456 1941 1493 1977 p.
1521 1927 1611 1968 153.

1103 1977 1378 2033 Ἀριστείδης]
1421 1985 1590 2020 Pertinet
1629 1981 1706 2021 huc

1049 2038 1245 2075 Plutarchi
1265 2040 1368 2076 locus
1388 2041 1428 2076 in
1448 2039 1600 2079 Aristid.
1622 2053 1707 2091 cap.

1053 2098 1099 2134 11
1116 2097 1324 2143 scribentis,
1347 2096 1551 2134 Aristidem
1563 2095 1611 2133 ad
1623 2097 1706 2133 bel-

1048 2152 1130 2188 lum
1151 2153 1263 2189 luisse
1281 2154 1444 2189 electum
1464 2149 1707 2203 αὐτοκράτο-

1049 2211 1307 2261 pa,assu1111is
1337 2216 1421 2245 octo
1451 2211 1555 2246 mille
1581 2211 1706 2260 gravis

1049 2272 1262 2302 armaturae
1291 2267 1484 2306 militibus.
1542 2267 1592 2303 Et
1612 2279 1706 2303 con-

1048 2322 1106 2358 fer
1124 2323 1171 2359 sis
1185 2335 1338 2375 quoque
1355 2322 1594 2361 Herodotum
1604 2324 1703 2372 VIII,

1048 2381 1117 2420 79.

1248 2469 1340 2521 cap.
1361 2470 1510 2507 xxrx.

1104 2546 1380 2601 συνάπαντες]
1419 2553 1476 2588 Ita
1505 2565 1526 2588 e
1556 2549 1704 2588 duobus

1047 2606 1158 2646 codd.
1191 2609 1327 2646 merito
1375 2615 1596 2645 revocatum
1632 2620 1702 2658 pro

1047 2661 1284 2714 σύμπαντες.
1315 2665 1403 2703 vid.
1432 2667 1461 2713 I,
1484 2663 1577 2706 134.
1610 2666 1701 2704 178.

1044 2722 1126 2769 ΥΠ,
1170 2724 1258 2762 187.
1324 2722 1386 2759 Ad
1435 2727 1701 2772 argumentum

1044 2779 1119 2817 loci
1151 2779 1248 2817 bene
1273 2780 1325 2818 sic
1365 2779 1600 2818 Valcken:
1632 2779 1703 2827 „Iu
