1839 3292
268 1179 334 1224 32
391 1178 499 1229 τούς
524 1177 799 1235 Ἀθηναίους.

67 1242 180 1277 Quibus
198 1251 232 1272 ex
249 1253 342 1280 popu-

65 1278 102 1305 lis
113 1279 343 1306 conflatueuar-

66 1311 146 1339 donii
166 1313 314 1340 exercitus

65 1350 253 1381 quantusque
278 1347 343 1374 eius

64 1384 134 1408 tunc
151 1388 304 1410 numerus.

391 187 483 230 :254

794 187 1260 227 HERODOTI

390 296 645 352 Ἑρμιονέας
684 312 729 340 τε
762 297 838 340 καὶ
870 295 1135 350 Ἐρετριέας,
1178 297 1252 340 καὶ
1290 298 1489 353 Στυρέας
1517 315 1561 343 τε
1589 301 1662 344 καὶ

396 365 653 414 Χαλκιδέας.
710 363 857 406 Ἰνδῶν
896 363 942 407 δὲ
987 364 1221 419 ἐχομένους
1248 365 1399 417 Σάκας
1429 368 1568 420 ἔταξε·
1618 371 1718 412 οἳΊΟ

389 434 574 489 ’ἐπέσχον
599 431 914 488 Ἀμπρακιήτας
930 447 974 475 τε
1003 432 1078 475 καὶ
1105 430 1424 486 Ἀνακτορίους,
1454 437 1529 478 καὶ
1552 440 1662 480 Λευ-

371 503 609 551 7καδίους,
651 500 725 544 καὶ
755 500 947 551 Παλέας,
985 500 1060 543 καὶ
1097 499 1344 556 Αἰγινήτας.
1402 504 1586 546 Σακέων
1616 504 1663 548 δὲ

397 569 634 626 ἐχομένους
664 567 780 620 ἔταξε
811 566 938 611 ἀντία
963 567 1210 624 Ἀθηναίων
1235 584 1279 611 τε
1308 569 1380 611 καὶ
1406 570 1662 613 Πλαταιέων

397 637 472 681 καὶ
503 635 743 691 Μεγαρέων
773 635 996 688 Βοιωτούς
1034 652 1079 679 τε
1109 637 1182 680 καὶ
1212 636 1425 691 Λοκρούς,
1455 638 1529 680 καὶ
1558 641 1663 694 Μη-

369 703 516 756 8λιέας
550 720 593 747 τε
622 706 694 746 καὶ
729 706 1000 756 Θεσσαλούς,
1031 705 1103 747 καὶ
1136 705 1325 747 Φωκέων
1354 705 1456 756 τούς
1483 707 1661 760 χιλίους.

402 771 459 816 οὐ
478 771 562 827 γὰρ
595 766 658 814 οἷν
690 771 876 822 ἅπαντες
907 774 949 816 οἱ
984 773 1155 823 Φωκέες
1185 772 1393 827 ἐμήδισαν
1415 770 1524 816 ἀλλά
1553 780 1717 824 τινες75

399 839 546 883 αὐτῶν
586 839 659 882 καὶ
703 839 754 881 τὰ
779 839 994 896 Ἑλλήνων
1023 836 1184 896 ηὖξον,
1227 841 1326 894 περὶ
1354 840 1433 884 τὸν
1463 845 1664 897 Παρνησ-

399 907 480 952 σὸν
509 906 828 962 κατειλημένοι·
859 909 932 951 καὶ
961 908 1164 952 ἐνθεῦτεν
1193 906 1474 964 ὁρμεεόμενοι,
1504 909 1663 965 ἔφερόν

395 991 443 1019 τε
471 975 545 1018 καὶ
574 970 685 1030 ἦγον
714 975 795 1030 τήν
833 991 879 1018 τε
909 977 1178 1030 Μαρδονίου
1212 977 1416 1033 στρατιήν
1455 978 1530 1020 καὶ
1558 976 1663 1027 τούς

395 1041 483 1099 μετ’
512 1041 653 1085 αὐτοῦ
684 1041 836 1094 ἐόντας
862 1041 1092 1099 Ἑλλήνων.
1136 1044 1251 1095 ἔταξε
1283 1046 1328 1087 δὲ
1357 1046 1431 1088 καὶ
1457 1043 1719 1089 Μακεδό-80

394 1125 476 1161 νας
517 1126 562 1153 τε
606 1110 681 1153 καὶ
716 1110 820 1162 τούς
854 1110 952 1164 περὶ
995 1112 1236 1167 Θεσσαλίην
1267 1113 1526 1168 οἰκημένους
1553 1112 1664 1156 κατὰ

863 1181 1011 1222 Ταῦτα
1041 1177 1119 1233 μὲν
1148 1182 1238 1222 τῶν
1275 1179 1441 1223 ἐθνέων
1470 1178 1522 1223 τὰ
1547 1180 1664 1236 μέγι-

401 1257 480 1289 στα
493 1243 734 1302 ὀνόμασται
752 1251 841 1290 τῶν
852 1246 938 1290 ὑπὸ
960 1249 1226 1301 Μαρδονίου
1248 1248 1507 1303 ταχθέντων,
1519 1246 1571 1291 τά
1583 1264 1663 1302 περ

371 1313 724 1369 Ξέπιφανέστατά
752 1332 795 1358 τε
823 1311 879 1371 ἦν
908 1315 981 1357 καὶ
1008 1314 1143 1371 λόγου
1174 1317 1391 1358 πλείστου.
1436 1315 1595 1371 ἐνῆσαν
1618 1316 1664 1358 δὲ

401 1382 475 1426 καὶ
511 1380 654 1425 ἄλλων
693 1383 857 1426 ἐθνέων
886 1382 1041 1436 ἄνδρες
1073 1381 1430 1438 ἀναμεμιγμένοι,
1477 1386 1720 1439 Φρυγῶν85

397 1466 442 1493 τε
478 1450 552 1493 καὶ
595 1452 811 1506 Θρηίκων,
854 1451 927 1495 καὶ
957 1455 1131 1494 Μυσῶν
1161 1467 1205 1494 τε
1235 1451 1309 1494 καὶ
1339 1450 1559 1505 Παιόνων,
1590 1451 1665 1495 καὶ

401 1521 492 1561 τῶν
523 1516 689 1561 ἄλλων·
721 1518 768 1562 ἐν
799 1519 866 1573 δὲ,
897 1520 971 1563 καὶ
999 1517 1231 1563 Αἰθιόπων
1259 1534 1304 1562 τε
1319 1519 1391 1563 καὶ
1411 1521 1665 1574 Αἰγυπτίων

400 1754 604 1806 Βοιωτούς
649 1773 689 1798 τε
720 1758 788 1798 καὶ
817 1756 1005 1811 Λοκρούς

342 1815 411 1856 καὶ
444 1813 659 1868 ΠΙηλιέας]
698 1815 785 1853 Yid.
815 1817 913 1863 Vm,
936 1819 1004 1857 66.

341 1875 400 1910 De
440 1872 632 1910 Thessalis
670 1873 751 1922 regi
791 1873 1004 1910 faventibus

342 1931 424 1976 VII,
448 1933 523 1970 172
533 1943 611 1982 seq.
628 1930 726 1977 VIII,
741 1932 814 1978 303
846 1929 893 1966 de
906 1929 1004 1967 Pho-

343 1987 501 2024 censibus
529 1989 599 2034 IX,
635 1989 698 2026 17.
734 1988 794 2025 18.
830 2008 886 2014 —
941 1986 1004 2023 Ad

343 2045 505 2080 verbum
516 2040 788 2093 κατειλημένοι
805 2044 852 2091 (ἱ.
869 2057 902 2080 e.
915 2056 1006 2080 com-

342 2100 461 2151 pulsi,
494 2100 675 2149 conclusi)
704 2098 780 2136 vid.
814 2101 912 2147 VIII,
937 2103 1003 2141 27.

344 2158 420 2201 IX,
446 2158 513 2196 70.
555 2157 669 2193 Cuius
692 2157 776 2193 loco
803 2156 906 2208 quod
928 2156 1004 2193 duo

346 2212 625 2250 codd.afferunt
641 2212 953 2264 κατειλημμένοι,
964 2212 1004 2250 id

344 2271 447 2306 male
474 2277 602 2306 tuetur
631 2271 714 2306 Gaii
729 2271 784 2305 Le
800 2270 931 2320 philol.
953 2270 1004 2307 IV

343 2339 384 2377 p.
408 2326 488 2367 354
504 2340 584 2378 seq.
607 2333 720 2378 atque
733 2326 871 2363 eodem
889 2339 1004 2363 sensu

346 2395 423 2434 quo
444 2378 759 2434 α’πολελαμμένοι
773 2385 864 2434 poni
884 2390 1005 2434 putat.

404 2435 546 2491 ἔφερόν
565 2454 604 2478 τε
622 2438 688 2478 καὶ
713 2433 833 2491 ἦγον]
857 2442 914 2476 De
933 2439 1005 2476 hac

347 2496 540 2533 locutione
573 2495 651 2533 vid.
685 2498 762 2533 citt.
788 2497 835 2533 ad
864 2499 929 2544 111,
952 2497 1004 2536 39

348 2552 414 2590 fin.
471 2553 596 2589 Verba
616 2550 708 2600 τούς
734 2553 821 2604 περὶ
855 2556 1006 2593 Θεσσα-

347 2608 435 2657 λίην
461 2608 695 2660 οἰκημένους
724 2613 844 2661 attigit
873 2608 1006 2647 Matth.

336 2665 416 2700 ·Gr.
438 2666 500 2703 Gr.
523 2669 557 2711 ξ.
583 2667 674 2714 589,
697 2681 727 2703 c.
750 2681 787 2717 p.
809 2670 925 2708 1177.
955 2668 1006 2703 Et

338 2728 449 2757 'recte
471 2724 566 2758 Gail.
587 2724 612 2760 l.
635 2724 658 2761 l.
682 2737 768 2774 pag.
791 2726 869 2764 291
893 2724 1006 2760 intel-

346 2777 440 2815 lexit
483 2778 689 2818 Thessaliae
727 2781 875 2829 incolas,
917 2781 1005 2818 dans

1062 1759 1232 1797 l'e'temlue
1263 1759 1364 1797 dela
1398 1759 1434 1797 T
1432 1760 1587 1798 leessalz'e.
1627 1759 1721 1798 Μά-

1063 1817 1201 1855 cedones
1231 1824 1359 1853 autem
1394 1818 1639 1867 probabiliter
1666 1819 1721 1854 illi

1061 1881 1167 1921 sunt,
1199 1875 1264 1925 qui
1284 1874 1551 1911 Alexandrum
1583 1887 1723 1926 seque-

1061 1932 1221 1977 bantur,
1280 1943 1396 1982 quem
1439 1932 1480 1967 iu
1519 1933 1723 1968 Persarum

1061 1988 1230 2024 exercitu
1242 1988 1405 2024 vidimus
1415 1989 1495 2034 VII,
1512 1990 1604 2029 137.
1621 1989 1721 2035 VIII,

1063 2045 1143 2084 140
1163 2058 1243 2095 seq.
1275 2045 1361 2081 coll.
1382 2047 1450 2092 IX,
1466 2044 1534 2085 44.
1580 2046 1679 2080 Nam
1701 2057 1723 2080 a

1060 2100 1261 2137 Mardonio
1283 2103 1359 2137 iam
1372 2103 1494 2138 Persis
1514 2101 1619 2137 fuere
1630 2102 1724 2138 sub-

1060 2159 1148 2194 iecti
1171 2158 1275 2193 Darii
1304 2159 1419 2206 iussu,
1448 2165 1490 2194 ut
1509 2158 1623 2195 refert
1641 2160 1722 2195 No-

1059 2221 1135 2252 ster
1156 2214 1219 2262 VI,
1239 2212 1308 2253 44.

1244 2336 1337 2387 Cap.
1367 2338 1533 2375 XXXII.

1122 2440 1310 2490 Φρυγῶν]
1341 2441 1397 2475 De
1420 2439 1621 2490 Phrygibus
1640 2437 1719 2475 vid.

1061 2497 1142 2541 VH,
1173 2500 1243 2542 733
1299 2496 1346 2531 de
1397 2496 1598 2533 Thracibus
1637 2497 1718 2543 vll,

1066 2554 1166 2599 1853
1216 2552 1262 2589 de
1297 2552 1415 2603 DIyse's
1455 2554 1498 2601 V,
1538 2553 1612 2597 743
1672 2552 1720 2588 de

1063 2609 1259 2647 Paeonibus
1279 2611 1358 2656 VII,
1383 2609 1484 2656 1853
1507 2608 1554 2646 de
1574 2609 1720 2646 Aethio-

1058 2668 1163 2716 pibus
1185 2667 1262 2713 vll,
1286 2669 1351 2707 69.
1375 2669 1447 2713 703
1468 2666 1516 2702 de
1534 2667 1720 2716 Aegyptiis

1062 2725 1141 2769 vu,
1163 2725 1229 2763 89.
1288 2725 1485 2759 Pertineut
1518 2721 1605 2767 huc,
1638 2722 1721 2771 opi-

1061 2793 1144 2829 nor,
1174 2778 1356 2833 Aeqchyli
1381 2780 1498 2819 verba
1523 2780 1564 2815 in
1595 2779 1720 2816 Persis
