1839 3292
423 231 506 272 132

422 338 556 395 σμόν,
586 339 666 383 τόν
695 356 738 383 τε
769 339 901 382 ἄλλον
930 339 1070 382 πάντα
1103 338 1181 382 τὸν
1208 341 1306 393 περὶ
1335 344 1410 398 τῆς
1437 341 1679 397 ναυμαχίης
1736 347 1819 391 664

818 233 1282 270 HERODOTI

419 407 576 462 ταύτης
621 407 847 461 εἰρημένον
877 406 1032 449 Βάκιδι
1062 407 1136 449 καὶ
1166 410 1396 465 Μουσαίῳ,
1429 409 1502 452 καὶ
1536 407 1588 464 δή
1612 409 1683 451 καὶ

417 474 526 518 κατα
557 473 610 516 τὰ
639 473 830 529 ναυήγια
859 473 911 516 τοὶ
941 475 1076 532 ταύτῃ
1108 475 1398 530 ἐξενειχθέντα
1425 475 1474 519 τὸ
1514 477 1739 531 εἰρημέ-ΞΟ

419 558 501 586 νον
530 545 728 585 πολλοῖσι
758 542 867 585 ἔτεσι
895 543 1111 596 πρότερον
1141 543 1312 585 τούτων
1334 543 1380 586 ἐν
1399 548 1576 601 χρησμῷ
1596 548 1682 588 Λυ-

418 608 630 667 σιστράτῳ
661 609 896 667 Ἀθηναίῳ,
927 609 1057 667 ἀνδρὶ
1081 608 1376 667 χρησμολόγῳ,
1408 609 1457 654 vd
1487 610 1682 668 ἐλελήθεε

417 677 584 729 πάντας
613 677 718 728 τούς
736 677 946 734 Ἕλληνας
961 693 970 702 ·

590 779 778 820 Κωλιάδες
802 779 839 815 ὁὲ
865 784 1031 825 γυναῖκες
1056 778 1234 825 ἐρετμοῖσι
1259 780 1440 824 φρίξουσι.

421 874 554 914 τοῦτο
586 870 631 914 δὲ
661 871 802 928 ἔμελλε
832 865 1125 924 ἄᾶτελάσαντος
1155 872 1354 930 βασιλέος
1387 872 1576 916 ἔσεσθαι.
1640 932 1645 933 ⁷

359 1014 558 1065 pertineat,
574 1011 622 1049 ad
642 1013 779 1048 Ionum
800 1025 1018 1048 sermonem

365 1083 517 1123 quoque
529 1068 835 1120 pertinuerit.Cui
848 1070 894 1105 ita
909 1069 1018 1105 oblo-

363 1129 490 1178 quitur
505 1124 636 1162 Matth.
651 1125 713 1163 Gr.
737 1125 802 1161 Gr.
823 1125 1019 1174 p.535,ut

360 1197 399 1220 se
420 1184 628 1230 intelligere
646 1193 754 1230 posse
784 1187 920 1230 neget,
952 1193 1018 1216 cur

360 1240 522 1276 neutrali
541 1250 653 1274 sensu
688 1236 782 1273 illud
809 1237 928 1287 accipi
949 1236 1019 1272 de-

360 1296 462 1342 beat,
496 1307 585 1331 cum
606 1294 715 1330 facile
750 1307 769 1329 e
791 1295 1016 1344 praegressis

358 1353 591 1398 subiectum,
637 1364 674 1386 v.
702 1364 734 1388 c.
767 1348 814 1388 τοὶ
843 1346 1018 1401 ναυήγια

356 1405 407 1447 τοὶ
427 1407 491 1448 ἐπὶ
513 1404 586 1458 τήν
602 1402 724 1458 η’ϊόνα
742 1402 940 1458 φερόμενα
957 1407 1017 1443 vel

356 1462 425 1505 τόν
470 1461 618 1515 ἄνεμον
653 1460 722 1502 τόν
750 1461 796 1501 τοὶ
840 1460 1015 1514 ναυήγια

358 1520 532 1571 φέροντα
561 1520 727 1570 suppleri
763 1522 892 1570 possit.
935 1523 1013 1557 Nec

357 1579 466 1615 aliter
483 1578 611 1614 statuit
634 1575 857 1613 Larcherus.
881 1598 929 1605 —-
970 1578 1015 1612 In

355 1647 462 1686 seqq.
480 1632 527 1670 de
546 1633 682 1670 Bacide
701 1633 800 1670 conf.
821 1634 926 1681 VIII,
949 1635 1015 1681 20,

357 1690 405 1728 de
427 1690 577 1728 Musaeo
593 1691 681 1736 VII,
721 1692 746 1730 7
775 1697 811 1726 et
847 1689 895 1726 ad
928 1703 1015 1726 ver-

355 1749 449 1785 bum
470 1744 738 1796 ἐξενειχθέντα
752 1753 846 1783 nott.
857 1746 904 1783 ad
916 1747 1014 1793 VIII,

357 1804 426 1845 49.
483 1804 629 1841 Vocem
651 1799 922 1856 χρησμολόγον
943 1816 1013 1839 ex-

354 1860 578 1911 plicavimus
594 1859 643 1896 ad
662 1860 749 1908 VH,
781 1862 821 1901 6.

413 1913 618 1962 Κωλιάδες
634 1914 677 1955 δὲ
697 1920 881 1968 γυναῖκες
910 1914 1015 1966 ἐρετ-

356 1976 468 2024 μοῖσι
487 1970 696 2024 φρίξυυσι]
729 1975 841 2010 Hunc
864 1986 1014 2010 versum

353 2029 463 2066 affert
482 2030 619 2067 Strabo
639 2030 696 2065 IX
718 2044 755 2080 p.
778 2032 858 2070 398
884 2043 912 2067 s.
934 2032 1010 2069 611

354 2087 403 2125 Α.
442 2085 617 2125 Eustath.
649 2085 696 2122 ad
726 2089 880 2124 Homer.
911 2087 953 2122 Il.
975 2100 1013 2136 p.

354 2141 458 2191 284,
497 2141 550 2183 24
593 2157 622 2181 s·
664 2144 766 2192 215,
819 2145 868 2182 18
907 2144 1014 2178 Bas.:

354 2200 395 2235 iu
435 2200 571 2251 quibus
620 2212 740 2250 aeque
798 2206 912 2250 atque
973 2200 1012 2235 in

352 2255 539 2292 Herodoti
594 2256 678 2292 loco
734 2263 854 2292 exstat
917 2256 1012 2304 φρί-

352 2313 477 2359 ξουσι,
498 2311 601 2361 quod
621 2313 658 2347 in
672 2309 868 2362 φρύξουσι
885 2319 1013 2347 muta-

353 2376 435 2406 tum
458 2368 577 2406 voluit
597 2369 717 2405 Koen.
736 2368 782 2404 ad
796 2370 956 2404 Pausan.
980 2369 1009 2414 Ι,

355 2428 375 2464 1
421 2426 457 2470 ξ.
499 2425 542 2463 4;
605 2426 664 2461 cui
703 2432 831 2475 postea
871 2425 1011 2461 assensi

351 2488 439 2517 sunt
457 2482 701 2531 VVesseliug„
746 2480 1008 2527 Valckenaer„

350 2537 530 2576 Larclier.
578 2538 664 2588 (qui
690 2539 833 2575 Gallice
863 2538 1005 2575 reddit:

344 2592 467 2641 ferunt
535 2595 660 2643 griller
734 2595 864 2645 Toup.
930 2594 1006 2642 (ad

352 2649 460 2686 Suid.
498 2650 688 2688 Emendd.
729 2654 746 2688 I
778 2664 865 2702 pag.
905 2652 1005 2698 213)

352 2703 567 2753 Schaefen,
603 2710 666 2758 qui
688 2707 760 2745 hoc
790 2722 879 2745 cum
900 2706 1005 2744 Bek-

350 2759 434 2800 ker.
460 2769 495 2798 et
513 2764 643 2811 Negris
664 2766 701 2800 in
726 2772 875 2802 textum
900 2778 1006 2801 rece-

349 2818 417 2868 pit.
478 2818 508 2857 C
516 2832 547 2861 r.
570 2818 656 2870 ¹huc
678 2822 839 2859 conferri
859 2822 940 2861 vult
959 2823 1006 2860 A.

1691 877 1738 912 25

1073 1012 1200 1064 Nibby
1230 1012 1372 1063 Saggio
1405 1010 1443 1049 di
1476 1009 1737 1048 Osservazioni

1076 1068 1232 1105 critic-he
1255 1100 1264 1116 ‚
1319 1066 1584 1119 geografiche,
1639 1067 1738 1103 anti-

1076 1127 1205 1176 quarie
1239 1138 1349 1174 sopra
1386 1124 1575 1162 Pausania
1607 1125 1736 1167 (Rom.

1080 1182 1202 1227 1817)
1223 1194 1310 1231 pag.
1331 1180 1396 1221 43.
1437 1178 1629 1232 Equidem
1647 1193 1737 1217 cum

1075 1237 1190 1273 Gaisf.
1206 1239 1379 1274 revocavi
1392 1238 1583 1289 φρίξουσι
1594 1266 1602 1281 ,
1623 1249 1737 1286 prae-

1077 1301 1190 1330 eunte
1203 1292 1437 1343 Scliweigh„
1461 1295 1526 1345 qui
1545 1294 1585 1329 in
1597 1293 1732 1329 Latina

1073 1351 1383 1400 interpretatione
1437 1350 1532 1387 haec
1589 1347 1729 1386 habet:

1073 1406 1264 1454 „Colz'ades
1313 1407 1473 1444 mulieres
1519 1408 1621 1443 remis
1658 1409 1733 1443 ter-

1071 1464 1238 1500 rebuntur
1293 1463 1389 1512 (sive
1441 1465 1566 1514 potius
1629 1463 1733 1499 remis

1063 1519 1234 1569 frixurae
1254 1521 1382 1566 ,ςιιηΐγι
1412 1521 1469 1556 Αο
1492 1519 1640 1556 dudum
1661 1531 1734 1555 an·-

1072 1583 1132 1612 tea
1162 1577 1392 1627 WVesseling.
1420 1578 1516 1614 Diss.
1546 1574 1729 1613 Herodot.

1071 1634 1129 1669 XI
1157 1647 1195 1683 p-
1215 1636 1314 1674 202.
1342 1633 1529 1685 φρίξουσι
1557 1632 1732 1683 ἐρετμοῖς

1071 1691 1337 1740 interpretatus
1381 1697 1486 1726 erat:
1533 1689 1730 1737 horrebunt,

1072 1759 1139 1783 seu
1180 1747 1367 1783 vocabulo
1408 1746 1590 1782 Afrorum
1637 1746 1731 1782 olim

1072 1815 1143 1839 usu
1172 1804 1279 1850 trito,
1324 1803 1604 1853 horrz'pilabunt,
1643 1803 1730 1839 visis

1070 1866 1127 1896 tot
1164 1861 1276 1896 remis
1316 1872 1587 1911 remorumque
1624 1858 1730 1908 frag-

1071 1917 1231 1963 mentis,
1270 1915 1318 1952 ad
1349 1916 1546 1953 Coliadem
1581 1916 1729 1952 Atticae

1070 1974 1219 2009 marino
1254 1972 1370 2009 fluctu
1409 1972 1586 2010 devectis.
1633 1973 1729 2009 Miot

1071 2028 1164 2066 haec
1188 2030 1338 2066 Gallicis
1358 2031 1479 2067 verbis
1498 2031 1550 2067 ita
1571 2041 1729 2080 expres-

1071 2088 1143 2123 sit:
1179 2086 1228 2122 les
1243 2086 1388 2135 semme-5
1430 2087 1479 2124 du
1517 2089 1643 2134 rivage
1685 2085 1728 2122 de

1079 2143 1198 2179 Colias
1212 2143 1332 2192 ferent
1351 2145 1446 2180 cuire
1457 2144 1549 2181 leurs
1567 2144 1727 2180 alz’ments

1070 2212 1118 2236 au
1148 2199 1216 2249 feu
1246 2200 1305 2236 cles
1334 2213 1446 2237 rames
1475 2200 1618 2236 oraculi
1636 2211 1728 2235 sen-

1069 2269 1154 2292 sum
1176 2254 1278 2291 hunc
1300 2269 1377 2292 esse
1409 2263 1532 2293 ratus:
1566 2256 1727 2292 seminas

1068 2312 1115 2348 ad
1145 2312 1248 2347 illam
1272 2313 1385 2349 maris
1414 2325 1520 2348 oram
1548 2311 1728 2348 habitau-

1067 2375 1133 2413 tes,
1156 2369 1376 2405 collecturas
1398 2382 1475 2405 esse
1496 2370 1633 2406 multas
1652 2380 1726 2404 na·-

1065 2426 1172 2461 vium
1193 2426 1367 2476 reliquias
1392 2427 1512 2477 iisque
1534 2439 1665 2463 usuras
1676 2423 1725 2462 ad

1065 2483 1215 2531 ignem,
1251 2494 1326 2532 qno
1349 2483 1526 2519 alimenta
1557 2495 1625 2519 sua
1657 2494 1725 2519 co·-

1066 2546 1184 2589 qnant
1228 2551 1416 2588 panemve
1459 2546 1646 2586 torreant3
1683 2539 1724 2575 iu

1065 2608 1181 2646 quam
1202 2597 1428 2632 sententiam
1450 2594 1544 2633 haec
1569 2607 1724 2648 quoque

1065 2653 1183 2701 accipi
1206 2652 1286 2687 vult
1306 2653 1353 2688 A.
1396 2651 1553 2701 Sclic'ill,
1583 2664 1723 2690 verna·

1065 2709 1170 2744 culus
1184 2708 1366 2745 Herodoti
1385 2710 1582 2760 interpres.
1610 2706 1723 2753 Quod

1063 2766 1196 2815 Negris
1222 2763 1338 2802 habet
1359 2765 1578 2817 φρύξουσι,
1608 2766 1722 2815 plane

1063 2823 1317 2860 necessarium
1354 2835 1404 2860 ex
1432 2823 1575 2861 oraculi
1606 2834 1720 2860 sensu
