1839 3292
354 219 409 258 14

759 216 1220 254 HERODOT!

352 331 442 370 τῶν
470 325 630 382 πλήθεΐ
655 342 700 369 τε
729 326 1078 381 πολλαπλησίας,
1120 324 1193 367 καὶ
1229 321 1412 379 ἄμεινον
1442 326 1626 370 πλωού-

322 402 343 436 2
357 408 447 446 σας.

353 463 395 515 ἐς
424 462 569 519 μέσον.

297 669 490 711 Matthiae,
510 691 566 696 ——-
586 667 648 704 Ad
668 668 785 704 verba
807 667 957 719 μανίην

291 728 562 773 ἐπενείκαντες
587 726 688 764 cons.
705 732 800 764 nott.
823 724 871 762 ad
891 725 956 774 lv,

300 785 390 825 154.

351 835 509 891 πλήθεΐ
548 853 589 878 τε
637 838 954 890 πολλαπλησίας]

295 896 357 934 Ad
378 898 610 934 locutionem
633 896 735 934 cons.
767 897 878 933 allata
907 896 956 933 ad

298 955 357 1001 IV,
394 956 484 994 191.
524 954 666 1003 Scripsi
703 966 792 990 cum
821 951 955 991 Matth.

297 1019 334 1048 et
350 1010 517 1047 Bekker.
534 1011 843 1061 πολλαπλησίας,
864 1024 956 1047 cum

295 1067 528 1105 Gaisfordius
560 1081 580 1103 e
601 1068 703 1104 libris
725 1067 955 1119 quibusdam

295 1124 458 1162 dedisset
486 1125 803 1171 πολλαπλασίας,
834 1132 876 1162 ut
907 1126 953 1173 V,

297 1182 364 1229 45,
388 1183 454 1218 ubi
474 1180 550 1220 vid.
571 1188 668 1218 nott.
692 1204 741 1209 -—
774 1183 870 1218 Mox
891 1195 956 1218 re-

293 1240 391 1276 tinui
429 1235 652 1286 πλωούσας,
694 1245 737 1275 ut
770 1239 866 1287 VIII,
899 1241 954 1279 22

292 1297 374 1332 init.
405 1302 443 1332 et
464 1295 614 1344 44,ub1
635 1296 698 1332 alii
725 1294 838 1332 codd.
859 1298 955 1334 πλε-

293 1348 431 1399 οὔσας.

348 1403 726 1458 καταφρονήσαντες
800 1409 952 1457 ταῦτα]

292 1467 374 1502 Iam
407 1466 513 1515 attigi
542 1463 637 1501 haec
668 1466 708 1500 iu
737 1472 828 1502 uota
850 1464 898 1502 ad
922 1467 951 1514 Ι,

292 1524 358 1568 59,
381 1535 456 1574 quo
488 1522 572 1557 loco
598 1535 702 1558 nunc
723 1523 889 1572 Hoeger.
912 1524 952 1559 in

290 1581 395 1615 Actt.
424 1577 570 1629 philon.
606 1579 781 1616 monaco.
818 1581 885 1627 ΙΙΙ,
926 1579 951 1618 4

291 1648 379 1686 pag.
411 1636 491 1676 483
526 1647 606 1687 seq.
639 1633 951 1702 καταφρονήσας

291 1693 427 1743 refingi
456 1692 537 1728 vult
565 1693 605 1727 iu
636 1708 763 1743 καρτα
795 1708 954 1744 φρονη-

292 1761 376 1796 σας.
421 1749 494 1794 Qui
513 1747 617 1785 idem
638 1763 676 1800 p.
698 1750 779 1791 485
802 1749 875 1787 hoc
893 1751 954 1787 lo-

291 1819 336 1843 co
353 1807 476 1844 ταῦτα
496 1805 544 1842 ad
564 1807 726 1843 verbum
749 1822 954 1859 καταφρο-

290 1861 496 1914 νήσαντες,
524 1862 628 1914 quod
647 1865 860 1913 genitivum
881 1865 954 1901 ob-

290 1920 379 1957 iecti
403 1921 582 1971 requirat,
607 1922 737 1956 relerri
753 1934 862 1971 posse
878 1935 950 1958 ne-

290 1990 402 2027 gans,
438 1977 609 2013 absolute
643 1979 763 2028 accipi
793 1979 877 2015 vult
907 1979 948 2015 ob

290 2033 387 2082 haec,
408 2034 475 2070 ubi
489 2034 604 2084 vulgo
624 2036 804 2086 supplent
825 2033 948 2083 κατεὶς

290 2091 342 2127 ita
381 2097 424 2127 ut
474 2089 522 2127 ad
573 2088 950 2143 καταφρονήσαντες

289 2154 419 2184 mente
439 2146 600 2185 addatur
627 2150 709 2187 τῶν
734 2145 950 2200 Ἑλλήνων.

290 2205 396 2250 Quae
427 2211 556 2240 tamen
585 2205 616 2241 si
650 2203 776 2242 dicere
804 2207 949 2244 voluis-

289 2268 346 2298 set
365 2262 521 2309 Noster,
556 2262 623 2297 vix
651 2261 763 2299 credo
786 2276 875 2299 etun
895 2265 949 2300 sic

290 2318 403 2355 fuisse
453 2318 638 2355 locutum.
709 2320 950 2371 Quapropter

289 2376 422 2411 malim
450 2375 708 2425 interpretari:
753 2390 828 2414 cum
865 2378 949 2414 haec

290 2436 400 2468 mente
446 2436 686 2482 reputassent,
737 2436 950 2483 cogitassent

291 2500 368 2524 non
401 2490 480 2524 sine
515 2488 683 2541 quodam
713 2491 949 2528 Graecorum

291 2550 499 2582 contemtu.
562 2547 641 2583 Nec
682 2547 789 2584 aliter
828 2549 949 2598 accipi

291 2601 372 2637 vult
410 2601 641 2651 Lmehems,
687 2616 763 2656 quo
795 2611 948 2642 auctore.

290 2661 558 2707 καταφρονεῖν
585 2658 646 2696 hic
676 2662 777 2698 valet
807 2675 944 2699 remar—

291 2725 386 2763 quer,
408 2715 613 2761 consz'derer‚
638 2718 817 2766 re'flecln'r.
868 2720 948 2756 Nec

291 2770 398 2806 aliter
409 2771 684 2821 VVesselingius
707 2773 800 2811 haec
819 2776 947 2824 verba,

289 2838 389 2878 quae
401 2827 492 2865 olim
503 2825 607 2865 haud
618 2830 704 2868 satis
718 2831 814 2869 bene
826 2839 949 2872 verte-

506 394 922 450 καταφρονήσαντες
954 396 1115 445 ταῦτα,
1155 391 1424 436 ἐκυκλοῦντο
1462 393 1682 446 αὐτοὺςὸο

617 463 746 505 ’Όσοι
785 461 864 517 μέν
903 477 988 504 νυν
1017 464 1107 504 τῶν
1135 458 1294 503 Ἰώνων
1327 455 1442 515 ἦσαν
1471 461 1622 506 εὔνοοι

1015 668 1109 705 bant
1120 680 1129 704 :
1138 681 1228 719 prae
1243 672 1424 715 contemtu,
1436 669 1574 706 rectius
1583 671 1679 707 verti

1013 726 1313 776 posse'putavit:
1343 740 1384 763 ca
1407 727 1677 774 considerantes,

1013 783 1117 819 locos
1127 784 1253 819 Nostri
1264 783 1424 820 afferens
1441 784 1469 830 Ι,
1483 784 1547 824 59.
1560 785 1611 823 66
1625 791 1679 820 at-

1015 852 1090 891 que
1102 841 1243 877 Euseb.
1254 841 1433 890 Praepar.
1446 840 1596 890 Evang.
1607 841 1676 888 IX,

1017 897 1081 944 14,
1093 897 1221 933 locum
1232 896 1335 933 haud
1346 897 1554 948 disparem:
1567 897 1678 948 Aby-

1015 952 1104 989 deni
1138 956 1251 993 θεών
1287 949 1677 1005 καταφρονήσαντας

1013 1005 1229 1060 οἷμείνονας
1241 1007 1342 1050 εἶναι
1364 1012 1389 1047 i.
1402 1023 1435 1046 e.
1454 1023 1628 1061 quumque
1642 1025 1677 1047 se

1011 1067 1081 1104 diis
1111 1068 1266 1105 meliores
1295 1070 1539 1118 opinarentur.
1590 1066 1677 1105 vid.

1010 1125 1106 1163 Diss.
1121 1124 1473 1175 Herod.X1,p.197.
1494 1125 1585 1163 198.
1598 1125 1677 1160 Ne-

1013 1182 1088 1230 g1is
1108 1182 1376 1231 interpretatur
1405 1180 1449 1220 ἐν
1471 1179 1589 1232 φρενὶ
1606 1184 1675 1219 λα·-

1011 1234 1164 1290 βόντες,
1188 1234 1540 1304 παρατηρήσαντες
1559 1233 1676 1276 αὕτα.

1068 1293 1309 1334 ἐκυκλοῦντο
1330 1290 1497 1342 αὐτους]
1529 1289 1676 1341 αὐτούς

1010 1358 1113 1387 recte
1143 1358 1276 1387 tenent
1297 1352 1382 1387 libri
1404 1351 1552 1401 seiipti3
1583 1364 1676 1388 nam

1011 1406 1059 1444 ad
1081 1408 1246 1445 Graecos
1275 1409 1353 1444 sive
1366 1404 1566 1457 Έλληνας
1586 1421 1675 1459 spe-

1010 1471 1086 1501 ctat
1112 1478 1180 1515 per
1199 1478 1329 1502 sensus
1353 1463 1550 1516 quandam
1572 1472 1675 1502 stru-

1010 1528 1171 1568 cturam,
1201 1535 1290 1559 cum
1319 1535 1410 1559 saue
1442 1522 1595 1572 proprie
1625 1521 1674 1558 ad

1008 1591 1114 1615 naves
1133 1578 1228 1615 illud
1249 1579 1382 1615 referri
1405 1577 1541 1615 debeat
1558 1577 1673 1616 inde-

1011 1649 1086 1686 que
1125 1637 1238 1672 scribi
1280 1631 1431 1681 αὖτοῖςτ
1492 1635 1596 1688 quod
1637 1643 1674 1673 et

1008 1693 1135 1742 ipsum
1156 1694 1249 1729 olim
1279 1694 1318 1729 iu
1342 1691 1572 1744 quibusdam
1601 1706 1673 1730 ex-

1008 1750 1114 1786 stitit.
1144 1751 1244 1787 Hinc
1266 1763 1420 1802 quoque
1446 1762 1541 1786 mox
1561 1764 1675 1801 περι-

1010 1805 1223 1857 εχομένους
1254 1803 1449 1853 αὐτούς
1470 1813 1507 1843 et
1537 1820 1598 1857 cp.
1623 1809 1673 1847 16

1007 1861 1267 1903 ἐκυκλεύοντο
1318 1861 1374 1910 ὥς
1412 1860 1671 1914 περιλάβοιεν

1009 1916 1094 1959 αὐτ
1110 1917 1211 1967 οὕς.
1284 1921 1358 1957 Ubi
1395 1919 1672 1958 Valckenaerio

1006 1978 1211 2014 rescribere
1253 1978 1379 2028 placet
1423 1977 1670 2026 ἕκυκλεῦντο,

1005 2036 1232 2072 assentiente
1252 2034 1511 2084 WVesselingio
1528 2063 1537 2080 ‚
1560 2035 1627 2086 qui
1648 2047 1669 2070 e

1006 2091 1199 2128 Sancrofti
1219 2092 1313 2128 libro
1334 2093 1374 2126 iu
1394 2091 1418 2127 l.
1440 2092 1466 2127 l.
1489 2091 1587 2138 VIII,
1613 2093 1666 2131 16

1004 2161 1074 2199 pro
1105 2150 1210 2199 vulg.
1232 2143 1492 2188 ἕκυκλεύοντο
1515 2149 1555 2183 ‘m
1575 2154 1667 2184 tex-

1003 2212 1088 2242 tum
1127 2207 1270 2256 recepit
1306 2204 1551 2252 ἐκυκλέοντο,
1584 2206 1668 2256 ipse

1007 2263 1210 2299 coniiciens
1240 2261 1492 2301 ἐκυκλεῦντο
1545 2262 1670 2313 Equi-

1008 2318 1096 2356 dem
1116 2318 1212 2356 nihil
1231 2320 1399 2367 mutavi,
1424 2317 1669 2370 quandoqui-

1008 2376 1096 2413 dem
1118 2378 1285 2414 formam
1314 2349 1517 2423 κυκλεύω,
1551 2386 1668 2427 quam

1007 2432 1394 2471 h.l.F10rentinus
1439 2433 1533 2469 iiber
1577 2445 1666 2468 cum

1008 2491 1088 2527 aliis
1109 2492 1265 2541 praebet
1279 2520 1288 2538 ,
1319 2502 1441 2541 aeque
1462 2495 1576 2540 atque
1596 2503 1668 2527 κυ-

1006 2546 1106 2586 κλέω
1129 2555 1164 2584 et
1184 2543 1340 2586 κυκλόω
1360 2548 1400 2582 in
1419 2558 1490 2582 usu
1512 2544 1668 2582 habuis-

1005 2618 1045 2641 se
1066 2603 1244 2641 videntur
1265 2604 1414 2641 Graeci.
1444 2602 1502 2639 Cf.
1517 2603 1666 2639 Aelian.

1005 2663 1051 2698 N.
1073 2663 1121 2700 A.
1145 2664 1194 2710 ΙΙ,
1216 2664 1253 2710 8,
1275 2661 1341 2697 ubi
1362 2658 1578 2696 Herodotea
1605 2665 1665 2695 at-

1005 2719 1091 2755 tulit
1112 2719 1256 2767 Iacobs,
1278 2718 1343 2769 qui
1366 2715 1470 2753 Idem
1481 2717 1596 2752 etiam
1616 2713 1666 2751 ad

1004 2776 1153 2812 Aeliau.
1183 2777 1228 2813 N.
1259 2776 1307 2811 A.
1338 2774 1368 2821 I,
1399 2774 1452 2815 58
1481 2770 1529 2810 de
1547 2772 1664 2809 verbo

1004 2827 1316 2886 περιλαμβάνειν
1336 2829 1500 2869 conferri
1524 2835 1665 2880 potest.
