1839 3292
0 1107 1 1120 ⁴
0 899 9 1052 ω.
0 725 11 870 σε’-ΑΓΕ
0 626 11 707 ⁴⁷&-

575 229 606 265 1.
631 227 795 264 mnnx
821 227 1013 282 Renum,

101 340 187 374 olim
208 339 304 373 Medi
326 336 460 378 vocati,
494 337 572 377 VII,
606 337 652 371 62
675 338 764 370 conf.

99 391 172 420 not.
196 390 229 419 et
261 384 306 418 Τ.
330 383 381 416 ΙΙΙ
404 395 438 426 p.
462 382 540 416 823.
578 394 699 416 corum
732 384 768 416 in

100 431 249 464 exercitu
273 429 395 463 Xerxis
418 434 597 462 armatura
618 433 653 463 et
689 430 769 470 dux,

101 477 179 515 vn,
195 475 252 509 66.
281 475 312 517 Ἴ

58 523 174 556 Arima
198 521 333 565 Scythis
365 531 471 553 unum
493 520 684 564 significat,
707 520 768 560 IV,

101 568 155 600 27.
169 572 238 600 not.

57 613 239 657 Arimaspi,
263 611 329 644 viri
350 611 487 644 unoculi
506 611 540 644 in
555 611 771 653 septemtrio-

69 685 71 687 .
100 660 238 692 nulibus
262 659 419 701 Europae
450 656 603 700 partibus
641 656 771 700 Grypis

102 715 225 738 aurum
257 703 466 745 subripiunt,
514 702 579 743 HI,
610 702 689 735 116.
725 703 770 736 cf.

101 750 164 790 IV,
187 749 241 783 13.
265 749 309 782 27
332 752 402 781 not.
427 747 484 789 **)

57 796 258 838 Arimaspea
269 792 770 833 carminaAristeae,IV.l4not.

57 842 265 873 Arimnestus
296 838 514 880 Plataeensis‚
544 839 606 881 IX,
629 838 676 872 72
699 843 770 873 not.

104 887 149 920 cf.
169 898 199 919 c.
225 885 280 917 64.

56 931 266 974 Arimphaei,
288 929 349 969 IV,
373 929 420 962 23
442 932 515 963 not.

56 976 293 1015 Ariomardus‚
308 975 468 1018 Artyphii
489 986 684 1016 germanus,
703 976 771 1009 Ca-

101 1022 254 1064 spiorum
269 1022 349 1060 dux,
376 1021 449 1054 VII.
473 1021 531 1055 67.

56 1068 298 1108 Ariomardus,
335 1066 434 1100 Darii
457 1072 491 1101 et
516 1067 676 1111 Parmyis
709 1067 772 1110 fit,

99 1115 170 1146 dux
200 1113 424 1146 Moschorum
448 1118 481 1147 et
503 1113 773 1155 Tibarenorum,

102 1159 179 1199 VII,
203 1157 248 1191 78
271 1162 341 1192 not.

58 1206 162 1238 Arion
186 1205 464 1247 Methymnaeus,
489 1203 719 1242 citharoedus,
744 1204 773 1243 I,

103 1250 149 1283 23
179 1254 249 1282 not.
281 1250 411 1290 primus
434 1249 550 1283 docuit
579 1250 774 1293 dithyram-

103 1296 201 1337 bum,
226 1295 311 1328 ibid.
336 1296 499 1338 delphino
522 1308 581 1338 per
603 1308 699 1328 mare
714 1307 772 1328 ve-

103 1346 188 1380 ctus,
219 1341 257 1380 I,·
280 1340 324 1374 24
354 1347 426 1374 not.
461 1342 523 1384 ”’)
557 1342 630 1373 eius
667 1343 772 1375 doua-

103 1387 196 1419 rium
219 1387 310 1429 apud
333 1388 543 1428 Taenarum,
565 1388 647 1420 ibid.
667 1393 738 1421 not.

3 1438 5 1443 ’
58 1433 244 1476 Ariphron,
274 1433 461 1474 Xanthippi
478 1440 583 1475 pater,
610 1433 666 1473 VI,
693 1433 772 1476 131,

106 1478 185 1511 136.
207 1477 285 1518 vn,
309 1478 366 1511 33.
390 1479 482 1518 VIII,
512 1479 589 1511 131.

59 1524 181 1557 Arisba
210 1523 246 1556 in
279 1525 389 1557 Lesbo
404 1549 414 1562 ,
434 1525 516 1558 urbs
530 1526 774 1569 Methymnae-

105 1580 216 1610 orum,
239 1569 267 1608 I,
293 1567 359 1602 151
382 1573 452 1603 not.

0 1622 3 1646 ε
61 1615 294 1658 Aristagoras.
320 1615 584 1658 Heraclidisfil.,
601 1616 772 1648 Cumaeus

104 1651 293 1704 tyrannus]
305 1660 363 1700 IV,
388 1660 468 1695 138.
491 1662 570 1695 dolo
594 1666 713 1704 captus
738 1664 773 1695 et

105 1706 240 1738 civibus
261 1705 417 1746 traditus,
442 1708 482 1743 V.
498 1707 554 1741 37.
579 1711 615 1742 at
638 1708 772 1741 incolu-

105 1751 171 1785 mis
193 1751 365 1795 dimissus,
379 1753 462 1787 ibid.
477 1752 533 1786 38.

1458 231 1542 273 45⁸1

823 337 1048 381 Aristagoras
1072 334 1274 380 Cyzicenus,
1300 334 1361 376 IV,
1384 336 1464 370 138.

824 384 1061 427 Aristagoras,
1072 383 1299 425 Molpagorae
1316 381 1377 420 fil..
1393 382 1542 417 Histiaei

870 440 978 473 gener
1000 439 1040 461 ac
1063 428 1297 469 consobrinus,
1331 426 1444 459 Mileti
1461 439 1542 468 pro-

871 478 1019 514 curator,
1040 474 1082 514 V,
1106 473 1162 507 30.
1188 484 1209 507 a
1228 471 1348 507 Naxiis
1368 473 1544 506 exsulibus

871 519 1075 553 sollicitatus
1099 520 1140 552 ad
1165 530 1222 552 eos
1245 518 1465 560 reducendos,
1495 518 1541 551 ib.

871 576 941 607 seq.
975 564 1174 597 rebellionis
1195 565 1333 597 Ionicae
1357 568 1476 605 autor,
1500 563 1542 604 V,

873 609 929 644 36.
952 610 1009 643 37.
1034 610 1217 643 manifesto
1239 621 1261 643 a
1284 610 1392 643 Dario
1415 608 1543 651 deficit,

872 656 916 697 V,
949 655 1006 688 37.
1053 655 1258 689 isonomiam
1295 655 1466 696 instituit,
1509 659 1545 688 et

871 704 1036 744 tyrannos
1069 701 1208 741 evertit,
1231 701 1331 743 quasi
1361 701 1435 742 ipse
1457 700 1544 733 alie-

871 758 935 779 nus
958 757 979 779 a
1002 746 1193 789 tyrannide,
1219 746 1261 785 V,
1284 745 1339 778 37.
1350 746 1406 780 38.
1437 746 1546 789 Spar-

871 796 943 826 tam
965 792 1089 825 missus
1112 793 1156 825 ad
1178 792 1378 825 societatem
1403 803 1544 834 compa-

870 839 1029 880 randam,
1057 839 1100 878 V,
1116 837 1173 870 38.
1199 841 1232 870 et
1256 837 1328 870 cius
1344 849 1423 870 cum
1442 839 1545 871 Cleo-

870 895 970 917 mene
993 888 1082 924 acta,
1108 884 1149 923 V,
1173 882 1228 916 49.
1254 882 1310 916 50.
1335 882 1392 917 51.
1419 883 1546 926 Sparta

871 934 1010 963 coactus
1040 930 1214 969 excedere,
1249 940 1278 961 c.
1301 926 1357 962 51.
1391 929 1545 963 Athenas

870 976 974 1015 venit,
1010 986 1136 1018 eosque
1159 975 1202 1008 ad
1225 974 1310 1007 belli
1342 975 1545 1009 societatem

872 1021 1018 1061 inducit,
1052 1033 1082 1053 c.
1115 1020 1170 1053 97.
1204 1020 1356 1054 Paeones
1380 1022 1425 1055 ad
1448 1022 1545 1054 defe-

872 1067 1020 1100 ctionem
1043 1066 1215 1105 sollicitat,
1248 1066 1290 1108 V,
1315 1066 1372 1100 98.
1404 1067 1545 1110 expedi-

873 1113 922 1146 tio
946 1112 1019 1145 eius
1044 1116 1164 1145 contra
1180 1111 1318 1154 Sardes,
1337 1112 1379 1152 V,
1397 1112 1453 1148 90,
1465 1112 1546 1147 100.

873 1158 951 1198 VII,
987 1157 1018 1192 8.
1056 1157 1166 1191 turbis
1203 1158 1304 1190 tantis
1349 1159 1544 1201 commotis,

873 1203 1009 1237 consilii
1038 1202 1147 1245 inops,
1181 1203 1379 1245 Myrcinum
1412 1204 1546 1237 Edoni-

874 1251 953 1282 dem
977 1249 1072 1291 petit,
1098 1250 1139 1288 V,
1163 1248 1241 1280 124.
1273 1249 1353 1282 coll.
1379 1261 1409 1281 c.
1441 1250 1485 1282 11
1509 1253 1545 1283 et

873 1296 929 1327 22.
955 1306 976 1326 a
987 1295 1182 1326 Thracibus
1192 1295 1403 1335 interfectus,
1416 1295 1544 1336 V,1·.’.6.

827 1342 1063 1384 Aristagoras,
1087 1340 1320 1384 Hegesistrati
1341 1344 1450 1383 pater,
1483 1341 1545 1384 IX,

827 1432 980 1466 Aristeas
996 1430 1257 1472 Proconnesius,
1281 1431 1546 1474 CaustroBiifil.,

874 1479 1078 1521 Arimaspea
1117 1477 1272 1509 carmina
1309 1478 1443 1519 condit,
1483 1479 1545 1519 IV,

875 1524 920 1556 13
943 1528 1012 1556 not.
1036 1534 1115 1554 oum
1127 1522 1287 1565 Apolline
1310 1523 1352 1556 ad
1364 1525 1546 1567 Metapon-

873 1570 962 1603 tinos
985 1569 1125 1609 venisse,
1161 1572 1194 1600 et
1216 1571 1292 1611 post
1314 1574 1462 1610 mortem
1486 1570 1546 1602 de-

872 1626 941 1648 nuo
973 1613 1204 1654 comparuisse
1236 1614 1361 1655 fertur,
1399 1615 1460 1656 IV,
1502 1615 1546 1648 13

871 1665 942 1695 not.
964 1660 1019 1695 11.
1041 1659 1096 1692 15.
1123 1659 1195 1692 eius
1218 1663 1333 1694 statua
1356 1660 1546 1704 Metaponti

872 1707 908 1739 in
931 1707 1020 1746 foro,
1043 1706 1104 1747 IV,
1129 1704 1185 1738 15.
1211 1706 1255 1746 ᾧ)

826 1753 990 1795 Aristeas,
1001 1751 1176 1786 Adimanti
1198 1751 1304 1795 filius,
1328 1751 1544 1797 Corinthius,

155 1972 184 2014 ‘)
210 1971 260 2004 Cf.
283 1970 430 2013 Halling.
450 1969 569 2003 Gesch.
588 1970 622 2004 d.
642 1970 805 2005 Deutseh.
824 1972 851 2012 Ι,
877 1972 901 2005 2
919 1983 953 2015 p.
971 1972 1037 2006 132
1054 1983 1124 2016 seq.
1146 1971 1212 2006 164
1231 1981 1304 2014 seq.

154 2028 212 2070 *ἢ
236 2029 446 2071 Arimaspos
472 2039 579 2071 aeque
597 2034 699 2071 atque
719 2029 964 2070 Hyperboreos
993 2029 1036 2061 ad
1068 2030 1256 2061 Germanos
1274 2031 1408 2059 veteres
1426 2025 1547 2057 retulit

63 2073 212 2116 Halling.
235 2074 269 2105 in
285 2074 418 2106 Annall.
436 2074 558 2106 Vienn.
575 2075 656 2106 LIX
676 2087 710 2117 p.
727 2075 792 2107 261
813 2086 885 2117 seq.
906 2075 1020 2106 LXIII
1040 2087 1075 2116 p.
1094 2075 1158 2108 165
1183 2084 1277 2116 seqq.
1303 2072 1365 2106 171
1388 2083 1459 2113 seq.
1479 2069 1545 2105 175

0 2134 1 2137 ¹
63 2131 136 2162 seq.
182 2119 269 2153 Add.
298 2122 338 2152 A.
364 2121 497 2151 Erman.
523 2121 624 2152 Reise
654 2132 708 2151 um
735 2120 790 2151 die
820 2120 909 2152 Erde
939 2120 1067 2161 (Berol.
1098 2120 1195 2154 1833.
1229 2121 1260 2161 Ι)
1285 2129 1364 2161 pag.
1387 2118 1464 2156 111,
1490 2116 1548 2160 qui

62 2165 286 2197 Herodoteae
307 2165 494 2197 narrationi
518 2165 560 2197 de
582 2166 765 2209 Arimaspis
792 2166 1039 2208 patrocinatur.
1086 2168 1222 2199 Nomen
1250 2163 1360 2208 gentis
1394 2162 1546 2206 Halling.

63 2211 88 2244 l.
110 2211 134 2246 l.
154 2222 189 2253 p.
212 2212 277 2244 190
297 2212 405 2242 refert
431 2211 474 2243 ad
502 2212 671 2243 Persicum
700 2212 800 2244 Arim
821 2218 855 2243 et
882 2215 966 2257 Esp,
998 2223 1064 2255 quo
1086 2223 1211 2255 equum
1233 2208 1377 2241 indicari
1397 2214 1546 2241 constat.

66 2257 112 2289 Et
143 2257 220 2288 add.
250 2257 408 2289 Eiusdem
440 2257 646 2290 Geschichte
675 2258 708 2290 d.
736 2258 898 2290 Deutsch.
915 2259 941 2300 Ι,
959 2258 981 2291 Ξ
999 2270 1034 2302 p.
1057 2258 1121 2291 117
1143 2268 1240 2300 seqq.
1268 2255 1333 2289 127
1361 2265 1456 2298 seqq·
1482 2254 1548 2288 140

66 2313 160 2345 seqq.
183 2301 257 2335 164.

155 2357 231 2400 ***)
257 2359 306 2391 Cf.
324 2358 568 2402 Mythographi
588 2359 680 2392 Latt.
702 2359 755 2393 ed.
776 2359 882 2392 Bode.
908 2360 923 2391 Ι
940 2359 969 2403 §2
991 2357 1034 2393 95
1053 2364 1088 2391 et
1102 2359 1133 2390 11
1153 2358 1266 2402 §.172
1286 2363 1321 2390 et
1341 2358 1450 2390 Bauer
1470 2356 1549 2389 Na-

65 2402 219 2445 turrelig.
239 2403 272 2437 d.
295 2404 439 2438 Alterth.
458 2407 473 2437 1
490 2417 525 2448 p.
548 2406 603 2440 30.

157 2460 196 2500 ἦ)
229 2460 279 2492 De
310 2462 453 2494 Aristeci
481 2462 568 2494 conf.
601 2461 749 2505 Halling.
765 2461 801 2493 in
822 2461 954 2494 Annall.
978 2461 1102 2495 Vienn.
1123 2460 1204 2492 LIX
1221 2460 1266 2501 (p.
1291 2459 1356 2494 257
1383 2464 1418 2490 et
1439 2458 1549 2490 virum

67 2505 205 2536 doctum
224 2505 257 2536 in
281 2517 385 2548 opere
402 2508 695 2548 splendidissimo:
720 2509 924 2550 „Metapont
940 2519 1003 2550 par
1025 2507 1059 2539 le
1082 2508 1153 2538 Duc
1168 2507 1211 2537 de
1228 2507 1364 2548 Luynes
1395 2511 1430 2536 et
1456 2505 1493 2539 F.
1521 2505 1548 2537 Ι.

0 2583 3 2596 Ι
67 2551 217 2593 Debacq.
248 2551 362 2592 (Paris
392 2553 478 2587 1833
497 2553 597 2595 fol.)“
622 2567 655 2597 p.
676 2553 729 2588 14.
757 2553 808 2586 15.
856 2553 921 2584 Hic
937 2555 1026 2585 enirn
1053 2551 1221 2583 Herodoti
1241 2550 1472 2582 narrationem
1503 2549 1547 2582 de

67 2597 201 2628 Aristea
226 2596 334 2628 refert
366 2598 409 2628 ad
435 2599 622 2639 Aristearn,
657 2599 765 2630 filium
790 2598 1048 2640 Demophontis,
1084 2598 1297 2636 Cretensem,
1330 2596 1547 2638 Pythagorae

69 2653 296 2674 successorem
316 2642 403 2675 circa
423 2655 542 2675 annum
562 2645 628 2677 500
646 2657 675 2676 a.
700 2645 776 2676 Chr.
797 2656 844 2685 u.,
870 2645 926 2687 qui
944 2655 1018 2675 cum
1040 2642 1208 2686 Apollinis
1235 2654 1330 2673 sacra
1355 2640 1548 2684 Metaponti

67 2687 243 2719 instituere
263 2688 380 2727 vellet,
405 2689 448 2720 ad
466 2690 625 2731 populum
639 2690 910 2734 persuadendum
927 2688 1047 2720 iisdem
1059 2713 1067 2725 ,
1095 2688 1217 2731 quibus
1236 2687 1317 2719 olim
1335 2686 1547 2730 Pythagoras

66 2733 227 2765 remediis
260 2733 350 2764 hand
383 2735 578 2776 vulgaribus
606 2748 682 2767 usus
708 2736 799 2768 illius
828 2735 1007 2776 Aristeae,
1041 2735 1261 2766 Proconneso
1291 2732 1439 2773 oriundi,
1482 2733 1547 2764 viri

0 2798 2 2803 »
67 2778 425 2811 transformationibus
443 2780 512 2811 suis
528 2781 745 2824 discessuque
772 2780 984 2813 celeberrimi
1006 2790 1129 2811 nomen
1155 2779 1244 2812 falso
1274 2779 1480 2814 assumserit.
1501 2795 1547 2802 —-

0 2823 2 2828 ’
69 2824 123 2857 Tu
141 2825 183 2858 cf.
203 2824 304 2857 etiam
323 2826 431 2857 Bauer
448 2827 658 2870 Naturrelig.
678 2828 711 2861 d.
729 2827 876 2863 Alterth.
897 2828 912 2859 1
929 2838 965 2871 p.
985 2824 1063 2860 244.
