1839 3292
365 195 453 236 218

785 195 1252 234 HERODOTI

364 303 580 360 Δωριέος,
611 303 751 358 ἄνδρα
783 304 923 359 οἰκίης
952 302 1080 346 ἐόντα
1108 306 1184 358 τῆς
1213 301 1360 359 αὐτῆς.
1399 305 1454 348 Oi
1473 303 1552 361 μὲν
1573 304 1626 361 δὴ

238 373 298 419 ll
360 372 445 416 σύν
479 373 713 427 Παυσανίῃ
753 370 1067 426 ἐξεληλύθεσαν
1103 369 1182 421 ἔξω
1212 371 1432 429 Σπάρτης.

1498 375 1552 416 Οἱ
1580 374 1627 416 δὲ

364 439 558 496 ἄγγελοι,
590 439 647 490 ὠς
670 439 807 495 ἡμέρη
836 437 1039 494 ἐγεγόνεε,
1072 436 1205 481 οὐδὲν
1235 438 1394 490 εἰδότες
1423 442 1521 495 περὶ
1551 444 1627 496 τῆς

361 509 541 561 ἐξόδου,
584 507 779 562 ἐπῆλθον
809 507 877 550 ἐπὶ
912 504 1016 557 τούς
1047 505 1263 561 ἐφόρους,
1304 506 1351 550 ἐν
1380 507 1471 563 νόῳ
1501 508 1554 564 δή
1585 509 1682 552 ἔ-55

360 591 508 632 χοντες
545 574 901 618 ἀπαλλάσσεσθαι
951 577 1025 617 καὶ
1065 574 1192 618 αὐτοὶ
1233 573 1301 617 ἐπὶ
1345 577 1422 630 τῆς
1459 574 1627 618 ἑωυτοῦ

330 651 352 684 Ξ
364 643 554 693 ἕκαστος.

612 642 871 693 ἐπελθόντες
902 643 970 694 δὲ,
1011 642 1160 697 ἔλεγον
1185 642 1307 685 τάδε·
1339 640 1500 696 ,ξΤμεῖς
1534 642 1628 697 μὲν,

360 706 425 763 ,,ὦ
454 711 820 767 Λακεδαιμόνιοι,
850 710 987 754 αὐτοῦ
1016 713 1118 768 τῇδε
1146 711 1369 765 μένοντες,
1395 708 1628 753 Ὑακίνθιά

361 795 433 831 ,,τε
465 778 607 835 ἄγετε,
647 780 721 823 καὶ
749 781 936 832 παίζετε,
975 778 1326 834 καταπροδόντες
1364 779 1467 830 τοὺς
1516 789 1628 835 συμ-

303 921 508 972 scriptum,
546 920 576 957 is
609 917 864 956 defectionem
899 932 963 955 re·-

304 977 378 1014 fert
399 976 448 1014 ad
474 978 636 1013 alterum
656 978 794 1012 mensis
810 976 962 1012 Octobr.

304 1032 408 1071 diem
449 1035 540 1070 anni
569 1032 677 1072 479:
718 1031 822 1082 quod
858 1031 963 1067 idem

303 1091 411 1127 alteri
442 1090 551 1126 Gallo
590 1089 809 1137 interpreti,
853 1089 960 1136 Miot,

302 1148 489 1198 placuisse
517 1144 642 1184 video.
683 1143 850 1181 Sedhoc
871 1146 965 1180 mit-

302 1211 428 1240 tamus
472 1204 581 1249 licet;
618 1199 713 1237 illud
753 1214 843 1237 vero
883 1202 966 1237 iure

301 1261 507 1306 miramur,
561 1259 627 1309 qui
662 1255 966 1308 Schweighaeu-

302 1330 386 1354 sero
405 1318 446 1353 in
476 1322 647 1352 mentem
664 1316 795 1352 venire
826 1322 965 1365 potue-

300 1374 370 1421 rit,
421 1372 711 1410 Cleombrotum
749 1370 823 1408 hoc
877 1372 964 1408 solis

302 1429 456 1468 defectu
483 1430 642 1466 minime
669 1428 783 1464 fuisse
821 1435 965 1478 perter-

301 1488 444 1534 ritum,
488 1484 556 1523 sed
595 1485 718 1521 fausto
750 1485 860 1521 illum
890 1498 963 1535 po-

300 1545 374 1581 tius
397 1556 466 1594 pro
486 1543 616 1579 omine
636 1543 823 1592 accepisse
850 1541 963 1578 inde-

302 1614 380 1653 que
402 1601 540 1647 etiam,
570 1612 610 1636 re
634 1599 775 1635 scilicet
796 1605 960 1649 peracta,

303 1671 395 1695 cum
417 1655 514 1694 nihil
532 1669 554 1692 a
572 1656 694 1692 Persis
714 1656 785 1706 ipsi
801 1656 963 1705 amplius

304 1721 402 1752 esset
457 1712 697 1760 timendum,
750 1725 963 1762 regressum

301 1785 380 1808 esse
402 1784 490 1808 cum
510 1771 640 1820 copiis.
689 1770 789 1806 Nam
808 1768 880 1806 hoc
900 1771 964 1805 iu-

300 1835 358 1865 ter
379 1840 512 1864 omnes
533 1833 698 1874 constat,
731 1825 962 1863 defectiones

301 1884 406 1936 apud
438 1892 582 1922 veteres
616 1896 696 1919 non
734 1895 802 1933 pro
830 1883 962 1920 faustis

300 1942 493 1979 ominibus
514 1954 592 1978 esse
615 1939 761 1976 habitas
787 1939 853 1977 sed
876 1953 962 1976 ma-

299 1999 427 2036 lorum
462 1998 750 2034 imminentium
783 1998 958 2033 nuncios.

297 2056 383 2094 Rex
416 2068 522 2092 sacra
547 2055 710 2101 fecerat,
753 2067 821 2103 pro
850 2066 958 2090 more

299 2113 564 2163 exploraturus
581 2141 591 2158 ‚
610 2124 705 2147 num
724 2111 794 2160 ipsi
811 2109 960 2147 condu-

300 2176 403 2207 ceret
429 2170 555 2220 copias
574 2182 623 2204 ex
647 2166 791 2204 Isthmo
821 2166 961 2204 ducere

300 2225 481 2263 adversus
521 2227 655 2262 Persas
699 2225 739 2260 iu
777 2237 962 2274 pugnam.

302 2281 383 2321 Sed
393 2283 495 2318 mala
512 2283 580 2332 ipsi
594 2279 770 2332 portendi
785 2283 862 2318 sole
881 2281 961 2318 scil.

302 2339 502 2377 deficiente
518 2351 606 2375 cum
621 2338 876 2385 intellexisset,
890 2351 961 2373 ne-

300 2397 356 2433 fas
378 2395 510 2432 habuit
532 2394 661 2446 egredi
681 2395 883 2446 copiasque
897 2395 962 2430 in-

302 2452 350 2490 de
389 2452 549 2490 domum
584 2450 766 2488 reducere
812 2452 959 2499 maluit,

301 2511 519 2560 perterritus
565 2521 654 2546 sane
697 2507 770 2544 hoc
817 2509 959 2556 omine,

301 2579 401 2617 quo,
443 2567 545 2602 male
573 2578 722 2602 cessura
753 2578 833 2602 esse
863 2577 961 2617 quae

301 2623 519 2670 moliretur,
548 2621 761 2659 indicatum
784 2629 876 2659 erat.
905 2642 961 2650 —

300 2677 364 2716 Ad
384 2680 543 2715 verbum
569 2677 847 2730 προσαιρέεται
878 2675 965 2730 (sibi

301 2736 468 2783 adscivit)
489 2736 588 2772 conf.
613 2737 722 2784 VIII,
762 2739 852 2777 130.
895 2734 960 2772 Ad

299 2792 716 2846 plusquamperfectum
730 2789 959 2845 ἐξεληλύθε-

1020 929 1094 957 σαν
1111 916 1188 959 vid.
1203 916 1338 955 Matth.
1357 919 1422 955 Gr.
1442 919 1508 955 Gr.
1522 919 1560 963 ξ.
1585 918 1682 959 505.

1018 975 1071 1011 IV
1090 988 1178 1025 pag.
1196 977 1288 1015 960.
1319 976 1377 1011 De
1398 988 1491 1011 voce
1518 974 1590 1022 ἔξω
1612 975 1683 1011 ad-

1019 1032 1116 1069 iecta
1133 1032 1233 1068 conf.
1256 1032 1367 1068 allata
1391 1031 1439 1067 ad
1459 1032 1535 1080 111,
1561 1034 1626 1071 16.

1256 1120 1348 1171 Cap.
1377 1122 1448 1158 XI.

1078 1198 1147 1239 καὶ
1174 1194 1290 1238 αὐτοὶ
1328 1198 1393 1240 ἐπὶ
1430 1201 1502 1250 τῆς
1529 1197 1683 1238 ἕωυτοῦ

1023 1256 1203 1305 ἕκαστος]
1235 1258 1311 1293 Pro
1332 1252 1448 1295 αὐτοὶ
1471 1255 1575 1308 quod
1590 1256 1683 1293 Ste-

1020 1327 1132 1365 gerus
1178 1314 1332 1350 coniicit
1372 1309 1498 1361 οὕτω,
1544 1314 1681 1351 merito

1018 1372 1196 1422 reprobat
1207 1383 1340 1408 censor
1354 1371 1555 1421 Lipsiensis
1576 1372 1683 1411 1833

1019 1442 1057 1479 p.
1068 1428 1134 1468 49.
1159 1429 1223 1465 Tu
1237 1426 1323 1464 vide
1334 1425 1468 1464 matth.
1483 1428 1550 1464 Gr.
1563 1428 1630 1464 Gr.
1642 1427 1682 1472 §.

1020 1487 1102 1525 302
1126 1492 1206 1521 not.
1227 1498 1264 1534 p.
1286 1487 1382 1524 602.
1422 1486 1498 1520 Pro
1520 1482 1584 1523 ἐπὶ
1609 1485 1683 1534 τῆς

1019 1542 1144 1592 plures
1156 1540 1268 1580 codd.
1283 1540 1346 1580 ἐπὶ
1363 1556 1383 1579 τ
1395 1538 1421 1592 η’
1433 1539 1557 1579 v-Sed
1570 1552 1680 1591 prae-

1019 1605 1091 1635 stat
1115 1597 1178 1638 ἐπὶ
1204 1599 1277 1649 τῆς
1295 1599 1318 1635 i.
1346 1610 1377 1637 e.
1392 1599 1550 1648 patriam
1579 1609 1680 1635 suam

1018 1668 1147 1692 versus.
1171 1677 1228 1682 —-
1265 1657 1310 1691 In
1341 1668 1447 1706 seqq.
1480 1653 1528 1690 ad
1553 1649 1680 1693 αὐτοῦ

1018 1714 1114 1765 τῇδε
1132 1711 1209 1749 vid.
1234 1712 1346 1748 allata
1366 1710 1414 1747 ad
1433 1712 1508 1758 IV,
1540 1710 1618 1751 135
1642 1716 1680 1748 et

1020 1770 1068 1806 cf.
1104 1768 1270 1805 eundem
1288 1766 1426 1805 Matth.
1451 1768 1519 1807 Gr.
1543 1768 1609 1805 Gr.
1640 1768 1680 1813 §-

1018 1824 1121 1874 470,
1152 1827 1177 1865 8
1195 1839 1281 1876 pag.
1305 1827 1401 1865 873.

1073 1878 1285 1921 Ὑακίνθιά
1300 1896 1339 1920 τε
1360 1878 1484 1932 ἄγετε,
1506 1878 1574 1920 καὶ
1587 1878 1680 1919 παί-

1017 1937 1112 1989 ζετε]
1146 1938 1258 1984 Quod
1276 1939 1454 1975 articulus
1481 1944 1569 1974 aute
1594 1934 1679 1975 ‘Ya-

1017 1996 1160 2034 κίνθια
1183 1997 1390 2043 omittitur,
1427 1993 1467 2031 id
1494 1994 1680 2031 creberri-

1016 2065 1081 2089 mo
1106 2066 1195 2101 usu,
1229 2066 1305 2104 quo
1343 2059 1430 2088 ante
1458 2049 1680 2088 huiusmodi

1015 2111 1176 2146 nomina
1198 2110 1382 2146 festorum
1403 2109 1580 2144 articulus
1607 2120 1679 2143 ne·-

1017 2166 1192 2216 gligssur,
1231 2166 1312 2202 fieri
1345 2166 1519 2201 observat
1547 2164 1679 2201 Sinte-

1018 2224 1076 2259 nis
1097 2222 1143 2258 ad
1165 2223 1267 2259 Plut.
1286 2220 1535 2258 Themistocl.
1554 2220 1678 2257 Praef.

1018 2293 1055 2329 p.
1094 2281 1221 2320 XXII.
1275 2279 1338 2315 Sic
1369 2290 1483 2329 supra
1524 2290 1678 2328 quoque

1018 2335 1120 2386 apud
1139 2334 1324 2373 Herodot.
1345 2335 1440 2382 VII,
1485 2336 1552 2375 26.
1582 2335 1679 2374 206.

1016 2393 1125 2439 VIII,
1157 2395 1211 2434 72
1237 2392 1304 2431 fin.
1362 2393 1418 2427 De
1452 2392 1539 2441 ipsis
1567 2390 1681 2440 Hya-

1017 2449 1159 2487 cinthiz's
1178 2448 1367 2500 quaedam
1386 2449 1516 2485 notavi
1535 2446 1584 2484 ad
1597 2447 1676 2496 Vll,

1017 2508 1112 2547 206.
1160 2507 1330 2543 Verbum
1350 2505 1504 2551 παίζειν
1528 2511 1570 2542 ut
1590 2516 1679 2541 om-

1017 2564 1109 2599 niuo
1129 2563 1268 2610 ludere,
1301 2576 1353 2600 res
1385 2562 1544 2599 ludicras
1572 2573 1678 2609 agere

1016 2620 1222 2670 significat,
1252 2622 1302 2657 ita
1323 2620 1515 2670 sigillatim
1535 2617 1678 2654 indicat

1019 2676 1148 2714 choreis
1188 2689 1223 2714 se
1264 2677 1453 2723 oblectare,
1511 2675 1675 2712 saltare:

1019 2745 1118 2786 quae
1157 2732 1314 2786 quidem
1353 2732 1580 2783 significatio
1629 2730 1676 2766 ab

1014 2789 1090 2829 hoc
1120 2791 1207 2829 loco
1246 2804 1326 2829 non
1363 2802 1515 2843 prorsus
1553 2788 1677 2824 aliena
