1839 3292
55 334 121 380 48

513 206 970 243 CALLIOPE.

282 313 394 356 Ἐπεὶ
424 313 470 357 δὲ
497 314 760 370 κατέστησαν
787 314 829 366 ἐς
858 315 933 365 τὰς
966 312 1147 370 ἀρχαίας
1163 313 1302 367 τάξις,
1334 315 1433 372 πέιι-

1027 209 1045 243 1
1057 208 1107 244 X.
1355 213 1438 252 279

1493 316 1669 358 Mardonius
1679 319 1767 361 Spar

1488 350 1567 377 tanis
1601 353 1753 386 ignaviam

181 390 264 436 ψας
294 381 317 425 ὁ
351 380 610 436 Μαρδόνιος
627 384 795 438 κήρυκα
821 382 864 434 ἐς
885 399 989 432 τους
1006 382 1294 440 Σπαρτιήτας,
1325 384 1439 438 ἔλεγε
1495 382 1662 419 ⁸⁸Ps⁰bffl⁸·

151 449 304 493 Ξτάδε·
344 482 367 501 ‚
366 444 420 491 Ὦ
460 449 820 504 Λακεδαιμόνιοι,
867 448 991 505 ὑμεῖς
1031 450 1083 506 δὴ
1114 451 1288 506 λέγεσθε
1329 449 1442 496 εἶναι

177 516 362 571 ,,ἇ’νδρες
393 516 565 571 ἄριστοι
583 516 670 560 ὑπὸ
689 521 777 560 τῶν
795 520 898 573 τῇδε
922 516 1184 571 ἀνθρώπων,
1214 519 1440 575 ἐκπαγλεο-

177 585 355 640 ,,με’νων
386 583 444 634 ὠς
460 583 560 627 οὔτε
583 583 763 640 φεύγετε
795 584 839 628 ἐκ
860 585 1076 640 πολέμου,
1109 584 1210 629 οὔτε
1225 586 1346 639 τάξιν
1374 587 1436 631 ἐκ·
1449 595 1494 630 55

176 655 388 705 ,,λείπετε,
427 651 628 707 μένοντές
666 667 711 696 τε
749 649 778 708 ἢ
806 650 1020 696 ἀπόλλυτε
1059 652 1164 704 τούς
1200 653 1438 707 ἐναντίους,

146 728 167 763 3
180 719 237 775 ,,ἠ“
266 720 391 763 αὐτοὶ
421 717 682 762 ἀπόλλυσθε.

175 789 305 842 ,,πρὶν
342 786 426 843 γὰρ
469 785 499 842 ἢ
537 788 740 842 συμμίξαι
768 785 920 842 ἡμέας,

740 722 829 763 τῶν
861 717 903 763 δ’
936 719 1004 774 ἄρ’
1024 715 1079 777 ἦν
1108 719 1239 765 οὐδὲν
1263 720 1436 777 ἀληθές.

966 788 1009 839 ἐς
1032 790 1190 843 χειρῶν
1217 804 1262 832 τε
1297 789 1438 844 νόμον

171 854 452 911 ,,ἅπικέσθαι,
501 855 574 897 καὶ
611 854 665 910 δή
706 853 950 910 φεύγοντας
986 855 1060 898 καὶ
1108 855 1260 900 στάσιν
1305 856 1436 900 ἐκλεί-

167 939 354 975 ,,ποντας
381 921 515 978 ὑμέας
544 924 737 978 εἴδομεν,
778 921 826 965 ἐν
849 920 1123 980 Ἀθηναίοισί
1149 940 1195 967 τε
1222 924 1301 981 τὴν
1328 923 1432 979 πρό-
1447 930 1491 966 60

168 1007 351 1044 ,,πειραν
382 990 696 1045 ποιευμένους,
725 987 887 1041 αὐτούς
915 1006 958 1034 τε
988 988 1113 1034 ἀντία
1141 991 1317 1035 δούλων
1345 995 1435 1036 τῶν

140 1057 414 1115 4,,ἡμετέρων
451 1058 753 1112 τασσομένους.

821 1061 959 1101 ταῦτα
1002 1056 1206 1115 οὐδαμῶς
1256 1058 1433 1115 ἀνδρῶν

169 1125 379 1182 ,,αγαθών
410 1126 538 1179 ἔργα·
575 1125 684 1167 ἄλλα
712 1129 916 1169 πλεῖστον
936 1125 987 1182 61}
1019 1126 1068 1170 ἐν
1085 1125 1191 1182 ὑμῖν
1220 1127 1430 1185 ἐψεύσθη-

167 1210 283 1250 »fleu

341 1191 686 1248 προσδεκόμενοι
713 1191 798 1249 γάρ
835 1195 945 1237 κατὰ
973 1195 1117 1247 κλέος,
1150 1192 1209 1246 ὥς
1239 1194 1293 1251 δή
1322 1195 1428 1250 πέμ-

170 1269 296 1314 ,,ψετε
344 1261 386 1312 ἐς
417 1259 550 1317 ἡμέας
596 1261 766 1316 κήρυκα
794 1262 1159 1318 προκαλεύμενοι,
1199 1263 1273 1306 καὶ
1321 1265 1486 1318 βου-65

168 1329 373 1385 ,,λόμενοι
436 1327 640 1384 μούνοισι
703 1328 899 1386 Πέρσῃσι

169 1398 337 1453 ,,ἐόντες
386 1397 548 1440 ποιέειν
602 1399 760 1446 ταῦτα,

138 1465 332 1522 5,,ύμέας
376 1463 583 1520 εὕρομεν,
627 1461 735 1506 ἄλλα
771 1464 1051 1515 πτώσσοντας
1087 1469 1270 1520 μᾶλλον.

967 1330 1208 1386 μάχεσθαι·
1289 1330 1431 1385 ἄρτιοι

817 1395 949 1440 οὐδὲν
996 1401 1172 1440 τοιοῦτο
1223 1398 1429 1453 λέγοντας

1329 1468 1432 1509 Νῦν

167 1528 260 1588 ,,ὦν
298 1532 443 1588 ἐπειδή
482 1529 566 1575 οὐκ
604 1529 728 1589 ὑμεῖς
765 1531 918 1588 ἤρξατε
959 1532 1119 1577 τούτου
1155 1536 1238 1577 τοῦ
1276 1533 1428 1589 λόγου,

284 1685 378 1736 cap.
405 1683 576 1721 XLvm.

161 1762 498 1818 εκπαγλεοιιένων]
532 1761 643 1799 Conf.
666 1767 765 1799 nott.

106 1822 244 1870 adVH,
266 1824 342 1862 181
367 1818 468 1857 etad
485 1832 591 1870 seqq.
605 1815 763 1857 οὕτε-

107 1877 284 1919 οὔτε-
326 1891 366 1916 τε
403 1875 480 1914 vid.
522 1873 657 1912 Matth.
694 1876 762 1912 Gr.

106 1938 170 1973 Gr.
191 1937 228 1981 ξ.
249 1937 327 1975 626
357 1946 445 1984 pag.
474 1935 592 1973 1277.
619 1930 764 1969 Herod.

103 1994 134 2041 Ι,
158 1995 251 2032 160.
290 1992 542 2027 Locutionem
563 1988 602 2034 ἐς
620 2003 762 2039 χειρων

103 2064 143 2100 τε
166 2046 292 2099 νόιιον
308 2047 498 2096 attigimus
515 2044 563 2081 ad
581 2045 613 2082 V
616 2046 680 2092 ΙΙΙ,
693 2046 761 2084 89.

159 2104 226 2144 καὶ
244 2116 380 2143 (nasta
388 2100 647 2152 ἐκλείποντες]
667 2113 760 2139 στα-

105 2174 167 2202 σιν
197 2174 285 2198 cum
315 2158 430 2197 Schw
422 2157 531 2209 eigh.
570 2165 606 2195 et
639 2158 756 2196 Gaisf.

103 2219 252 2269 reposui
262 2231 330 2268 pro
349 2212 473 2262 τάξιν,
468 2189 594 2267 Uquod
614 2213 757 2251 Schue-

103 2275 220 2322 ferus,
243 2287 359 2326 quem
377 2270 512 2309 Matth.
533 2279 570 2308 et
590 2270 758 2309 Bekker.

103 2338 331 2382 sequuntur,
361 2329 524 2366 duorum
553 2327 665 2366 codd.
686 2341 759 2365 au-

105 2388 271 2424 ctoritate
306 2388 421 2423 fretus
460 2386 625 2423 retinuit.
693 2386 759 2422 Tu

104 2442 180 2481 vid.
209 2450 301 2482 nott,
342 2442 390 2478 ad
409 2443 487 2490 IX,
517 2445 585 2482 21.
606 2462 662 2470 —
695 2440 758 2478 Ad

103 2512 238 2536 vocem
265 2494 416 2537 δούλων
456 2499 557 2536 conf.
583 2505 680 2535 nott.
710 2497 759 2535 ad

103 2557 192 2603 VII,
213 2556 252 2596 5.
275 2576 330 2582 —-
349 2551 445 2593 κατοὲ
481 2553 591 2601 κλέος
622 2555 750 2592 valet:

96 2626 162 2663 pro
195 2623 307 2648 eorum
347 2611 461 2658 gloria
496 2625 524 2648 s.
553 2612 591 2648 ob
636 2624 751 2648 eorum

100 2670 274 2718 gloriam3
325 2679 439 2717 quam
485 2669 561 2705 vim
609 2665 750 2704 habere

100 2724 414 2776 praepositionem
452 2721 549 2763 κατά
586 2724 751 2763 vidimus

100 2784 206 2830 VIII,
238 2783 302 2822 30.
332 2780 407 2828 IX,
427 2781 492 2819 38.

877 1646 1117 1702 βουλόμενοι
1155 1646 1342 1702 μούνοισι
1376 1648 1483 1702 Πέρ-

820 1707 945 1759 σῃσι]
994 1703 1182 1757 μούνοισι
1223 1707 1352 1758 scripti
1389 1706 1481 1744 dant

818 1764 917 1800 libri.
983 1763 1096 1801 Unde
1139 1765 1285 1815 μοῦνοι
1321 1765 1480 1811 venerit,

819 1819 1000 1872 equidem
1038 1821 1192 1858 nescio:
1243 1833 1480 1872 quamquam

817 1878 973 1927 vulgato
994 1876 1034 1914 id
1063 1878 1184 1928 aptius
1218 1876 1367 1915 videtur
1388 1878 1478 1915 Val-

818 1931 1035 1971 ckeuaerio.
1082 1935 1230 1970 Koeuio
1250 1935 1290 1970 in
1305 1941 1477 1971 mentem

816 1997 996 2028 venerat:
1055 1988 1294 2042 βουλόμενοι
1329 1993 1474 2041 μοῦνοι

815 2042 1026 2097 μούνοισι,
1075 2045 1179 2083 haud
1238 2047 1474 2097 ineleganter

812 2102 988 2155 quidem,
1033 2116 1269 2154 quamquam
1302 2104 1367 2140 vix
1401 2116 1473 2138 ne·-

809 2161 980 2197 cessarie.
997 2181 1054 2200 Ὗ-
1082 2159 1144 2196 Ad
1162 2173 1323 2211 sequens
1345 2155 1477 2209 ἄρτιοι

810 2215 887 2255 vid.
909 2223 1004 2254 nott.
1027 2215 1075 2253 ad
1095 2217 1173 2263 IX,
1206 2219 1272 2256 27.
1302 2216 1475 2253 Verbum

814 2270 1011 2312 πτώσσειν
1049 2272 1325 2324 significatione
1370 2270 1475 2309 haud

817 2329 942 2367 differt
958 2326 1193 2380 ειπτήσσειν,
1215 2329 1256 2365 in
1274 2341 1349 2381 quo
1366 2341 1477 2378 expa-

814 2387 975 2424 vescendi
1000 2387 1097 2424 iuest
1131 2387 1259 2434 notio,
1298 2385 1476 2422 translata

816 2444 863 2480 ab
905 2443 1056 2491 avibus,
1099 2456 1198 2494 quae
1233 2455 1323 2492 prae
1369 2447 1475 2477 metu

816 2501 893 2537 alas
915 2499 1130 2536 demittunt.
1151 2497 1238 2538 Vid.
1258 2496 1475 2535 Blomfield.

809 2558 971 2593 Glossar.
993 2555 1041 2592 ad
1061 2553 1240 2606 Aeschyl.
1271 2552 1467 2591 Prometh.

807 2614 860 2653 29
882 2619 919 2649 et
939 2619 1034 2650 nott.
1057 2611 1105 2648 ad
1120 2609 1362 2661 Philopoem.
1378 2623 1467 2661 pag.

806 2667 874 2709 47.
909 2690 965 2696 —-
1024 2667 1085 2705 Ad
1138 2681 1248 2705 voees
1294 2663 1467 2714 δεδόξω-

806 2728 882 2763 σθε
913 2719 1015 2764 εἶναι
1044 2721 1196 2776 ἄριστοι
1243 2724 1344 2763 conf.
1382 2724 1463 2772 Vn,
