1839 3292
600 235 633 270 U
662 235 695 269 R
724 234 756 268 A
789 235 820 269 N
850 235 867 268 1
897 234 928 268 A
988 234 1111 270 VIII.
1386 238 1468 277 103

214 345 291 401 τὴν
330 340 615 397 Εὐρυβιάδεω
660 340 889 396 ἀβουλίην·
945 341 1062 391 τέλος
1093 340 1158 391 δὲ,
1189 339 1394 396 ἐξεῤῥᾶγη
1424 342 1468 394 ἔς

209 411 259 454 τό
290 410 434 465 μέσον,
465 408 674 463 σύλλογός
708 424 751 450 τε
790 406 842 462 δή
884 407 1069 462 ἐγίνετο,
1108 408 1179 451 καὶ
1209 407 1349 451 πολλὰ
1380 409 1466 452 ἐλέ-

181 485 307 533 3γετο
336 476 434 529 περὶ
462 480 550 518 τῶν
581 475 740 519 αὐτῶν.
772 476 814 517 οἱ
843 474 932 529 μὲν,
965 474 1024 526 ὠς
1056 475 1098 525 ἐς
1127 474 1207 530 τήν
1238 475 1492 519 Πελοπόν-1

207 555 344 600 νησον
368 543 494 599 χρεὸν
524 545 588 599 εἴη
619 540 875 592 dammam,
906 543 977 584 καὶ
1007 543 1102 596 περὶ
1133 542 1298 599 ἐκείνης
1319 546 1465 588 κινδυ-

207 610 373 664 νεύειν,
416 611 523 666 μηδὲ
559 609 643 665 πρὸ
672 609 813 665 χώρης
850 608 1122 663 δοριαλώτου
1152 610 1359 664 μένοντας
1387 611 1462 666 μά·

207 685 376 735 χεσθαι·
422 679 642 734 Ἀθηναῖοι
669 677 727 730 δὲ,
756 677 828 720 καὶ
850 678 1085 733 Αἰγινῆται,
1117 678 1188 720 καὶ
1218 679 1457 734 Μεγαρέες,

77 739 141 786 75
207 745 342 789 αὐτοῦ
369 745 576 799 μένοντας
597 745 860 802 ἀμύνασθαι.
915 744 1143 787 Ἐνθαῦτα
1174 746 1482 800 Θεμιστοκλέ-5

204 831 278 869 ης,
318 811 376 863 (ὃς
407 812 588 857 ἑσσοῦτο
627 818 679 871 τῇ
709 813 859 869 γνώμῃ
889 811 977 855 ὑπὸ
1016 816 1104 855 τῶν
1135 815 1460 870 Πελοποννησί-

178 887 288 931 Ξων,
325 881 480 924 λαθών
519 882 726 937 ἐξέρχεται
765 881 811 924 ἐκ
844 883 923 922 τοῦ
965 881 1210 933 συνεδρίου.
1271 880 1458 931 ἐξελθών

205 950 273 1003 δὲ,
322 948 477 1004 πέμπει
517 951 558 1001 ές
598 950 645 993 τό
678 946 969 1004 στρατόπεδον
1017 947 1065 990 τὸ
1107 946 1279 1003 Μήδων
1319 945 1462 1001 ἄνδρα

1513 747 1702 782 strategema
1711 749 1793 779 The-

1511 782 1652 809 mistoclis
1662 783 1717 810 hoc
1725 793 1790 812 con-

1517 815 1617 843 silium
1633 817 1791 848 eludentis.

1517 853 1598 894 654

203 1019 368 1075 πλοίῳ,
409 1017 699 1074 ἐντειλάμενος
734 1017 786 1060 τοὶ
821 1015 960 1072 λέγειν
999 1014 1150 1071 χρεόν·
1190 1018 1250 1072 τῷ
1289 1014 1516 1072 οὕνομα1ο

145 1232 264 1285 schyl.
286 1235 327 1272 S.
349 1248 381 1280 c,
401 1233 730 1274 Th.·539}310mf.
745 1257 794 1262 —

146 1290 447 1328 Adlocutionem
458 1286 606 1342 θῶυμα
618 1291 683 1336 (ita
695 1291 797 1325 enim

148 1348 318 1398 rescripsi
344 1361 412 1399 pro
442 1348 582 1396 θῶμα)
616 1345 798 1396 ποιεύμε-

146 1418 210 1442 νοι
246 1402 321 1455 τήν
359 1425 413 1431 -
459 1399 650 1454 ἀβουλίαν
696 1402 797 1439 conf.

144 1458 279 1498 Matth.
311 1462 374 1500 Gr.
396 1462 461 1498 Gr.
490 1461 527 1505 ς.
551 1458 627 1498 421
660 1465 740 1495 not.
772 1457 798 1497 4

142 1528 231 1566 pag.
253 1516 345 1556 775.

201 1568 388 1623 ἒξεῤῥοὲγη
418 1571 459 1617 ἐς
484 1567 527 1610 τὸ
554 1567 691 1621 μέσον]
721 1570 745 1608 ἰ.
764 1583 797 1607 e.

141 1629 179 1665 in
197 1627 374 1677 publicum
396 1629 525 1676 erupit.
587 1626 697 1663 Conf.
723 1628 797 1662 He-

140 1682 223 1722 rod.
245 1684 319 1732 VI,
343 1685 434 1722 129.
461 1681 651 1719 Plutarch.
686 1683 796 1719 Galb.

142 1742 196 1779 22
215 1740 297 1776 init.
323 1741 416 1776 Mox
435 1753 502 1789 pro
523 1736 670 1790 χρεών,
693 1738 796 1789 quod

139 1795 321 1832 Matthiae
352 1797 521 1842 retinuit,
557 1809 644 1832 cum
678 1797 795 1833 Gaisf.

141 1850 230 1889 dedi
249 1848 380 1903 χρεὸν,
404 1859 447 1889 ut
465 1853 562 1898 VIII,
585 1855 621 1891 3.
642 1852 707 1892 75.
729 1854 794 1892 79.

140 1908 207 1945 Tu
226 1909 326 1945 conf.
350 1909 458 1944 allata
468 1908 516 1945 ad
528 1908 571 1957 V,
584 1907 649 1947 49.
674 1908 734 1944 Ad
757 1908 798 1947 οἷ

142 1962 214 2015 μὲν
233 1963 392 2002 subaud.
415 1963 557 2016 ἔλεγον.
608 1960 795 2015 δοριαλώ-

139 2035 211 2059 του
240 2035 260 2057 e
287 2022 505 2057 Florentino
542 2027 578 2057 et
603 2021 795 2057 Sancrofti

139 2076 236 2113 libro
257 2090 346 2114 cum
366 2085 520 2114 recentt.
542 2076 627 2115 edd.
656 2078 792 2127 recepi.

139 2133 263 2183 Vulgo
299 2130 570 2183 δορυαλώτουῑ
604 2146 701 2184 quae
728 2146 794 2169 ea-

141 2188 230 2226 dem
267 2191 470 2240 scripturae
504 2189 692 2226 diversitas
724 2191 792 2238 IX,

139 2244 180 2286 4,
213 2247 338 2282 Citant
366 2246 592 2295 VVesseliug.
625 2245 673 2282 ad
699 2248 794 2282 Dio-

141 2300 222 2338 dor.
243 2303 357 2351 XVI,
392 2305 458 2343 20.
493 2301 792 2352 Schweighaeu-

140 2370 208 2393 ser.
232 2357 280 2395 ad
298 2359 461 2408 Appian.
495 2360 549 2395 111
578 2372 663 2410 pag.
700 2359 789 2399 159.

140 2414 274 2463 Polyb.
295 2416 438 2461 xvm,
464 2415 527 2454 34.

195 2463 401 2520 Ἀθηναῖοι
416 2469 469 2517 δὲ,
480 2469 542 2508 καὶ
556 2468 787 2521 Αἰγινῆται]

140 2526 249 2573 „Hoc
283 2539 371 2562 sane
414 2528 550 2563 rationi
591 2533 790 2562 cousenta-

139 2593 282 2627 neum,
328 2589 370 2618 ut
407 2596 493 2618 cum
531 2581 790 2619 Themistocle

138 2637 321 2673 senserint
339 2639 543 2687 Aeginetae
568 2640 791 2675 maluerint-

140 2705 216 2744 que
258 2692 358 2743 apud
398 2694 589 2731 Salamina
623 2708 790 2742 manere,

141 2762 257 2800 quam
286 2750 326 2785 in
365 2751 523 2799 gratiam
554 2751 792 2801 Peloponne-

140 2806 282 2842 siorum
314 2818 440 2844 versus
472 2804 657 2843 Isthmum
686 2820 791 2844 sece-

853 1231 1036 1281 dere[hoc
1050 1231 1150 1267 enim
1160 1231 1206 1267 ab
1217 1231 1384 1282 ipsorum
1395 1244 1515 1285 aeque

852 1296 965 1340 atque
977 1287 1265 1325 Atheniensium
1277 1301 1298 1324 a
1307 1289 1417 1326 rebus
1428 1291 1517 1326 alie-

852 1344 974 1394 num]
1026 1373 1048 1392 ,‚
1066 1344 1377 1382 Valckenaer.
1432 1347 1514 1383 iure

852 1402 1014 1450 mirans,
1046 1413 1143 1451 quae
1163 1401 1289 1436 scribit
1313 1402 1512 1452 Lycurgus

855 1456 1000 1494 advers.
1043 1458 1215 1492 Leocrat.
1254 1469 1292 1505 p.
1325 1457 1423 1505 156,
1456 1459 1509 1498 33

854 1514 912 1564 [p.
939 1512 1028 1553 185.
1041 1513 1105 1560 R.]
1119 1513 1392 1561 Aeginetarum
1413 1513 1510 1550 clas-

852 1583 935 1606 sem
963 1568 1040 1606 unst
1069 1582 1157 1605 cum
1182 1567 1509 1605 Lacedaemonio-

852 1639 939 1662 rum
973 1632 1009 1662 et
1040 1623 1321 1661 Corinthiorum
1350 1624 1507 1663 ducibus

851 1684 1013 1720 salutem
1062 1680 1225 1719 discessu
1271 1681 1342 1719 sibi
1374 1695 1506 1733 parare

851 1740 1027 1778 voluisse.

1039 1828 1130 1879 Cap.
1159 1827 1318 1864 LXXV.

905 1905 1047 1956 πέμπει
1080 1904 1206 1958 ἄνδρα
1234 1902 1380 1956 πλοίῳ]
1410 1905 1503 1942 Mox

847 1971 1004 2000 vocatur
1015 1963 1212 2007 Σίκιννος,
1234 1969 1275 1998 ut
1286 1963 1382 2004 VIII,
1409 1964 1500 2001 110.

846 2019 961 2070 Apud
982 2017 1429 2056 Plutarch.Themistocl.
1447 2019 1499 2056 12

845 2089 933 2127 pag.
954 2078 1031 2116 118
1044 2077 1088 2112 B.
1102 2076 1212 2113 Persa
1225 2087 1364 2126 genere
1379 2072 1499 2109 idem-

847 2146 922 2183 que
952 2133 1119 2182 captivus
1147 2131 1306 2178 dicitur,
1332 2130 1497 2166 filiorum

847 2188 1115 2226 Themistoclis
1143 2187 1404 2238 paedagogus3
1425 2185 1496 2221 nisi

847 2245 920 2282 hoc
944 2244 1032 2280 inde
1056 2244 1206 2281 fluxisse
1236 2250 1365 2294 putes,
1393 2238 1497 2293 quod

846 2300 1070 2338 Plutarchus
1098 2302 1138 2336 iu
1157 2299 1378 2336 Herodoteis
1396 2297 1497 2334 male

844 2359 977 2407 legerit
1033 2359 1111 2395 τῶν
1148 2353 1308 2406 Μήδων
1354 2351 1492 2405 ἄνδρα.

844 2413 1055 2464 Aeschylus
1091 2413 1264 2450 Graecum
1296 2410 1410 2447 modo
1439 2411 1498 2446 vi·-

844 2483 919 2507 rum
936 2484 956 2506 a
972 2469 1228 2506 Themistocle
1247 2469 1403 2504 missum
1419 2478 1497 2502 esse

845 2528 945 2563 canit
977 2528 1080 2564 Pers.
1109 2525 1189 2566 355
1220 2525 1312 2572 (361
1335 2522 1494 2571 Blomf.)

845 2582 948 2633 quod
977 2582 1081 2618 idem
1108 2581 1292 2618 censuisse
1319 2577 1495 2615 videntur

844 2640 1014 2675 Frontiu.
1038 2639 1095 2684 II,
1131 2641 1176 2684 2,
1210 2634 1260 2676 14
1284 2641 1319 2671 et
1336 2633 1493 2671 Diodor.

846 2696 922 2738 XI,
953 2697 1016 2733 17.
1048 2693 1230 2729 Sz'cz‘nnum
1262 2690 1309 2728 de
1329 2689 1494 2727 Themi-

846 2751 970 2787 stoclis
982 2750 1094 2785 servis
1113 2747 1370 2784 fidelissimum
1382 2747 1495 2782 fuisse

846 2805 959 2843 tradit
1001 2817 1154 2856 quoque
1187 2804 1338 2842 cornel.
1370 2805 1496 2853 Nepos
