1839 3292
452 227 510 268 62

451 333 692 393 γεγονότες.

858 225 1317 262 HERODOTI

754 334 942 388 Στυρέες
980 333 1026 377 δὲ
1055 333 1133 383 τὰς
1163 332 1300 383 αὐτάς
1329 334 1584 389 παρείχοντο
1613 335 1724 389 νῆας

452 402 530 453 τοὶς
558 402 632 446 καὶ
661 399 725 444 ἐπ’
753 400 1018 458 Ἀρτεμισίῳ·
1061 400 1255 444 Κύθνιοι
1283 400 1351 451 δὲ,
1389 404 1494 455 μίαν
1522 402 1595 445 καὶ
1623 409 1754 445 σεεν-1

457 470 744 527 τηκόντερον·
789 470 933 520 ἐόντες
973 467 1300 526 συναμφότεροι
1341 462 1464 511 οὗτοι
1494 468 1722 522 Δρύοπες·

455 539 529 582 καὶ
550 538 757 591 Σερίφιοί
785 554 829 582 τε
867 538 941 582 καὶ
970 540 1155 593 Σίφνιοι
1191 537 1264 581 καὶ
1304 536 1473 592 Μήλιοι
1501 536 1727 590 ἐστρατεύ-

458 618 584 649 οντο·
623 599 747 648 οὗτοι
784 605 869 662 γὰρ
900 603 982 649 οὐκ
1012 605 1170 648 ἔδοσαν
1199 607 1362 660 μοῦνοι
1389 604 1636 659 νησιωτέων
1664 607 1725 661 τῷ

401 849 519 899 inque
539 859 624 883 eam
635 844 737 882 haud
759 845 835 883 scio
853 859 901 882 an
916 846 1060 883 Atticos

401 905 749 954 incolasAtticaque
760 904 927 940 instituta
939 910 1062 940 trans-

403 963 552 1007 tulerit3
582 962 654 997 nisi
683 962 759 996 iam
786 967 872 997 ante
892 961 1063 997 Pisistra-

402 1026 485 1055 tum
518 1025 559 1053 ut
589 1018 750 1068 reliquas
781 1016 976 1068 Cyclades,
1012 1018 1063 1054 ita

401 1077 554 1112 Naxum
574 1086 728 1126 quoque
755 1075 865 1110 Iones
899 1074 1063 1110 tenuisse

401 1130 561 1182 putandi
583 1132 670 1167 siut.
710 1128 790 1166 Sed
811 1132 970 1167 certiora
991 1129 1064 1166 do-

402 1194 581 1226 cumenta
602 1186 751 1223 desunt.

462 1242 650 1296 Στυρέες]
670 1241 757 1280 Vid.
778 1249 874 1281 nott.
897 1240 944 1278 ad
964 1242 1064 1289 VIII,

407 1306 426 1342 1
436 1329 445 1337 .
476 1303 521 1337 In
532 1302 707 1351 proxime
718 1313 822 1352 seqq.
834 1300 1065 1349 VVesseling.

403 1365 505 1395 recte
527 1357 631 1394 dedit
652 1353 832 1396 Κύθνιοι
853 1357 996 1407 ePlut.
1017 1357 1065 1394 ΙΙ.

402 1429 443 1466 p.
469 1417 563 1455 863.
579 1415 647 1459 E.‚
677 1427 766 1450 cum
786 1414 903 1464 vulgo
924 1414 1065 1449 ferrent

404 1468 588 1510 Κύνθιοι
635 1471 696 1508 vel
718 1471 902 1510 Κίνθιοι.
953 1470 1064 1507 Conf-

403 1528 729 1575 Gesuer.,Triller.
742 1534 778 1564 et
790 1529 883 1564 Abr.
895 1528 1065 1564 Gronov.

404 1584 454 1622 ad
478 1585 626 1621 Aelian.
648 1586 697 1621 H.
726 1585 773 1620 A.
803 1585 917 1632 XVI,
953 1587 1006 1625 32
1029 1590 1066 1621 et

402 1640 654 1679 Demosthen.
686 1639 777 1691 περὶ
817 1636 978 1688 συν-πάξ.
1026 1655 1065 1691 p.

406 1701 499 1744 102,
522 1700 573 1739 52
596 1699 652 1749 [p.
677 1701 778 1744 176,
803 1701 853 1739 10
874 1699 941 1746 R.]
965 1698 1068 1735 uude

402 1756 648 1805 intelligitur,
670 1753 775 1791 haud
793 1756 924 1806 magni
953 1756 1067 1792 fuisse

403 1813 592 1849 momenti
632 1811 815 1863 Cythuios
855 1825 977 1863 aeque
1023 1825 1067 1849 ac

404 1867 598 1919 Siphnius.
644 1870 731 1905 Alia
763 1870 842 1919 ipse
878 1869 985 1905 attuli
1018 1868 1067 1906 ad

401 1927 484 1972 Vll,
505 1928 571 1966 90.
596 1949 646 1954 —
668 1928 726 1962 De
745 1925 947 1976 Dryopz'bus
963 1926 1065 1963 conf.

404 1982 588 2021 Herodot.
610 1985 639 2029 l,
660 1982 736 2023 146
749 1983 840 2034 ibiq.
857 1989 951 2022 nott.
965 1984 1066 2020 Pau-

408 2052 491 2077 san.
512 2040 582 2088 lV,
624 2039 677 2079 34
700 2040 736 2085 ξ.
760 2041 800 2080 6.

463 2094 529 2134 καὶ
541 2096 746 2146 Σερίφιοι]
762 2095 945 2145 Serz'plius,
971 2107 1067 2147 quae

405 2152 505 2189 inter
548 2151 732 2203 Cyclades
773 2153 913 2202 exigua
945 2153 1070 2189 insula

408 2208 620 2261 eademque
639 2222 773 2246 saxosa
793 2221 836 2245 ac
866 2210 998 2246 sterilis
1022 2208 1071 2246 ad

407 2279 587 2303 occasum
599 2264 735 2316 Siphni
754 2266 834 2313 sita,
854 2267 956 2302 mala
977 2266 1071 2302 olim

407 2323 604 2359 fruebatur
644 2323 922 2359 existimatione
972 2321 1069 2370 (vid.

407 2378 686 2430 W'yttenbach.
700 2379 748 2415 ad
759 2377 952 2416 Plutarch.
970 2380 1068 2418 Mor.

407 2438 435 2474 Ι.
459 2439 497 2475 2.
519 2449 607 2487 pag.
632 2436 783 2485 1086),·
810 2437 863 2472 ita
882 2442 924 2472 ut
940 2436 1001 2472 vel
1022 2436 1069 2472 ab

409 2493 590 2529 Romanis
610 2493 900 2542 imperatoribus
923 2493 1071 2529 exsules

410 2561 453 2586 eo
468 2551 706 2586 mitterentur
714 2556 807 2586 teste
818 2549 953 2585 Tacito
967 2551 1070 2587 Ann.

411 2606 476 2652 IV,
499 2608 565 2644 31.
611 2608 723 2643 Nunc
743 2613 882 2642 vocant
895 2604 1070 2656 Serphtw.

409 2660 495 2698 Vid.
518 2662 706 2699 Mannert.
727 2663 814 2699 VIII
842 2675 931 2713 pag.
974 2665 1070 2703 739.

409 2719 467 2754 De
492 2717 789 2767 Siplanionui
818 2719 866 2756 ad
886 2720 959 2767 ΙΙΙ,
993 2719 1070 2763 57,-

410 2775 475 2811 ubi
497 2787 593 2826 quae
627 2773 674 2811 de
713 2777 874 2813 metallis
895 2775 994 2823 dixi,
1028 2789 1071 2812 ea

409 2829 507 2869 mihi
526 2844 648 2883 nuper
669 2832 907 2872 confirmavit
928 2834 987 2874 vir
1005 2832 1073 2871 Si-

329 678 396 724 47
455 671 666 730 βαρβάρῳ
707 677 791 729 γῆν
829 689 873 717 τε
913 673 986 717 καὶ
1028 672 1166 727 ὕδωρ,
1227 667 1364 716 Οὗτοι
1403 672 1482 728 μὲν
1532 672 1754 724 ἅπαντεςὸ

1118 842 1278 895 plinius,
1307 845 1574 895 Provolegios‚
1606 843 1680 882 hoc
1709 843 1780 881 ad-

1119 901 1234 949 dens,
1274 903 1429 939 metalla
1469 915 1647 939 exercere
1668 909 1780 939 antea

1118 972 1197 995 uon
1213 960 1360 996 licuisse
1374 972 1443 1010 per
1452 960 1619 1005 Turcas3
1643 960 1780 1011 quibus

1118 1029 1222 1052 nunc
1240 1017 1366 1066 pulsis,
1387 1028 1583 1066 speramus
1604 1016 1780 1067 aliquau-

1120 1071 1169 1109 do
1190 1073 1254 1109 illa
1273 1074 1523 1110 instauratum
1543 1073 1602 1109 iri.
1658 1072 1782 1110 Melus

1118 1129 1241 1166 insula
1258 1131 1404 1166 ambitu
1436 1131 1559 1167 maior
1590 1130 1781 1181 simulque

1119 1185 1306 1233 feracior,
1358 1199 1476 1237 quam
1509 1199 1613 1223 nunc
1642 1193 1781 1224 vocant

1125 1240 1230 1289 Milo,
1251 1243 1390 1279 Dorica
1410 1243 1503 1279 olim
1523 1242 1690 1280 habitata
1710 1243 1782 1280 fuit

1123 1311 1146 1335 a
1166 1306 1294 1348 gente,
1317 1312 1415 1350 quae
1435 1298 1524 1335 inde
1541 1301 1659 1336 etiam
1677 1313 1783 1336 sem-

1121 1369 1190 1406 per
1228 1357 1506 1406 Spartanorum
1537 1363 1663 1408 partes
1697 1369 1783 1393 am-

1121 1413 1375 1463 plectebatur,
1401 1411 1523 1449 donec
1546 1415 1645 1450 bello
1668 1414 1783 1451 Pelo-

1122 1471 1352 1520 ponnesiaco
1373 1471 1544 1506 maxima
1568 1471 1784 1508 incolarum

1121 1533 1228 1577 parte
1247 1526 1433 1564 trucidata
1463 1527 1510 1563 ab
1538 1525 1784 1565 Atheniensi-

1123 1584 1192 1620 bus
1213 1585 1339 1620 coloni
1366 1585 1405 1619 in
1435 1584 1601 1621 insulam
1630 1583 1784 1621 deducti

1121 1647 1209 1678 sunt
1221 1670 1230 1688 ,
1253 1642 1319 1693 qui
1337 1647 1468 1677 tamen
1487 1642 1559 1692 ipsi
1573 1642 1686 1692 paulo
1699 1648 1785 1691 post

1122 1698 1244 1734 insul&
1267 1697 1392 1734 denuo
1403 1697 1537 1734 cedere
1551 1700 1672 1735 coacti
1681 1705 1783 1736 sunt.

1121 1757 1256 1806 Neque
1276 1756 1478 1806 pristinum
1507 1755 1642 1791 ssorem
1672 1768 1785 1792 recu—

1122 1825 1272 1863 perasse
1308 1811 1458 1849 videtur
1499 1812 1646 1860 insula,
1687 1825 1785 1863 quae

1122 1882 1226 1905 nunc
1267 1872 1354 1906 a'ere
1386 1869 1576 1919 pestilenti
1613 1870 1785 1906 maxime

1122 1926 1321 1963 insalubris
1361 1938 1440 1962 esse
1479 1925 1610 1964 fertur.
1671 1925 1786 1963 Conf-

1122 1984 1313 2020 Mannert.
1354 1981 1454 2021 V111.
1492 1996 1531 2033 p.
1582 1984 1664 2023 736
1706 1995 1787 2034 seq.

1122 2041 1258 2090 Poppo
1297 2037 1347 2076 ad
1385 2037 1567 2091 Thucyd.
1587 2040 1627 2086 1,
1667 2041 1706 2078 2.
1745 2053 1786 2089 p.

1125 2099 1221 2136 277.
1246 2119 1297 2124 —
1337 2097 1383 2131 In
1403 2108 1511 2147 seqq.
1554 2094 1602 2132 ad
1621 2096 1787 2132 locutio-

1124 2166 1218 2189 nem
1243 2154 1321 2203 γῆν
1356 2166 1397 2190 τε
1438 2151 1506 2191 καὶ
1535 2148 1645 2205 ὕδωρ
1683 2152 1786 2190 conf.

1127 2210 1206 2247 citt.
1223 2208 1272 2246 ad
1292 2209 1345 2256 V,
1377 2211 1443 2248 17.

1324 2297 1416 2349 Cap.
1436 2298 1589 2335 XLVII.

1186 2371 1309 2417 Οὗτοι
1347 2375 1418 2427 μὲν
1460 2373 1634 2423 ἅπαντες
1680 2373 1787 2423 ἐντὸς

1127 2433 1335 2485 οἰκημένοι
1347 2436 1595 2484 Θεσπρωτῶν
1608 2429 1788 2484 καὶἈχέ-

1127 2505 1266 2542 ροντος
1295 2491 1496 2540 ποταμοῦ]
1526 2491 1585 2527 De
1614 2490 1789 2539 Thespro-

1126 2550 1173 2584 tis
1195 2548 1295 2588 conf,
1313 2548 1356 2595 V,
1374 2550 1439 2587 92.
1463 2549 1537 2593 §.7
1559 2554 1596 2584 et
1616 2545 1664 2584 de
1674 2547 1790 2583 Ache-

1125 2608 1222 2641 ronte
1237 2605 1352 2641 fluvio
1372 2604 1453 2652 vll,
1478 2606 1569 2644 126.
1629 2604 1790 2640 Tenen-

1128 2660 1222 2697 dum
1245 2673 1335 2698 vero
1366 2667 1442 2708 est,
1481 2661 1663 2697 Graeciae
1694 2659 1788 2696 fines

1128 2719 1244 2768 vulgo
1272 2717 1320 2754 ad
1350 2718 1597 2754 Ambraciam
1623 2716 1736 2767 poni,
1767 2728 1789 2752 a

1129 2775 1205 2827 quit
1243 2774 1334 2811 inde
1365 2775 1566 2811 Graeciam
1602 2774 1724 2823 ipsam
1758 2785 1787 2811 S.

1127 2833 1323 2884 propriam
1335 2830 1501 2869 exordiri
1513 2830 1681 2869 scribunt
1692 2829 1791 2881 Scy·-
