1839 3292
451 215 518 250 DE
548 212 672 249 VITA
703 211 775 247 ET
806 208 1040 247 SORIPTIS
1072 209 1353 249 HERODOTJ.
1562 214 1643 253 391

270 324 526 364 Exordiamur
547 338 569 361 a
597 324 718 375 patria
739 321 925 360 Herodoti
944 329 1043 358 terra
1066 320 1179 358 Caria
1193 350 1204 368 ,
1235 334 1353 372 quam
1371 333 1493 373 aeque
1518 335 1561 359 ac
1584 324 1644 361 Io-

158 386 257 421 niam
276 391 388 433 atque
409 382 585 418 Aeolidem
606 395 627 417 a
647 382 829 431 scriptore
854 385 1095 429 peragratam
1119 379 1234 414 fuisse
1255 385 1296 415 ut
1315 379 1395 428 ipsa
1414 377 1548 415 suadet
1572 393 1643 429 res,

157 441 209 476 ita
230 441 337 476 certis
357 439 538 489 probatur
559 439 727 475 testibus.
759 438 825 473 Tu
841 436 940 472 conf.
960 434 1077 472 modo
1099 433 1146 471 de
1170 434 1280 471 Caria
1299 441 1335 471 et
1357 432 1404 470 de
1424 434 1644 474 Doriensium

152 496 338 546 pentapoli
353 497 382 539 1,
411 494 498 541 141,
524 494 614 534 144.
638 497 717 534 174
739 494 824 531 coll.
851 495 925 532 171
954 499 990 528 et
1014 494 1113 537 1723
1145 490 1192 528 de
1217 491 1344 528 Rhodi
1359 491 1504 539 insula,
1526 504 1643 542 quam

155 551 246 588 adiit
265 553 313 600 11,
342 554 415 592 182
431 552 516 588 coll.
535 553 600 600 111,
621 550 689 591 47.
745 552 803 586 De
832 547 940 585 Ionia
962 549 1119 597 insignis
1135 548 1240 584 locus
1261 554 1381 584 exstat
1401 549 1429 596 I,
1456 547 1535 588 142
1555 549 1643 586 coll.

155 608 218 655 VI,
245 608 315 657 143
345 607 392 643 de
416 606 546 645 Mileto
566 609 595 644 I.
613 609 662 647 21
686 606 815 657 ibique
829 611 924 642 nott.
947 605 1033 642 coll.
1057 607 1159 651 1373
1189 603 1236 640 de
1260 604 1409 654 Mycale
1437 610 1474 641 et
1504 603 1642 642 Panio-

154 665 215 701 w'o
235 666 265 710 l,
290 664 367 704 148
390 665 474 700 coll.
495 665 562 710 IX,
584 666 658 709 973
691 661 738 698 de
758 661 898 710 Epheso
916 659 1161 711 Ephesioque
1190 673 1281 710 agro
1312 663 1341 708 1,
1369 663 1435 700 26.
1466 662 1520 701 92
1543 668 1639 701 nott.

154 720 295 767 11‚148
317 721 402 757 coll.
425 721 470 767 11,
496 723 556 759 10.
581 721 679 766 106;
710 717 757 754 de
788 717 950 754 Phocaea
970 718 999 764 I,
1025 718 1121 764 1633
1153 715 1200 753 de
1231 716 1340 754 Samo
1372 715 1451 753 dixi
1476 718 1516 753 iu
1542 725 1640 755 nott.

153 776 202 813 ad
222 778 286 822 111,
308 779 360 815 60
372 777 456 816 coll.
481 776 542 822 VI,
558 774 621 814 14.
680 775 764 820 Quo
779 772 916 810 eodem
936 774 1140 824 pertinent,
1165 774 1263 810 bene
1284 779 1441 810 notante
1453 775 1579 826 Heyse
1591 771 1638 825 ii)

153 832 194 870 hi
215 845 368 884 quoque
387 833 486 868 loci:
517 833 564 879 ΙΙ,
590 829 680 871 148.
705 833 795 871 182-
816 828 960 877 111‚47.
978 828 1044 872 54·
1067 832 1131 870 60·
1156 828 1350 877 123‚142.
1371 830 1435 879 IV,
1453 831 1521 870 88.
1544 833 1637 872 152.

153 891 215 936 vl,
241 888 290 927 14
313 888 397 927 coll.
419 890 448 936 I,
479 892 544 928 70.
601 889 658 923 De
678 888 801 924 Aeolia
820 886 921 925 conf.
944 888 972 931 I,
1000 885 1088 933 149,
1107 882 1180 936 ³³³³)
1210 885 1257 923 de
1277 886 1417 923 Lesbiis
1435 888 1466 934 I,
1486 889 1555 927 23.
1582 886 1637 927 24

151 945 237 984 coll.
257 945 319 993 IV,
335 947 400 984 61,
457 945 501 980 In
526 943 699 981 Troadem
720 945 928 981 excurrisse
947 942 1187 979 Herodotum
1208 956 1443 995 quamquam
1465 944 1530 980 vix
1561 942 1637 980 du-

150 1003 276 1047 bium,
309 1007 411 1037 certa
441 1008 572 1038 tamen
604 1000 740 1037 desunt
760 1001 1009 1047 testimonia,
1040 1001 1112 1037 nisi
1132 999 1235 1052 quod
1256 1000 1455 1051 aliquoties
1475 1000 1636 1037 Troiani

149 1059 232 1108 agri
259 1057 300 1093 fit
328 1059 485 1095 mentio.
543 1058 600 1094 Ac
630 1057 778 1106 Sigeum
802 1056 1106 1108 promontorium
1123 1086 1133 1105 ,
1173 1056 1277 1108 quod
1305 1057 1480 1107 proxime
1507 1058 1635 1094 Troa-

149 1114 239 1151 dem
286 1127 365 1150 esse
395 1128 509 1151 nemo
543 1115 684 1162 nescit,
728 1116 870 1164 *ipsum
897 1114 1126 1164 inspexisse,
1166 1127 1187 1149 e
1218 1114 1303 1150 loco
1324 1114 1386 1163 lV,
1407 1116 1460 1154 38
1481 1114 1567 1152 coll.
1587 1115 1633 1160 V,

148 1171 202 1210 65
228 1169 514 1221 quodammodo
536 1171 716 1221 colligas3
763 1184 890 1223 neque
917 1171 1154 1220 incognitam
1182 1171 1253 1220 ipsi
1282 1170 1480 1220 regionem
1504 1170 1632 1220 fuisse,

147 1226 316 1263 indicare
347 1227 495 1265 videtur
523 1228 617 1263 alter
639 1229 744 1264 locus
771 1229 818 1274 II,
852 1230 916 1267 10.
974 1227 1132 1277 Lydiam
1161 1228 1341 1263 Nostrum
1367 1227 1495 1263 visisse
1523 1228 1633 1277 plura

148 1284 329 1320 evincunt
357 1285 572 1321 testimonia
599 1285 629 1331 I,
661 1286 712 1323 93
744 1284 873 1335 ibique
905 1291 1002 1321 nott.
1031 1284 1059 1329 Ι,
1098 1281 1164 1322 94.
1183 1284 1247 1331 1V,
1269 1282 1343 1330 453
1375 1281 1422 1319 de
1457 1282 1632 1322 Sardium

148 1341 242 1376 urbe
267 1341 436 1391 loquitur
463 1343 493 1385 1,
521 1342 586 1380 80.
611 1338 678 1381 84.
700 1341 766 1388 III,
801 1341 849 1388 53
890 1339 939 1377 de
958 1339 1159 1377 Maeandro
1186 1339 1459 1391 Maeandrique
1488 1341 1633 1391 campis

146 1397 315 1447 pluribus
334 1398 445 1441 locis,
489 1409 583 1449 quos
610 1397 808 1433 citavimus
828 1395 877 1433 ad
907 1398 937 1445 I,
961 1399 1024 1444 18,
1048 1397 1114 1432 ubi
1133 1395 1211 1433 vid.
1235 1397 1473 1447 potissimum
1492 1398 1539 1445 11,
1564 1400 1632 1437 10.

147 1455 201 1493 29
222 1452 308 1492 add.
328 1455 412 1502 VII,
435 1456 504 1494 26.
559 1454 638 1489 Nec
667 1452 815 1504 Ilffysiae
841 1454 1059 1503 cognitione
1088 1452 1330 1489 Herodotum
1362 1453 1543 1501 caruisse,
1581 1466 1632 1490 ex

147 1516 322 1546 accurata
351 1510 601 1560 descriptione
627 1510 768 1546 itineris
800 1522 821 1546 a
845 1511 975 1546 Xerxe
1005 1508 1187 1547 Sardibus
1216 1508 1401 1561 Abydum
1420 1509 1510 1545 facti
1526 1510 1630 1560 (VII,

146 1565 200 1605 42
226 1567 347 1617 seqq.)
371 1568 508 1603 merito
536 1565 728 1603 concludit
757 1568 882 1618 Heyse
902 1568 925 1604 l.
946 1566 971 1604 l.
1001 1581 1039 1617 p.
1060 1568 1113 1606 90
1143 1565 1304 1602 afferens
1331 1579 1485 1617 quoque
1516 1564 1630 1603 hosce

144 1622 247 1659 locos
262 1624 308 1670 11,
334 1626 384 1663 10
405 1622 479 1672 (de
498 1622 568 1660 Ilio
594 1630 630 1660 et
655 1622 907 1673 Teuthrania),
927 1624 991 1670 IV,
1018 1622 1081 1663 14.
1105 1622 1155 1663 15
1186 1622 1233 1659 de
1263 1623 1396 1673 Cyzico
1421 1629 1458 1659 et
1475 1621 1630 1660 Procon-

142 1690 240 1726 neso,
270 1680 376 1716 cuius
395 1680 542 1716 incolae
562 1678 765 1716 laudantur
784 1687 895 1718 testes
928 1693 1083 1728 eorum,
1133 1692 1231 1731 quae
1270 1678 1317 1716 de
1348 1678 1496 1716 Ariste&
1524 1686 1630 1716 retu-

142 1734 203 1779 lit,
223 1736 253 1782 I,
276 1736 329 1776 57
350 1735 397 1773 de
418 1736 547 1773 Placia
572 1743 610 1773 et
632 1736 794 1786 Scylace.
857 1737 1011 1774 Thraces
1031 1735 1206 1786 Bithynos
1226 1738 1362 1773 Noster
1390 1737 1487 1784 visit,
1509 1743 1550 1773 ut
1579 1749 1629 1773 ex

141 1791 224 1839 Vll,
238 1792 291 1833 75
312 1799 467 1843 apparet
485 1794 654 1844 itemque
675 1806 831 1830 omnem
853 1793 1144 1830 meridionalem
1164 1794 1280 1830 Ponti
1301 1793 1445 1829 Euxini
1463 1799 1628 1830 tractum

142 1860 263 1899 usque
292 1847 341 1885 ad
369 1849 663 1897 Thermodontem,
693 1849 740 1887 de
761 1863 836 1902 quo
856 1852 904 1897 ΙΙ,
923 1848 1000 1890 104
1020 1850 1106 1888 0011.
1122 1851 1185 1898 IV,
1208 1851 1272 1897 86,
1294 1851 1361 1886 ubi
1382 1849 1628 1900 Themiscyrae

142 1905 286 1941 mentio
308 1911 345 1942 et
363 1907 411 1952 ΙΙ,
433 1906 498 1954 34,
528 1907 594 1943 ubi
616 1905 746 1957 Sinope
774 1906 940 1943 affertur.
998 1908 1077 1942 Nec
1092 1907 1228 1942 iniuria
1248 1907 1458 1956 suspiceris,
1480 1905 1528 1942 ad
1540 1906 1627 1944 Ha-

144 1960 206 2010 lyn
235 1974 355 2012 usque
384 1961 451 2012 (de
477 1975 553 2014 quo
583 1963 698 1999 fluvio
728 1964 826 2000 conf.
847 1965 877 2008 I,
906 1965 972 2002 72.
994 1963 1075 2008 VH,
1111 1965 1178 2003 26.
1210 1963 1254 2011 V,
1276 1962 1356 2012 52)
1386 1962 1627 2000 Herodotum

141 2019 376 2067 pervenisse,
406 2020 437 2055 si
466 2018 621 2070 quidem
649 2032 806 2055 omnem
840 2019 978 2056 dixeris
1013 2020 1144 2055 Asiam
1172 2020 1362 2055 minorem
1384 2019 1427 2055 est
1447 2020 1519 2066 via,
1551 2018 1627 2071 quii

141 2081 369 2112 mercatores
390 2077 583 2113 coniuncti
603 2077 835 2126 peregrinari
855 2077 978 2113 solent
999 2075 1180 2112 Sardibus
1206 2076 1303 2113 Susa
1333 2074 1544 2123 tendentes,
1571 2077 1626 2112 Il-

140 2130 222 2166 lum
248 2144 484 2180 permeasse,
525 2133 574 2169 ob
605 2140 821 2170 accuratam
850 2131 964 2169 huius
1002 2133 1145 2169 itineris
1175 2131 1467 2182 descriptionem
1493 2132 1538 2179 V,
1571 2132 1626 2173 52

141 2187 227 2224 coll.
253 2188 334 2235 Vll,
357 2190 422 2228 26.
458 2191 526 2229 30..
583 2190 689 2226 Tum
711 2203 864 2242 quoque
887 2189 1030 2239 Lycios,
1062 2188 1109 2225 de
1134 2190 1269 2240 quibus
1292 2188 1368 2226 vid.
1388 2190 1417 2236 I,
1444 2191 1536 2233 176,
1556 2187 1628 2224 ad-

140 2244 223 2279 iisse
270 2240 440 2294 vifletur,
478 2246 649 2298 itemque
682 2246 821 2284 Cretam
848 2247 1032 2293 insulam,
1064 2245 1111 2282 de
1133 2259 1208 2297 qua
1239 2246 1341 2282 conf.
1366 2247 1396 2292 I,
1421 2247 1512 2285 171.
1543 2245 1627 2292 Vll,

146 2301 234 2339 171.
269 2302 335 2349 ΙΙΙ,
366 2302 419 2343 59
450 2309 487 2339 et
517 2302 689 2354 Cyprum,
720 2302 768 2341 de
798 2302 873 2356 quii
902 2304 1024 2340 insula
1057 2301 1135 2340 vid.
1169 2304 1200 2351 I,
1225 2301 1316 2343 105.
1341 2303 1432 2342 199.
1464 2301 1509 2350 V,
1534 2299 1626 2341 114.

141 2355 223 2403 vn,
243 2358 310 2396 90.

251 2413 284 2448 Ε
317 2413 441 2464 Cypro
467 2416 529 2452 vel
559 2429 608 2452 ex
626 2416 804 2467 Aegypto
823 2417 968 2453 traiecit
988 2415 1036 2453 ad
1064 2415 1272 2462 Phoenices,
1308 2428 1402 2466 quos
1431 2414 1627 2464 aliquoties

143 2466 230 2504 citat
251 2474 358 2505 testes
388 2477 425 2507 et
454 2479 645 2521 auctores3
686 2475 734 2521 II,
758 2473 849 2513 104.
870 2475 951 2521 VII,
975 2476 1043 2514 89.
1064 2475 1094 2520 Ι,
1115 2476 1154 2512 2.
1175 2472 1214 2512 5.
1245 2473 1309 2519 111,
1333 2474 1384 2511 37
1406 2472 1489 2507 coll.
1511 2472 1626 2519 11,79

143 2530 179 2560 et
199 2525 369 2576 inprimis
388 2528 435 2573 H,
454 2527 521 2579 44,
550 2530 617 2567 ubi
636 2530 790 2583 Tyrum
818 2544 858 2568 se
877 2531 967 2569 navi
997 2531 1144 2569 venisse
1165 2528 1344 2578 declarat,
1366 2528 1453 2565 coll.
1473 2529 1522 2576 Π,
1547 2529 1626 2568 106

231 2713 270 2756 ἢ
295 2713 316 2746 ι.
340 2713 361 2746 1.
386 2725 419 2757 p.
446 2716 499 2749 38.

177 2827 183 2833 1
231 2780 288 2824 *ἢ
313 2781 421 2820 Quem
447 2783 512 2834 buc
536 2795 668 2828 quoque
690 2785 827 2819 trahere
849 2786 921 2819 vult
946 2785 1059 2827 Heyse
1082 2786 1108 2818 1.
1131 2787 1153 2818 l.
1179 2796 1212 2829 p.
1236 2787 1281 2820 89
1304 2785 1411 2820 locum
1435 2785 1558 2829 111‚55
1582 2784 1626 2818 de

140 2826 288 2868 Pitana,
315 2838 390 2860 eum
417 2830 484 2862 alio
509 2835 685 2874 spectare,
709 2831 742 2865 in
767 2836 853 2866 nott.
878 2831 921 2866 ad
947 2832 979 2865 h.
1005 2831 1028 2865 1.
1056 2831 1123 2865 iam
1146 2831 1268 2865 monui.
