1839 3292
516 231 976 269 CALLIOPE.

26 345 123 391 106
184 342 317 399 ζήνιοι
346 339 419 382 καὶ
450 338 694 382 Σικυώνιοι
723 338 996 395 ἠρίστευσαν.

1034 233 1051 268 1
1062 233 1115 270 X.
1362 238 1444 277 353

1048 338 1168 383 Ἐπεί
1194 357 1239 384 τε
1279 341 1324 385 δὲ
1366 358 1444 385 κα-

183 407 447 463 τεργιέσαντο
479 408 522 449 οἱ
538 407 740 463 Έλληνες
769 408 873 459 τούς
900 408 1112 460 πολλούς,
1141 409 1244 460 τούς
1267 411 1346 464 μὲν
1367 427 1442 465 μα-

180 474 409 532 χομένους,
454 474 559 525 τούς
600 475 646 518 δὲ
683 476 755 519 καὶ
801 475 1045 531 φεύγοντας
1073 480 1160 519 τῶν
1188 477 1438 533 βαρβάρων,
1450 482 1608 520 ficGffleei
1651 485 1680 511 in
1721 474 1773 513 Sa-

181 542 259 593 τὰς
287 543 387 592 νέας
416 542 656 598 ἐνέπρησαν
699 543 771 586 καὶ
798 544 846 586 τὸ
876 548 1011 597 τεῖχος
1041 543 1178 596 ἅπαν,
1210 562 1289 600 την
1319 549 1445 603 ληΐην

153 611 550 665 Ξπροεξαγαγόντες
579 609 621 660 ές
649 610 727 653 τὸν
755 609 973 664 αἰγιαλόν·
1005 610 1077 652 καὶ
1095 612 1353 665 θησαυρούς
1381 631 1441 658 τι-

184 694 264 728 νας
290 693 518 732 χρηματων
547 672 688 731 εὖρον.

1503 347 1608 377 masse
1633 352 1771 380 barbaro

1503 389 1565 409 rum
1607 393 1655 411 εἰς
1659 387 1774 425 trisque

1501 416 1576 441 confi
1581 420 1694 451 agratis
1741 429 1775 448 ac

1500 450 1614 480 praedm
1652 457 1770 491 coacta,

1495 523 1576 542 Illum
1616 526 1667 544 rel
1673 523 1773 545 el‘tssll-

750 677 1039 733 ἐμπρήσαντες
1060 679 1105 720 δὲ
1131 677 1179 721 τὸ
1208 684 1343 734 τεῖχος
1373 685 1444 725 καὶ

184 744 262 796 τὰς
280 744 393 795 νέας,
424 742 648 787 ἀπέπλεον.
676 742 948 799 Ἀπικόμενοι
979 745 1024 787 δὲ
1053 744 1095 795 ἐς
1118 744 1274 800 Σάμον
1295 749 1338 790 οἱ
1350 747 1442 792 Ἐλ-

184 817 328 867 ληνες,
360 809 648 866 ἐβουλεύοντο
671 813 769 866 περὶ
799 811 1056 863 ἀναστάσιος
1077 816 1152 867 τῆς
1176 812 1351 870 Ἰωνίης,
1371 832 1444 858 και
1455 825 1499 859 65

183 878 269 933 ὅπη
298 877 426 933 χρεὸν
466 880 530 934 εἴη
557 883 633 936 τῆς
659 878 864 931 Ελλάδος
895 881 1155 931 κατοικίσαι,
1202 885 1278 937 τῆς
1316 882 1442 927 αὐτοὶ

181 944 403 1001 εγκρατέες
422 940 555 1002 ἦσαν·

154 1011 373 1069 3βάροισι.

345 1222 438 1272 Cap.
473 1221 566 1259 CVI.

183 1274 291 1317 Ἐπεί
303 1293 343 1317 τε
375 1277 416 1317 δὲ
437 1274 741 1329 κατεργάσαντο]
758 1278 784 1316 i.

127 1348 158 1372 e.
197 1347 275 1372 cum
313 1335 580 1385 interfecissent..
646 1335 704 1372 Cf.
752 1336 781 1383 I,

125 1390 179 1432 24
211 1398 247 1427 et
277 1390 323 1428 de
339 1392 452 1428 simili
476 1391 592 1427 verbo
623 1388 782 1443 διεργά-

127 1448 264 1494 ζεσθαι
273 1449 316 1495 V,
334 1451 387 1487 20
397 1449 525 1499 ibique
541 1453 635 1484 nott.
647 1462 782 1500 κατερ-

126 1500 317 1555 γάζεσθαι
339 1502 411 1540 hac
441 1505 597 1540 notione
627 1517 781 1555 quoque

125 1562 308 1610 reperitur
345 1559 445 1611 apud
484 1560 675 1599 Plutarch.
708 1562 781 1597 Ti-

124 1617 216 1653 mol.
229 1619 296 1657 28.
326 1617 491 1654 Marcell.
518 1619 558 1657 7.
588 1617 694 1654 Caes.
726 1620 780 1658 67

125 1673 206 1710 init.

181 1724 436 1780 ἐβουλεύοντο
479 1726 570 1779 περὶ
608 1723 781 1767 ἀναστά-

126 1797 210 1831 σιος
245 1800 282 1823 κ.
313 1800 346 1824 τ.
377 1786 425 1835 λ.]
473 1785 692 1822 Deliberant
732 1784 779 1822 de

125 1843 230 1878 Ionia
247 1840 504 1878 transferenda
534 1843 688 1893 eiusque
718 1843 781 1878 in-

127 1899 216 1934 colis
244 1898 283 1933 in
315 1911 356 1934 ea
367 1899 545 1934 Graeciae
575 1905 680 1948 parte
699 1899 781 1935 col-

126 1953 305 2001 locandis,
338 1967 434 2006 quae
459 1955 496 1989 in
521 1955 691 2004 ipsorum
721 1968 781 1991 es-

126 2018 182 2048 set
197 2017 394 2062 potestate.
450 2012 558 2047 Hanc
579 2012 681 2046 enim
701 2024 779 2048 esse

125 2064 199 2117 τήν
244 2062 461 2105 α’νάστασιν
511 2069 584 2117 τῆς
617 2063 778 2118 Ἰωνίης,

128 2124 201 2175 qua
237 2124 385 2160 incolae
422 2124 551 2160 Ioniae
588 2136 636 2159 ex
672 2125 778 2160 Ionia

126 2181 166 2216 in
196 2181 284 2216 alias
319 2187 434 2217 terras
465 2180 632 2216 translati
661 2187 778 2217 certas

126 2237 178 2272 ibi
213 2236 317 2273 sedes
347 2238 550 2286 assignatas
580 2237 777 2287 accipiant,

129 2305 215 2328 cum
231 2291 591 2343 Schweighaeusero
609 2294 664 2340 (in
682 2295 777 2332 Lex.

128 2348 281 2398 Herod.)
291 2356 425 2386 statuo.
455 2351 587 2400 Neque
597 2351 704 2386 aliter
713 2363 779 2387 ac-

130 2406 293 2454 ceperim
319 2419 405 2441 cum
426 2405 561 2442 eodem
578 2405 779 2457 Schweig-

129 2459 321 2508 haeusero,
345 2475 440 2513 quae
460 2463 555 2498 infra
575 2464 731 2513 leguntt.
721 2475 774 2500 r.

131 2513 205 2554 οὐκ
250 2514 378 2556 ἐδόκεε
404 2515 556 2571 Ἰωνίην
589 2518 776 2570 γενέσθαι

131 2568 369 2611 α’νάστατοντ
400 2587 464 2611 mm
488 2575 628 2624 placuzt
654 2575 776 2613 Iomae

129 2629 222 2665 sedes
239 2629 448 2678 relzmnquere
469 2632 588 2668 incolzs
609 2634 645 2669 in
664 2633 774 2669 aliam

129 2689 254 2722 terram
267 2686 463 2732 translatis,
477 2690 595 2735 patrio
613 2688 682 2725 solo
702 2702 776 2725 mo-

128 2744 188 2778 tis.
242 2742 315 2777 Ubi
343 2754 421 2777 non
451 2741 497 2778 de
517 2746 668 2793 captivis
692 2746 776 2782 loco

128 2811 194 2834 suo
235 2799 272 2833 vi
312 2798 425 2847 pulsis
469 2805 504 2834 et
532 2800 570 2835 in
600 2801 671 2837 alia
696 2802 779 2839 loca

181 2856 400 2891 HmzonoT.
429 2855 493 2891 IV.

600 963 680 1003 την
711 948 755 991 δὲ
782 947 944 1004 Ἰωνίην
981 946 1153 990 ἀπεῖναι
1190 953 1302 993 τοῖσι
1329 953 1441 1006 βαρ-

440 1013 662 1060 οἷδύνατον
698 1016 780 1072 γὰρ
821 1015 1022 1072 ἐφαίνετό
1065 1029 1144 1071 σφι
1183 1013 1292 1059 εἶναι
1332 1016 1440 1061 ἑωυ-

840 1221 1018 1259 traductis
1047 1235 1192 1272 sermo3
1223 1221 1296 1259 hoc
1317 1223 1418 1260 enim
1440 1231 1494 1262 est

841 1274 1117 1326 ἀνασπάστους
1148 1283 1298 1327 ποιεῖν,
1339 1287 1380 1316 ut
1408 1294 1494 1317 mo-

838 1337 906 1371 nui
936 1335 983 1372 ad
1012 1337 1085 1382 IV,
1116 1335 1217 1382 2043
1265 1335 1330 1372 sed
1362 1336 1408 1373 de
1438 1338 1494 1382 iis,

839 1393 906 1443 qui
942 1393 1026 1428 loco
1064 1399 1267 1428 moventur
1309 1405 1376 1429 suo
1415 1406 1494 1430 nou

837 1454 917 1484 tam
945 1449 984 1485 vi
1012 1446 1179 1484 adhibita
1209 1461 1323 1500 quam
1343 1462 1495 1499 persua-

837 1505 942 1540 sione
972 1510 1009 1540 et
1036 1504 1154 1540 libera
1183 1505 1391 1541 voluntate.
1434 1506 1493 1543 Cf.

835 1561 874 1608 I,
895 1563 968 1612 ⁴79.
998 1561 1078 1607 VII,
1112 1563 1190 1601 118
1221 1567 1257 1597 et
1288 1574 1384 1612 quae
1415 1561 1494 1598 dixi

836 1616 885 1653 ad
914 1618 947 1664 I,
991 1619 1061 1657 76.
1098 1619 1190 1657 178.
1249 1618 1313 1654 Sic
1351 1619 1494 1655 malam

835 1673 875 1709 in
916 1680 1062 1723 partem
1103 1674 1245 1724 accipio
1283 1673 1377 1710 illud
1407 1674 1494 1722 ἐξα-

834 1726 1100 1778 ναστήσαντες
1144 1727 1191 1768 τοὶ
1235 1728 1400 1781 ἐμπόρια
1445 1731 1494 1768 de

837 1787 1013 1837 emporiis
1028 1787 1073 1823 'vi
1099 1789 1290 1837 occupatis
1317 1794 1354 1824 et
1385 1787 1493 1825 diru-

836 1844 880 1879 tis
931 1842 1055 1894 deque
1113 1843 1246 1880 incolis
1294 1844 1366 1880 alio
1412 1851 1491 1882 tra-

838 1897 981 1946 ductis,
1012 1906 1053 1935 ut
1080 1900 1119 1945 1,
1153 1899 1243 1940 155.
1274 1901 1363 1948 Vll,
1398 1903 1493 1941 170.

834 1957 879 1991 In
910 1955 1076 1991 clausula
1104 1957 1305 2005 praeterire
1335 1969 1412 1993 non
1443 1958 1493 1993 li-

836 2018 919 2059 cet,
960 2024 1058 2063 quae
1097 2013 1241 2061 scripsit
1275 2013 1492 2050 Blomfield.

836 2069 998 2104 Glossar.
1030 2066 1076 2103 ad
1098 2067 1275 2119 Aeschyl.
1297 2071 1401 2105 Pers.
1422 2070 1489 2115 42,

829 2131 961 2161 notatu
971 2123 1088 2160 videri
1100 2123 1374 2174 dignissimum,
1387 2124 1491 2176 quod

831 2183 1005 2231 nuspiam
1028 2181 1073 2216 ab
1089 2179 1278 2232 Aeschylo
1298 2183 1337 2217 in
1359 2195 1489 2218 recen-

831 2238 956 2274 sendis
978 2239 1178 2273 Persarum
1209 2239 1324 2288 copiis
1344 2239 1488 2274 mentio

832 2295 896 2330 fiat
915 2296 1074 2341 Ionum3
1111 2295 1214 2330 cuius
1236 2294 1488 2331 causaminde

833 2349 1079 2400 repetendam
1102 2364 1179 2386 esse
1201 2358 1349 2395 censet,
1384 2350 1488 2402 quod

831 2408 975 2444 facinus
1006 2406 1207 2457 indignum
1227 2421 1382 2453 eorum,
1422 2408 1489 2458 qui

832 2462 1122 2500 Atheniensium
1161 2464 1302 2500 fuerint
1349 2464 1486 2511 coloni,

830 2532 1043 2556 memorare
1062 2521 1311 2571 Ionibusque,
1332 2521 1370 2555 in
1393 2533 1488 2570 quos

832 2578 929 2613 bene
948 2577 1089 2612 fuerint
1116 2576 1239 2612 affecti
1274 2575 1488 2612 Athenien-

830 2646 900 2679 ses,
931 2633 1080 2682 culpam
1100 2633 1286 2682 imputare
1311 2633 1486 2670 noluerit.

831 2688 893 2726 Ad
914 2689 1027 2725 verba
1043 2682 1185 2727 Ἰώνων
1206 2691 1486 2740 προκατῆσθαι

834 2745 933 2782 conf.
963 2743 1099 2782 Matth.
1129 2746 1196 2782 Gr.
1237 2746 1301 2785 Gr.
1339 2746 1377 2791 ξ.
1408 2745 1489 2786 575

835 2800 1054 2853 pag 1155.

1169 2860 1220 2897 23

1501 552 1561 576 tur.
1583 549 1774 579 Deliberatur

1502 581 1539 608 de
1565 582 1709 611 libertate
1729 585 1772 611 Ιο-

1499 623 1570 642 num
1599 616 1757 645 firmanda.

1500 649 1635 677 Insulani
1660 652 1689 678 in
1708 651 1771 678 foe-

1503 682 1557 709 dus
1577 685 1701 720 recepti.
