1839 3292
555 202 900 239 URANIA.
959 202 1087 238 VIII.
1395 204 1450 242 29

192 313 354 363 ὕδατα,
406 309 630 364 ἐντάμνων
667 309 715 353 ἐν
750 314 863 353 τοῖσι
910 311 1075 353 λίθοισι
1113 307 1356 364 γράμματα,
1394 311 1779 375 twssssffi‘gsgffugdgwfl

183 380 344 431 Ἴωνες,
376 377 629 428 ἐπελθόντες
656 381 708 434 τῇ
738 376 944 434 ὑστεραίῃ
975 376 1111 433 ἡμέρῃ
1143 377 1211 420 ἐπὶ
1240 376 1287 420 τό
1317 376 1450 432 'Ams-
1509 384 1581 406 stu

169 450 368 502 Ξμίσιον,
415 446 674 497 ἐπελέξαντο.
733 444 786 487 τά
827 445 872 487 δὲ
910 444 1140 500 γράμματα
1176 446 1276 487 τάδε
1311 445 1446 499 ἔλεγε·

192 512 388 568 ,ξἈνδρες
405 513 561 564 Ἴωνες,
594 512 649 556 ου’
668 513 831 555 ποιέετε
852 515 998 555 δίκαια
1028 513 1095 555 ἐπὶ
1125 512 1228 563 τούς
1261 512 1450 565 πατέρας

164 581 578 636 3,,στρατευόμενοι,
609 581 681 622 καὶ
710 582 789 635 τὴν
812 579 995 623 Ἑλλάδα
1035 579 1448 634 καταδουλούμενοι.

193 649 327 702 „emec
356 648 539 705 μάλιστα
559 648 636 702 μὲν
653 648 763 701 πρός
791 646 937 703 ἡμέων
964 650 1161 702 γίνεσθε·
1204 649 1239 690 εἰ
1271 649 1315 690 δὲ
1343 647 1506 702 ὑμῐνὸο

192 717 308 768 „gon
341 720 469 760 τοῦτο
509 716 566 772 μὴ
602 716 790 759 δυνατόν
819 719 1020 772 ποιῆσαι,
1057 714 1182 771 ὑμέες
1212 716 1257 759 δὲ
1288 716 1347 759 ἔτι
1377 716 1450 759 καὶ

135 879 376 929 gnificatione
404 878 507 916 idem
534 879 695 916 verbum
725 877 789 914 in-
845 877 988 928 lapides
1021 876 1302 927 significentur,
1351 877 1414 928 qui
1453 878 1505 914 ibi

134 937 306 973 venimus
335 937 395 984 VI,
425 939 492 976 73.
514 937 594 983 VII,
620 939 668 975 10
691 937 727 980 ξ.
749 937 788 975 8.

133 1013 189 1021 -
216 995 260 1028 In
291 1006 397 1045 seqq.
429 991 476 1030 va*
495 989 642 1042 πότιμα
663 988 788 1030 ὕδατα

112 1084 117 1091 ,
135 1048 181 1085 de
191 1050 232 1086 iis
244 1050 333 1086 locis
344 1049 530 1099 intelligo,
543 1062 638 1100 quae
649 1061 787 1099 aquam

133 1107 339 1155 potabilem
375 1107 619 1156 praebebant,
654 1106 787 1156 quibus

133 1163 246 1211 igitur
296 1164 484 1213 appellere
525 1163 645 1198 coacti
683 1168 789 1197 eraut

133 1220 270 1255 Persae
299 1233 329 1255 s.
360 1221 482 1266 lones,
506 1219 590 1269 qui,
623 1219 677 1253 uti
705 1230 787 1254 mos

132 1275 205 1311 fuit
233 1282 424 1322 veterum,
450 1276 675 1325 plerumque
707 1287 786 1309 nou

135 1344 179 1367 ea
199 1344 382 1383 aquarum
404 1331 523 1381 copiti,
546 1331 618 1382 qu&
632 1329 679 1365 ad
698 1331 786 1366 lou—

132 1389 238 1437 giora
256 1389 390 1423 itinera
407 1400 499 1437 opus
520 1395 584 1432 est,
605 1399 717 1422 naves
726 1387 786 1422 iu-

129 1450 357 1480 struxerant.
414 1443 477 1479 Ad
516 1450 786 1493 argumentum

130 1502 292 1550 pertinet
309 1499 502 1538 Plutarch.
524 1501 568 1537 V.
593 1497 783 1537 Themist.

128 1570 168 1606 p-
190 1559 268 1596 116
284 1558 327 1593 B.
333 1569 444 1607 ,.cap
467 1559 504 1603 9,
534 1557 599 1592 ubi
619 1557 742 1592 literas
763 1569 785 1593 a

128 1610 387 1650 Themistocle
402 1613 605 1663 insculptas
622 1620 784 1649 essetra-

130 1667 194 1716 dit,
214 1685 239 1724 ῃ
261 1666 466 1738 κατὰσσεις
487 1669 703 1722 αναγκαίας
717 1668 784 1708 καὶ

127 1740 358 1779 καταφυγας
395 1723 499 1779 ἑώρα
543 1729 626 1773 τοῖς
665 1729 783 1766 πολε-

129 1782 246 1834 μίοις.

184 1833 390 1888 ἐντάμνων
422 1837 464 1877 ἔν
493 1841 594 1878 τοῖσι
632 1839 782 1878 λίθοισι

126 1892 364 1946 γράμματα]
423 1896 527 1940 Quae
573 1903 787 1947 sequuntur

128 1952 243 1989 verba
263 1965 383 2003 usque
404 1951 453 1988 ad
474 1965 608 1989 vocem
626 1950 781 2003 ἄνδρες,

128 2020 173 2044 ea
193 2009 322 2045 omnia
340 2009 474 2045 absunt
489 2021 509 2045 a
531 2009 720 2046 Saucrofti
734 2011 783 2046 li-

126 2065 195 2101 bro
210 2065 371 2116 alioque,
389 2066 430 2100 in
447 2078 522 2116 quo
538 2073 697 2117 utroque
715 2079 782 2103 co-

128 2119 211 2158 dice
249 2134 329 2157 non
358 2122 429 2158 nisi
456 2121 550 2158 haec
579 2123 779 2172 leguntur:

125 2175 290 2242 λεγοντα
302 2173 408 2217 τάδε.
464 2178 656 2230 Equidem
666 2180 783 2216 libra-

125 2234 268 2270 riorum
295 2233 489 2271 socordiae
509 2237 672 2272 tribuere
699 2249 782 2273 ma-

124 2289 194 2326 lim
231 2303 346 2341 quam
389 2292 552 2342 glossam
589 2293 782 2344 suspicari.

125 2347 358 2383 Invenitur'
341 2362 546 2398 ενταμνειν
573 2346 782 2401 γράμματα

126 2414 236 2452 supra
250 2404 313 2452 IV,
334 2406 387 2444 87
408 2403 455 2441 de
475 2406 601 2453 Dario,
633 2407 698 2457 qui
723 2407 783 2443 la-

128 2457 245 2506 pideis
272 2460 456 2498 columnis
480 2462 604 2499 literas
624 2463 784 2514 znsculpi

127 2514 205 2549 sive
223 2516 375 2553 insecarz'
393 2515 455 2570 (ut
482 2519 609 2554 Latini
629 2532 783 2571 quoque

129 2567 277 2618 dicunt)
307 2574 423 2611 iussit.
470 2574 581 2619 Quod
600 2574 703 2612 idem
725 2583 784 2613 et-

127 2626 205 2661 iam
230 2628 420 2666 Herodoto
453 2630 588 2667 dicitur
617 2628 782 2683 ἐγκολα-

125 2696 237 2720 πτειν
256 2684 285 2729 I,
307 2687 372 2723 93.
397 2688 474 2726 187
495 2688 580 2724 coll.
602 2689 654 2723 III
673 2690 781 2725 Mac-

126 2739 208 2774 cab.
230 2740 277 2786 Π,
299 2742 364 2779 27.
398 2742 486 2778 Vim
505 2745 651 2780 articuli
677 2749 778 2784 τοῖσι

126 2794 231 2844 (ante
247 2794 428 2847 λίθοισι),
451 2810 546 2849 quae
558 2801 638 2838 taIIs
649 2808 713 2851 est,
735 2808 778 2839 ut

847 942 965 983 erant,
988 935 1086 970 bene
1106 936 1249 970 notavit
1268 934 1434 971 Sintenis
1455 934 1504 970 ad

844 992 943 1029 Plut.
982 990 1232 1027 Themistocl.
1262 992 1285 1029 9
1318 1003 1404 1040 pag.
1437 991 1504 1031 58.

843 1049 974 1098 Ipsum
992 1046 1258 1084 Themistoclis
1271 1046 1414 1083 factum
1427 1049 1505 1083 cal-

844 1105 966 1141 lidum
1008 1111 1312 1141 commemorant
1352 1111 1501 1155 praeter

844 1159 1037 1197 Plutarch.
1070 1162 1094 1199 1.
1125 1162 1152 1197 l.
1181 1162 1363 1211 Polyaen‚
1384 1162 1412 1206 I,
1436 1163 1502 1207 30,

845 1219 883 1256 6.
940 1217 1094 1254 Aristid.
1128 1219 1146 1253 I
1168 1231 1206 1266 p.
1228 1216 1309 1257 314
1339 1217 1431 1264 (ubi
1452 1217 1501 1253 cf.

843 1272 973 1310 Schol.
1002 1288 1039 1323 p.
1062 1273 1141 1313 234
1162 1275 1400 1320 hommem,
1427 1286 1502 1309 no-

841 1337 946 1366 tante
974 1329 1261 1376 Valckeuaerio,
1284 1331 1345 1365 cui
1364 1331 1500 1366 merito

841 1386 1019 1423 videntur
1029 1386 1189 1422 absurda
1202 1393 1238 1422 et
1249 1385 1503 1435 sophistarum

841 1456 947 1479 more
980 1442 1100 1489 dicta,
1130 1455 1227 1494 quae
1249 1443 1501 1479 Themistocli

841 1500 971 1536 tribuit
989 1501 1153 1535 Iustinus
1173 1501 1220 1546 ΙΙ,
1247 1502 1308 1545 12,
1330 1499 1501 1550 falsoque

841 1556 949 1602 ficta,
983 1569 1080 1607 quae
1114 1554 1338 1592 Plutarchus
1357 1557 1392 1591 ΙΙ
1412 1569 1501 1606 pag.

841 1612 921 1652 305
942 1614 1004 1660 D„
1036 1613 1119 1659 (ubi
1134 1626 1237 1648 nunc
1259 1612 1359 1648 conf.
1379 1614 1501 1664 Wyt-

839 1668 1017 1706 tenbach.
1048 1668 1312 1705 Animaclvers.
1342 1670 1389 1715 II,
1415 1672 1432 1708 1
1459 1683 1499 1719 p.

840 1727 910 1775 80)
929 1727 1055 1762 scribit
1076 1725 1123 1762 de
1144 1727 1256 1762 fiatre
1277 1724 1501 1762 Themisto-

839 1782 915 1829 elis,
937 1784 1136 1833 Agesilao,
1172 1796 1288 1834 quem
1309 1781 1356 1818 ad
1386 1785 1501 1818 Aite-

837 1840 993 1876 misium
1014 1841 1066 1877 Gr
1070 1841 1149 1876 aeci
1168 1841 1339 1876 miserint
1360 1852 1499 1891 specu-

836 1896 1011 1934 latorem.

896 1953 942 1992 οὐ
974 1951 1123 1993 ποιέετε
1154 1952 1290 1992 δίκαια
1315 1967 1350 1991 κ.
1377 1966 1410 1990 τ.
1441 1951 1499 2000 λ]

838 2009 993 2059 Spectat
1022 2009 1097 2046 huc
1125 2009 1298 2046 Eustatli.
1328 2008 1375 2045 ad
1403 2010 1499 2044 Dio-

835 2079 920 2117 nys.
954 2069 1101 2117 Perieg.
1142 2066 1237 2107 423.
1296 2067 1361 2102 Tu
1396 2066 1500 2101 conf.

839 2122 886 2159 de
906 2125 1089 2160 sententia
1110 2122 1324 2159 Herodotea
1340 2129 1434 2158 nott²
1448 2120 1498 2158 ad

837 2180 918 2227 VII,
941 2180 1007 2220 51.
1032 2180 1110 2220 150
1131 2180 1215 2217 coll.
1236 2178 1394 2215 Diodor.
1415 2179 1498 2216 Sic.

837 2238 945 2285 XIX,
975 2235 1042 2276 41.
1072 2237 1202 2274 lustin.
1233 2237 1288 2282 II,
1323 2238 1392 2279 12,
1435 2235 1498 2271 cui

838 2292 1001 2343 πατέρες
1048 2300 1136 2330 sunt
1176 2293 1378 2330 conditores.
1437 2293 1497 2327 De

836 2350 1023 2400 participii
1053 2346 1404 2400 (στρατευόμενοι)
1424 2360 1496 2384 usu

837 2407 938 2443 conf.
967 2406 1103 2443 Matth.
1124 2408 1190 2443 Gr.
1211 2407 1274 2441 Gr.
1298 2406 1334 2449 ξ.
1357 2402 1437 2444 554
1458 2421 1496 2456 γ.

837 2462 900 2499 Ad
926 2464 1061 2501 verba:
1104 2460 1205 2513 πρὸς
1235 2459 1369 2510 ἡμέων
1389 2460 1495 2512 γίνε-

839 2524 915 2559 σθε
958 2522 1107 2566 (nostris
1136 2533 1158 2556 a
1191 2518 1355 2568 partibus
1384 2519 1493 2566 state)

837 2576 914 2614 vid.
934 2578 963 2624 I,
986 2577 1051 2617 75.
1078 2574 1168 2616 124.
1199 2575 1296 2621 VIII,
1320 2577 1372 2614 60
1395 2575 1430 2619 ξ.
1452 2577 1492 2614 2.

893 2631 1010 2683 ’ὑμέες
1034 2630 1077 2670 δὲ
1098 2632 1150 2670 ἔτι
1167 2630 1234 2669 καὶ
1257 2633 1336 2670 νῦν
1360 2630 1401 2669 ἐκ
1418 2633 1492 2670 τοῦ

836 2687 958 2740 μέσον
979 2688 1077 2739 ἡμῖν
1098 2687 1231 2736 ἕζεσθε
1258 2686 1325 2726 καὶ
1346 2684 1491 2735 αὐτοὶ]

833 2748 860 2782 i.
883 2760 914 2782 e.
931 2746 1075 2782 secedite
1095 2760 1111 2782 e
1128 2758 1254 2795 pugna
1271 2747 1322 2781 ita
1342 2748 1382 2780 ut
1403 2757 1492 2780 neu-

835 2804 924 2840 trius
942 2804 1020 2840 sitis
1044 2805 1182 2854 partis,
1212 2806 1245 2840 et
1264 2801 1400 2852 quidem
1420 2813 1490 2838 non
