1839 3292
512 193 974 235 CALLIOPE.
1031 191 1111 229 IX.
1358 193 1443 232 223

190 316 300 361 λων,
329 308 369 351 εἴ
393 321 479 356 κως
503 302 689 354 τούτους
718 305 894 356 πρῶτον
921 300 1024 343 ἕλοι.
1083 295 1361 352 ὑποστρέψας
1390 299 1436 341 δὲ
1491 298 1773 361 ffi‘gnssferss'g'ssfiffi‘ffj

179 378 258 434 τήν
287 373 488 429 στρατιὴν
520 367 594 428 ἦγε
614 371 682 414 ἐπὶ
709 369 761 413 τὰ
783 370 992 426 Μέγαρα*
1021 366 1048 424 ἡ
1072 367 1118 410 δὲ
1137 368 1267 417 ἵππος
1284 370 1465 420 προελ-5
1494 370 1659 401 ⁰⁰⁰a⁸¹¹¹1¹³

161 446 336 487 Βθοῦσα
363 439 659 485 κατιππάσατο
689 438 830 494 χώρην
859 437 938 493 τὴν
966 436 1212 491 Μεγαρίδα.
1270 433 1312 486 ἐς
1342 433 1444 477 ταύ-

188 527 268 566 την
299 510 351 566 δὴ
382 508 598 552 ἑκαστάτω
640 510 715 561 τῆς
744 504 961 561 Εὐρώπης
989 504 1037 547 τὸ
1069 503 1182 557 πρός
1209 501 1335 560 ἡλίου
1366 501 1444 546 δύ-

58 593 122 640 15
187 594 343 629 νοντος
371 576 397 633 ἡ
429 573 616 630 Περσικὴ
647 573 755 629 αὕτη
786 571 963 628 στρατιή
994 571 1179 615 ἀπίκετο.
1239 570 1365 614 Μετὰ
1395 570 1441 613 δὲ
1501 633 1552 659 Pl
1691 634 1697 639 .

1525 641 1732 667 eoponnesm—

187 649 350 697 ταῦτα,
380 643 621 701 Μαρδονίῳ
651 637 758 698 ἦλθε
789 638 962 696 ἀγγελίη
992 638 1049 690 ὠς
1071 637 1190 689 ἁλέες
1220 640 1368 696 εἴησαν
1398 641 1562 693 allorum
1597 666 1758 728 ffimstum

1497 700 1594 728 iama
1649 701 1774 730 ethmum

1498 565 1552 592 sed
1570 573 1634 593 mox
1662 566 1774 593 certior

1499 599 1614 631 factus,
1647 603 1742 626 totum

131 818 179 856 ad
201 819 340 855 Coloss.
366 818 423 861 ΙΙ,
457 817 507 856 18
548 814 633 864 (ubi
651 813 783 853 θέλων
842 826 926 850 mos
988 812 1053 848 ille
1101 823 1189 847 eam
1247 810 1295 847 ob
1342 823 1499 848 causam

129 874 252 912 reddit
275 873 398 924 cupide
413 901 423 920 ,
455 872 615 919 libenter)
653 879 689 908 et
710 873 783 907 Ae·
839 876 984 906 tentare
1003 869 1135 916 voluit,
1157 866 1261 920 quod
1275 879 1353 904 non
1369 869 1502 918 magni

127 930 246 982 schyl.
269 928 440 980 Choeph.
472 931 551 969 791
587 929 672 965 coll.
701 929 784 964 Ab·
841 927 938 963 inter
974 927 1137 962 Graecos
1168 925 1354 961 aestimati
1391 926 1499 963 nullo

127 985 248 1025 resch.
286 984 569 1023 Animadverss.
607 985 662 1033 II,
719 982 784 1023 14.
839 983 918 1020 fere
949 983 1033 1019 loco
1064 981 1325 1019 habebantur:
1358 980 1404 1017 de
1425 994 1504 1033 quo

126 1043 238 1080 Unde
276 1041 378 1093 apud
410 1040 649 1078 Herodotum
669 1039 786 1091 ἐβου-

127 1096 259 1139 λεύετο
277 1099 407 1138 θέλων
430 1112 509 1135 esse
530 1099 631 1134 vult:
664 1097 786 1146 cupide

128 1156 361 1195 consultabat.
419 1157 470 1191 At
508 1155 614 1191 verbi
654 1153 787 1192 θέλων

127 1214 167 1249 in
197 1214 262 1249 illo
283 1213 423 1249 Sacrae
454 1212 672 1261 Scripturae
701 1211 786 1247 loco

129 1270 242 1306 aliam
280 1281 430 1319 prorsus
470 1281 547 1304 esse
590 1268 787 1304 notionem

129 1327 227 1372 (scil.
268 1325 434 1362 delectari
470 1324 592 1373 aliqua
622 1337 679 1370 re,
719 1324 788 1359 sihi

128 1384 166 1419 in
194 1382 318 1432 aliqua
349 1394 387 1418 re
422 1380 603 1431 placere),
635 1378 786 1415 edocuit

128 1439 244 1475 frater
263 1451 382 1486 meus,
405 1437 559 1473 Carolus
577 1434 722 1483 Baehr,
744 1436 784 1471 iu

129 1495 360 1532 Commentt.
412 1492 459 1529 ad
504 1493 614 1528 illum
654 1493 784 1529 locum

127 1564 217 1602 pag.
248 1553 351 1597 2073
389 1547 671 1600 Herodoteique
707 1549 783 1585 loci

126 1620 278 1644 sensum
303 1608 380 1642 iam
401 1605 547 1642 dudum
576 1619 783 1656 perspexe-

126 1671 183 1700 rat
202 1666 250 1702 H.
274 1661 510 1713 Stephanus,
531 1663 692 1699 verbum
713 1660 782 1701 θέ-

126 1722 205 1758 λων
239 1726 427 1756 commate
453 1720 630 1771 utrinqne
660 1718 783 1769 adpo-

126 1778 195 1813 sito
217 1789 238 1813 a
258 1777 409 1827 reliquis
422 1777 543 1812 verbis
557 1777 781 1826 seiungensr,

127 1832 231 1884 quod
291 1832 394 1869 idem
454 1840 582 1883 postea
642 1834 783 1883 placuit

128 1888 509 1939 Schweighaeusero,
556 1890 653 1926 bene
695 1902 784 1926 mo-

127 1947 235 1983 nenti
277 1947 517 1995 participium
546 1945 677 1984 θέλων
708 1947 783 1981 mi-

128 2004 231 2038 nime
261 2002 368 2052 iungi
403 2015 510 2052 posse
538 2015 626 2038 cum
666 2003 781 2039 verbo

128 2055 358 2109 ἐβουλεύετο
385 2058 564 2110 idemque
593 2059 717 2095 valere
739 2072 781 2096 ac

127 2117 159 2151 si
188 2116 322 2152 Noster
349 2114 500 2152 dixisset
528 2114 658 2154 θέλων
686 2111 782 2155 τού-

127 2186 219 2218 τους
233 2174 393 2223 πρῶτον
415 2171 527 2219 ἑλεῖν,
551 2169 779 2222 ἐβουλεύετο

131 2228 168 2266 εἴ
185 2243 264 2274 κως
286 2235 354 2265 etc.
379 2231 520 2278 cupiens
545 2229 606 2265 loos
626 2230 780 2279 primum

129 2297 266 2333 capere,
298 2285 502 2322 deliberavit
530 2299 596 2335 quo
619 2289 722 2335 pacto
743 2286 779 2323 id

129 2341 291 2389 efficeret.
331 2343 410 2378 Nec
430 2343 535 2379 aliter
554 2343 632 2379 sere
644 2341 778 2381 matth.

132 2399 196 2433 Gr.
235 2399 299 2434 Gr.
342 2399 379 2442 ξ.
403 2397 479 2438 531
523 2402 651 2439 not.2
689 2412 778 2450 pag,

134 2455 239 2493 1037
262 2455 422 2504 explicat
453 2453 585 2493 θέλων
612 2452 780 2503 τούτους

133 2507 233 2547 ἑλεῖν
272 2506 497 2559 ἐβουλεύετο
545 2508 646 2558 ’ὅκως
686 2511 778 2551 ἕλοι.

128 2564 238 2610 Quod
258 2579 376 2618 quum
396 2580 516 2604 unum
554 2581 687 2605 verum
709 2567 782 2606 ha-

126 2622 262 2669 beam,
314 2624 450 2658 retinui
497 2638 585 2661 cum
621 2633 780 2662 recentt.

127 2678 212 2717 edd.
234 2679 470 2729 participium
489 2680 631 2720 θέλων,
668 2681 779 2727 Quod

126 2737 257 2772 attinet
295 2734 342 2771 ad
388 2735 461 2772 loci
499 2746 778 2787 argumentum,

126 2793 364 2843 Megarenses
394 2794 526 2842 procul
555 2793 669 2832 dubio
697 2797 779 2846 pri-

840 1039 918 1077 vid.
959 1038 1118 1076 suidam
1139 1052 1169 1075 s.
1190 1052 1226 1076 v.
1250 1036 1364 1088 ὖμεῖς
1383 1039 1432 1075 Τ.
1449 1039 1505 1075 111

841 1111 881 1148 p.
909 1097 1002 1136 529.
1040 1094 1168 1133 Schol.
1197 1093 1362 1132 Theocr.
1397 1095 1503 1144 XIV,

842 1152 909 1192 43.
944 1153 1078 1191 Tze22.
1113 1150 1210 1188 Chii.
1231 1153 1309 1199 IX,
1342 1154 1416 1192 291
1445 1165 1503 1189 vs.

843 1212 923 1250 890
962 1222 1040 1261 seq,
1090 1207 1312 1245 Callimach.
1364 1208 1500 1258 Epigr.

842 1267 918 1313 26,
949 1266 986 1306 5.
1021 1269 1060 1306 6.
1113 1266 1218 1312 Quae
1249 1265 1373 1301 attulit
1402 1266 1501 1302 Lar·-

843 1320 991 1358 cherus.

897 1372 1182 1424 κατιππάσατο]
1196 1376 1500 1428 Schweighaeu-

840 1447 943 1471 serus
968 1436 1258 1484 interpretatur:
1288 1437 1499 1486 perequita-

840 1503 894 1537 re,
944 1493 1040 1541 equis
1071 1492 1253 1527 incursare
1302 1492 1497 1539 regionem.

837 1546 934 1583 Mihi
960 1548 1185 1599 praepositio
1224 1544 1323 1585 κατοὲ
1351 1548 1391 1582 in
1420 1546 1496 1585 hoc

837 1605 953 1641 verbo
976 1618 1060 1641 eam
1080 1605 1158 1640 fere
1178 1605 1257 1641 vim
1287 1611 1416 1640 tenere
1436 1605 1498 1641 vi-

838 1659 967 1708 detur,
998 1675 1112 1712 quam
1133 1663 1171 1697 in
1202 1662 1281 1697 aliis
1311 1660 1499 1698 eiusmodi

838 1720 1072 1768 compositis,
1093 1725 1136 1755 ut
1162 1713 1498 1767 καταστασιάζειν,

837 1778 1141 1825 καταπολεμεῖν,
1172 1775 1300 1811 notavi
1327 1773 1374 1811 ad
1395 1775 1498 1812 Plut.

839 1831 975 1883 Pyrrh.
1003 1846 1062 1883 cp.
1086 1834 1136 1872 13
1167 1845 1256 1883 pag.
1278 1832 1332 1872 50
1361 1845 1420 1883 cp.
1445 1829 1496 1872 14

838 1902 926 1940 pag.
948 1889 1012 1930 52.

896 1944 935 1992 ἐς
963 1940 1111 1995 ταύτην
1142 1941 1192 1994 δή
1215 1940 1412 1983 ἑκαστάτω
1442 1967 1493 1973 --

841 1995 1044 2051 α’πίκετοᾙ.
1059 2015 1091 2037 e.
1103 2003 1140 2037 in
1152 2002 1244 2039 hanc
1255 2015 1339 2038 sane
1352 2005 1494 2049 terram,

837 2058 1006 2108 Europae
1031 2061 1292 2095 remotissimam
1334 2070 1495 2097 occasum

837 2127 968 2163 versas,
992 2118 1087 2152 venit
1107 2116 1164 2152 laic
1181 2115 1370 2151 Persa-rum
1393 2127 1498 2151 exer-

836 2173 928 2208 citus
938 2187 950 2217 ‚-
995 2185 1073 2208 non
1118 2172 1216 2208 ultra
1263 2172 1498 2221 Megaricam

837 2228 1073 2266 occidentem
1093 2242 1220 2265 versus
1241 2229 1281 2264 iu
1301 2229 1498 2278 Europam

835 2298 1050 2336 progressos
1080 2298 1157 2321 esse
1177 2287 1310 2322 Persas
1341 2291 1498 2322 senten-

834 2344 887 2378 tia
925 2350 979 2379 est
1017 2341 1214 2379 Herodoti.
1277 2340 1341 2379 Ad
1380 2341 1497 2378 verba

837 2396 1034 2438 ἑκαστάτω
1064 2401 1134 2448 τῆς
1156 2393 1362 2450 Εὐρώπης
1393 2398 1494 2434 conf.

835 2455 968 2496 Matth.
993 2458 1058 2497 Gr.
1081 2458 1146 2493 Gr.
1170 2457 1208 2502 ξ.
1233 2458 1313 2496 340
1338 2468 1376 2508 p.
1400 2455 1495 2495 649.

1056 2546 1149 2596 Cap.
1177 2545 1264 2582 XV.

891 2618 995 2675 1ἦλθε
1018 2620 1201 2676 οἷγγελίη]
1234 2617 1338 2672 ἦλθε
1361 2635 1494 2660 omnes

833 2680 913 2716 fere
937 2680 1047 2720 codd.
1071 2681 1132 2732 (ut
1143 2682 1211 2728 IX,
1235 2679 1286 2721 14
1303 2687 1339 2717 et
1357 2682 1386 2729 Ι,
1407 2679 1493 2732 83),

836 2751 930 2789 quos
951 2751 1040 2774 cum
1060 2744 1216 2775 recentt.
1240 2736 1327 2775 edd.
1343 2744 1494 2774 secutus

832 2807 932 2832 sum.
989 2796 1051 2832 Ex
1089 2794 1228 2832 Aldina
1266 2793 1494 2833 Schaeferus
