1839 3292
35 562 102 608 84

528 261 559 297 U
590 261 623 297 R
655 260 871 295 ANIA.
929 258 1057 295 VIII.
1341 260 1423 298 115

141 374 326 429 3ῥῆσιν,
372 369 586 423 ἐσβαίνειν
624 367 794 411 ἐκέλευε
835 368 877 418 ἐς
905 365 981 417 τὰς
1020 367 1140 421 νῆας.
1197 364 1270 408 καὶ
1301 359 1425 408 οὗτοι

168 441 245 496 μὲν
264 436 317 492 δή
350 435 590 491 ἐσέβαινον,
619 436 692 478 καὶ
721 430 797 491 ἧκε
827 434 853 491 ἡ
885 433 957 478 ἀπ’
985 434 1366 490 Αἰγίνηςτριήρης,
1396 431 1426 489 ἣ

167 504 274 550 nocto?
315 502 418 554 τούς
451 505 659 553 Αἰακίδας
705 502 960 558 ἀπεδήμησε.
1026 503 1219 546 ἐνθαῦτα
1258 499 1425 557 ἀνῆγον

166 571 243 623 τοὶς
271 575 376 628 νῆας
398 569 565 622 ἁπάσας
589 573 631 614 οἱ
652 570 867 626 ”Έλληνες.
921 569 1243 626 Ἀναγομένοισι
1265 568 1310 612 δέ
1333 581 1424 624 σφι,

167 641 319 683 αὐτίκα
349 639 547 683 ἐπεκέατο
579 641 622 682 οἱ
650 637 879 694 βάρβαροι.
940 640 984 681 οἷ
1011 638 1088 693 μὲν
1111 636 1162 692 δή
1195 635 1335 679 ἄλλοιΡ
1336 635 1424 678 Ἐλ-
1480 642 1741 704 3334221238117355520

167 712 291 763 ληνες
326 707 395 750 ἐπὶ
423 706 628 762 πρύμνην
658 706 975 759 ἀνεκρούοντο,
1015 705 1088 748 καὶ
1119 703 1310 747 ὤκελλον
1346 703 1677 755 wgSOnarrationee·

166 779 295 832 νῆας·
323 773 529 831 Ἀμεινίης
560 775 605 818 δὲ
626 773 893 830 Παλληνευς,
923 772 1034 829 ἀνὴρ
1061 772 1298 829 Ἀθηναῖος,
1329 770 1426 822 ἐξα-

1481 390 1562 433 658

1481 541 1592 582 Incipit
1603 549 1703 577 pugna
1716 542 1756 571 ad

1481 576 1663 603 Salaminem
1686 576 1756 610 [in-

1481 613 1572 637 eunte
1589 613 1730 636 autumno

110 980 186 1021 vid.
210 980 345 1019 Matth.
377 983 443 1019 Gr.
465 983 531 1019 Gr.
554 983 591 1028 ξ.
614 983 706 1029 581,
728 983 764 1021 b.

110 1053 139 1076 s.
160 1052 196 1089 p.
219 1039 321 1079 1153
355 1045 390 1075 et
421 1038 468 1075 de
499 1039 578 1089 ipsa
605 1051 645 1074 re
667 1039 767 1076 conf.

112 1108 208 1146 quae
238 1096 452 1132 notavimus
489 1095 537 1132 ad
572 1095 669 1141 VIII,
701 1093 766 1134 64.

110 1152 279 1189 Verbum
291 1146 453 1202 (ἐνάγειν
475 1153 580 1201 attigi
601 1150 647 1187 ad
669 1152 766 1198 VIII,

111 1210 163 1248 60
184 1209 220 1254 §.
254 1210 290 1246 1.
347 1210 404 1244 De
441 1221 571 1258 pugna
603 1208 768 1244 Salami-

112 1265 175 1300 nia
208 1277 296 1300 cum
317 1265 475 1300 utilitate
510 1264 672 1301 conferri
696 1277 768 1313 po-

113 1322 198 1357 terit
219 1321 329 1356 Gailii
349 1321 476 1357 tabula
506 1327 677 1357 accurate
699 1319 769 1356 de-

113 1377 263 1424 lineata,
284 1378 438 1427 singulis
466 1378 556 1413 locis
577 1383 676 1412 recte
705 1377 768 1411 in-

116 1432 256 1480 dicatis,
277 1432 352 1470 vid.
374 1434 476 1470 Atlas
496 1447 551 1469 nr.
573 1436 639 1472 22.
660 1434 767 1468 Ana-

114 1489 194 1541 lyse
208 1488 272 1526 des
293 1490 417 1526 Cartes
446 1504 484 1540 p.
501 1492 568 1529 26.

284 1579 334 1615 Ca
338 1593 373 1630 p.
386 1579 600 1616 LXXXIV.

169 1655 369 1706 ἐπεκέατο]
392 1659 414 1694 i.
438 1671 470 1695 e.
495 1658 686 1705 2⁶11stabant,
702 1659 770 1694 im-

110 1716 225 1763 petum
238 1714 436 1764 faciebant,
458 1721 499 1750 ut
518 1715 580 1760 VI,
602 1714 668 1762 49,
705 1714 770 1750 ubi

115 1769 191 1808 vid.
223 1777 315 1806 nott.
336 1770 435 1810 Add.
452 1772 520 1818 IX,
543 1773 610 1810 22.

170 1825 234 1865 ἐπὶ
263 1823 450 1878 πρύμνην
480 1821 769 1877 α’νεκρούοντο]

116 1883 140 1918 ἰ.
163 1896 195 1919 e.
212 1885 250 1919 in
265 1886 410 1933 puppim
426 1884 643 1931 remigabant
669 1897 696 1919 s.
715 1896 772 1920 re-

117 1939 281 1975 cedebant
307 1940 405 1989 facz‘e
442 1942 582 1976 navium
619 1939 773 1976 hostibus

118 1995 268 2033 obversa.
292 1997 666 2045 Attigitlocutionem
686 1997 773 2033 Sui-

118 2049 182 2087 das
206 2065 234 2088 s.
252 2065 287 2089 V.
310 2053 326 2087 I
354 2066 390 2102 p.
413 2055 506 2092 826.
534 2054 587 2088 III
618 2066 654 2102 p.
677 2055 770 2092 219.

115 2108 172 2144 Ac
193 2109 290 2144 bene
310 2110 442 2159 Poppo
474 2108 521 2145 ad
551 2107 770 2159 Thucydid.

115 2165 145 2211 I,
162 2164 234 2204 50:
257 2167 441 2211 „recessio
467 2167 572 2202 navis
594 2178 682 2201 cum
703 2165 772 2200 fie-

116 2220 179 2256 bat
208 2233 316 2270 prora
339 2220 436 2258 hosti
453 2223 633 2272 opposita,
655 2228 771 2257 utna-

117 2277 170 2313 vis
186 2278 296 2313 remis
322 2276 573 2326 inhiberetur,
608 2277 647 2314 id
669 2277 773 2314 dice-

118 2332 227 2369 batur
248 2329 507 2385 οἷνάκρουσιςς
529 2336 593 2371 ubi
613 2336 771 2371 recessio

121 2401 208 2425 cum
239 2392 431 2426 aversione
459 2392 586 2428 iuncta
607 2398 697 2438 erat,
732 2390 772 2427 id

124 2446 362 2494 appellabant
384 2443 645 2499 α’ναστροφήν
662 2446 701 2483 Id
720 2454 773 2484 est

122 2502 373 2538 reversionem
402 2517 430 2542 s.
467 2503 531 2540 das
564 2502 773 2540 Umkehrt-

122 2555 297 2596 macheu.
354 2561 436 2596 Hoc
482 2559 773 2596 discernendum

124 2613 170 2648 ab
224 2611 443 2668 ἐπιστροφῇ
483 2617 561 2653 sive
607 2616 774 2653 Schwen-

123 2668 264 2717 kung.“
319 2672 400 2707 Hoc
440 2673 541 2708 enim
574 2673 773 2720 faciebant,

125 2726 189 2776 qui
210 2726 342 2761 navale
375 2728 560 2776 proelium
588 2728 775 2766 detrecta-

124 2781 215 2817 bant
256 2788 320 2817 aut
355 2781 587 2820 differebant.
661 2787 776 2821 Plura

126 2838 191 2889 qui
214 2836 418 2887 desiderat,
455 2838 563 2877 adeat
582 2841 778 2878 Hemster-

824 979 907 1019 hus.
930 980 977 1018 ad
997 980 1156 1021 Lucian.
1183 979 1330 1030 Nigrin.
1352 981 1390 1020 8.
1415 978 1481 1027 (T.

823 1040 840 1075 Ι
860 1051 946 1089 pag.
969 1041 1048 1078 239
1065 1035 1161 1089 seq.)
1195 1043 1231 1073 et
1252 1036 1412 1073 Bentlei.
1435 1034 1484 1072 ad

824 1097 953 1134 Horat,
975 1094 1099 1144 Epod.
1120 1095 1189 1141 IX,
1213 1095 1289 1133 20:
1315 1105 1412 1144 quae
1426 1099 1485 1129 at-

825 1153 909 1187 tulit
921 1150 1187 1197 Valckenaer.,
1210 1150 1275 1201 qui
1289 1148 1391 1200 quod
1405 1151 1486 1185 He-

824 1207 949 1243 rodoti
979 1208 1018 1242 in
1044 1208 1127 1243 loco
1150 1205 1214 1245 ἐπὶ
1243 1207 1382 1242 mutari
1402 1206 1486 1242 vult

823 1265 862 1300 in
898 1262 965 1310 ἔτι,
997 1270 1039 1299 ut
1069 1263 1182 1313 paulo
1212 1269 1296 1312 post
1330 1259 1487 1313 (quam-

825 1332 940 1371 quam
960 1318 1071 1356 huius
1091 1321 1163 1356 loci
1184 1320 1253 1354 alia
1265 1331 1414 1368 prorsus
1424 1331 1487 1355 ra-

824 1376 922 1425 tio),
963 1389 1051 1412 cum
1083 1377 1199 1425 vulgo
1231 1374 1376 1411 dicatur
1408 1389 1485 1425 την

826 1429 1014 1483 πρύμνηι
1028 1427 1077 1470 οἷι
1082 1428 1227 1483 ακρού
1215 1435 1353 1476 εσθαις
1381 1429 1486 1482 quod

825 1495 954 1525 tamen
985 1489 1107 1538 ipsum
1132 1501 1152 1523 e
1182 1487 1351 1537 pleniore
1381 1487 1486 1523 locu

825 1546 928 1582 tione
959 1543 1023 1583 ἐπι
1052 1559 1126 1595 την
1164 1539 1355 1594 πούμνην
1388 1538 1484 1581 οἴνα-

825 1596 1046 1653 κοούεσθαι
1099 1607 1226 1637 ortum
1274 1606 1311 1636 et
1348 1598 1487 1636 decur-

826 1665 948 1694 tatum
988 1657 1079 1694 dicit
1133 1654 1486 1706 Schweighaeuser.

826 1714 1100 1752 Valckenaerio
1123 1714 1345 1765 obloquens.
1387 1713 1487 1758 Quin

829 1771 929 1822 apud
951 1770 1080 1809 Schol.
1105 1768 1286 1821 Tlmcyd.
1308 1770 1338 1817 I,
1360 1768 1414 1810 50
1433 1771 1488 1806 le-

828 1830 928 1878 gitur
957 1826 1020 1867 ἒπὶ
1049 1843 1122 1877 την
1144 1826 1223 1876 nei
1229 1840 1333 1876 μνην
1354 1841 1489 1875 κωπη-

828 1888 969 1923 tavena.
1029 1885 1094 1920 Tu
1122 1883 1200 1921 vid..
1231 1889 1326 1920 nott.
1355 1881 1402 1919 ad
1422 1883 1487 1932 VI,

833 1944 896 1981 12.

884 1994 951 2035 καὶ
976 1991 1146 2033 ὤκελλον
1170 1991 1240 2041 τοὶς
1262 1994 1382 2045 νῆας]
1404 1994 1428 2033 i.
1452 2008 1488 2033 e.

824 2054 971 2103 propius
994 2055 1106 2088 terrae
1126 2051 1486 2100 admovebantnaves,

828 2111 866 2146 in
888 2109 1046 2160 puppim
1067 2108 1144 2144 scil.
1158 2108 1380 2158 remigando
1401 2120 1489 2144 ma-

828 2168 883 2216 gis
906 2165 1104 2215 magisque
1127 2171 1247 2200 terrae
1280 2165 1487 2214 appropin-

830 2224 1015 2274 quabant,
1058 2221 1148 2268 sive,
1178 2228 1220 2256 ut
1253 2221 1487 2270 Wesseling.

829 2279 971 2315 reddit:
1001 2277 1085 2313 litus
1103 2290 1220 2313 versus
1233 2278 1487 2328 cursumflexe-

827 2339 924 2372 runt.
946 2335 1049 2370 Alias
1072 2333 1243 2372 ὀκέλλειν
1266 2335 1387 2370 valet:
1417 2346 1487 2370 na-

829 2406 883 2428 ves
907 2395 942 2427 z'n
976 2395 1103 2426 terram
1122 2392 1320 2439 impingere,
1342 2392 1486 2434 eiicere,-

831 2462 905 2499 quo
927 2459 1038 2484 sensu
1058 2448 1193 2483 Noster
1214 2445 1309 2482 dixit
1326 2444 1487 2484 ἐποκέλ-

830 2507 913 2544 λειν
936 2510 971 2539 et
999 2501 1212 2549 ἐξοκέλλειν
1234 2503 1296 2550 VI,
1322 2504 1384 2542 16.
1406 2502 1487 2550 VII,

836 2563 912 2600 182
933 2560 997 2596 ubi
1018 2559 1067 2595 cf.
1086 2566 1182 2596 nott.

884 2612 1080 2667 Ἀμεινίης
1133 2611 1175 2661 δὲ
1221 2610 1486 2665 Παλληνεύς]

829 2671 945 2708 Idem·
974 2672 1073 2715 VIII,
1110 2672 1176 2710 93.
1234 2668 1349 2720 Apud
1385 2671 1488 2708 Plut.

831 2727 1081 2765 Themistocl.
1118 2723 1170 2765 14
1199 2724 1265 2762 fin.
1294 2738 1383 2776 pag.
1415 2728 1489 2766 119

832 2787 878 2821 D.
908 2789 1064 2821 vocatur
1093 2777 1288 2831 Ἀμεινίας
1319 2781 1342 2821 ὁ
1368 2786 1490 2821 Δεκε-

833 2837 945 2888 λεῦςε
976 2851 1092 2891 quem
1112 2837 1277 2874 eundem
1311 2837 1490 2890 Aeschyli

1142 2891 1205 2935 8*
