1839 3292
389 179 474 220 27⁰

790 179 1248 218 HERODOTI

386 288 575 346 ,,με’νους
609 287 976 345 διαπρήσσεσθαι,
1017 291 1249 340 ποιεῦντας
1270 289 1393 334 τάδε·
1433 290 1541 346 ἔχειν
1572 289 1656 347 γὰρ

388 357 580 414 ,,χρυσόν
608 355 772 400 πολλὸν
797 355 877 410 μὲν
906 355 1139 410 ἐπίσημον,
1177 357 1341 401 πολλὸν
1371 360 1417 403 δὲ
1455 360 1528 404 καὶ
1557 358 1659 417 ἄση-

390 442 525 482 ,,μον,
566 422 733 468 πολλόν
778 422 824 466 δὲ
862 424 936 468 καὶ
971 422 1170 479 ἄργυρόν
1208 440 1253 468 τε
1288 426 1363 469 καὶ
1401 427 1715 484 ἐκπώματα·35

391 493 590 547 ,,τούτων
627 491 915 548 φειδομένους
944 491 1150 548 μηδενὸς,
1186 493 1440 548 διαπέμπειν
1478 496 1520 546 ἐς
1552 496 1660 548 τούς

389 562 648 618 ,ζἘλληνας,
679 558 897 616 Ἑλλήνων
926 561 972 604 δὲ
1001 560 1187 615 μάλιστα
1221 561 1262 611 ἐς
1291 561 1396 612 τούς
1420 568 1662 616 προεστεῶ-

390 646 494 682 ,,τας
524 629 572 672 ἐν
599 632 698 686 τῇσι
727 628 898 672 πόλισι·
928 628 1000 672 καὶ
1029 629 1186 684 ταχέως
1216 628 1353 683 σφέας
1380 630 1662 684 παραδώσειν

391 696 498 753 ,,τὴν
511 698 776 753 ἐλευθερίην,
797 697 904 753 μηδὲ
917 695 1281 740 ἀνακινδυνεύειν
1292 697 1661 754 συμβάλλοντας.“

361 768 384 806 4
398 764 571 809 Τούτου
599 766 678 820 μέν
697 782 782 809 νυν
811 765 839 821 ἡ
862 763 969 822 αὐτὴ
986 765 1147 820 ἐγίνετο
1169 766 1242 808 καὶ
1262 768 1467 823 Θηβαίων
1493 768 1657 824 γνώμη,
1673 772 1718 810 4ο

392 831 451 884 ὥς
480 832 735 888 προειδότος
763 837 899 876 πλεῦν
928 850 970 876 τι
997 833 1071 876 καὶ
1090 832 1265 877 τούτου.

1326 837 1597 888 ,Μαρδονίου
1616 837 1662 880 δὲ

394 901 646 960 ἰσχυροτέρη
674 918 719 946 τε
745 902 818 946 καὶ
835 899 1209 960 ἀγνωμονεστέρη,
1240 902 1314 946 καὶ
1339 902 1542 960 οὐδαμῶς
1562 915 1662 961 συγ-

334 1103 404 1141 per
414 1087 518 1127 dedit
528 1091 682 1126 Reuter.
696 1082 1000 1123 adDemosthen.

332 1145 502 1197 Philipp.
522 1148 541 1182 I
562 1147 600 1192 §.
622 1146 672 1184 31
697 1156 785 1194 pag.
799 1145 865 1183 62.
888 1141 999 1189 Quod

331 1203 447 1254 paulo
468 1203 566 1239 infra
593 1201 732 1251 legitur
764 1198 1001 1251 διαπέμπειν

333 1266 409 1297 est:
427 1259 602 1298 dimittere
617 1260 658 1296 in
673 1257 795 1295 varias
815 1258 895 1298 scil,
908 1269 1000 1307 par-

331 1323 403 1355 tes.
491 1317 594 1363 Quos
633 1312 697 1351 hic
744 1321 856 1352 vocat
903 1309 1000 1360 τούς

331 1376 626 1425 προεστεῶτας,
658 1384 722 1408 eos
750 1372 827 1417 IX,
853 1373 880 1411 2
909 1369 1000 1408 dicit

332 1427 428 1477 τούς
447 1425 779 1474 δυναστεύοντας.

392 1485 422 1538 ἦ
450 1482 554 1538 αὕτη
577 1486 726 1538 ἐγίνετο
753 1482 820 1522 καὶ
845 1482 1000 1535 Θηβαί-

336 1557 392 1583 ων
415 1538 571 1596 γνώμη]
604 1543 705 1580 Olim
731 1539 903 1594 ἐγένετο,
936 1541 999 1576 iu-

332 1601 418 1638 vitis
440 1599 551 1637 codd.
600 1601 658 1636 De
679 1604 904 1648 argumento
925 1598 1000 1634 loci

334 1657 388 1694 sic
415 1657 792 1704 Wesselingz‘us:
824 1653 929 1702 „Adi
950 1653 999 1690 ad

334 1715 414 1762 IX,
445 1717 486 1754 2.
534 1715 650 1750 Putes
681 1726 729 1749 ex
756 1710 1000 1763 praecedeuti

335 1771 611 1808 consultatione
633 1777 671 1806 et
693 1769 873 1806 Artabazi
893 1769 998 1814 (lau-

335 1826 518 1865 datissimi
546 1829 618 1866 viri
644 1827 730 1863 Lib.
752 1826 860 1873 vm,
902 1825 997 1873 121)

334 1886 543 1933 sententia,
590 1884 751 1920 uberem
791 1883 870 1918 iam
915 1888 1000 1918 tum

334 1940 576 1993 proditorum
590 1943 630 1977 in
647 1940 829 1978 Graeciae
843 1939 999 1975 urbibus

334 1999 539 2049 pullulasse
559 2004 810 2049 proventum:
834 1997 899 2048 qui
913 1996 1001 2047 qui-

335 2054 427 2092 dem
455 2057 641 2093 succrevit
672 2054 874 2092 laetissime
904 2051 1001 2088 Phi-

333 2113 428 2163 lippi
472 2111 693 2149 Macedonis
742 2123 856 2158 aevo,
905 2115 1000 2146 teste

333 2168 585 2206 Demosthen.
626 2182 696 2220 pro
738 2168 878 2205 Corou.
907 2179 997 2217 pag.

337 2225 417 2266 145
459 2225 565 2277 [pag.
597 2225 705 2273 245,
748 2227 799 2265 16
835 2222 996 2273 Reisk.],

334 2283 401 2319 ubi
421 2291 548 2319 orator
565 2295 644 2318 nou
666 2281 860 2328 diffitetur,
882 2293 994 2331 supe-

334 2339 435 2376 riore
475 2339 662 2376 memoria
709 2336 815 2374 haud
857 2349 998 2388 paucos

336 2397 462 2435 fuisse.
522 2397 623 2441 Quin
643 2393 838 2432 Herodoto
858 2393 999 2430 horum

337 2451 481 2505 aliquid
516 2453 743 2498 suboluerit,
787 2450 892 2488 haud
925 2464 1001 2487 ne-

337 2510 549 2559 gaverim.“
607 2511 664 2546 Ac
684 2522 774 2546 sane
792 2509 909 2546 verba
929 2506 1001 2544 ad-

338 2566 435 2602 iecta
455 2568 530 2604 tale
551 2566 655 2619 quid·
675 2565 843 2602 iudicare
863 2564 1000 2602 viden-

337 2628 420 2659 tur:
462 2622 515 2670 ὥς
542 2619 776 2676 προειδότος
806 2625 930 2661 πλεῦν
961 2635 1001 2661 τι

337 2677 406 2718 καὶ
429 2677 573 2718 τούτου
606 2682 631 2718 i.
654 2694 688 2717 e.
709 2683 749 2716 ut
778 2681 840 2729 qui
867 2679 1000 2727 (Arta-

337 2735 470 2782 bazus)
510 2738 616 2774 etiam
643 2737 795 2787 amplius
826 2736 911 2786 quid
937 2735 1000 2773 illo

335 2791 573 2843 (Mardonio)
617 2793 848 2844 praeviderat
886 2806 915 2832 s.
955 2798 998 2829 ut

1053 1085 1120 1138 qui
1159 1085 1304 1122 maiora
1342 1084 1438 1123 adeo
1489 1100 1606 1139 quam
1652 1087 1717 1124 ille

1053 1141 1291 1193 praeviderat
1319 1150 1449 1179 mente
1470 1150 1584 1195 atque
1605 1157 1717 1194 prae-

1054 1200 1234 1247 sciverat3
1250 1205 1291 1235 ut
1306 1211 1516 1250 sanequam
1528 1200 1592 1236 ille
1608 1213 1717 1237 com-

1055 1257 1243 1293 mercium
1291 1255 1487 1307 quoddam
1542 1255 1718 1294 habuisse

1055 1312 1230 1350 videatur
1260 1326 1350 1349 cum
1382 1314 1536 1350 Graecis
1559 1314 1718 1365 quibus-

1055 1368 1169 1418 dam,
1203 1370 1267 1422 qui
1300 1371 1341 1405 iu
1370 1371 1527 1420 singulis
1555 1372 1717 1408 civitati—

1056 1427 1126 1464 bus
1164 1428 1332 1463 multum
1372 1428 1574 1478 pollentes,
1618 1428 1718 1465 clam

1057 1497 1147 1521 cum
1179 1485 1295 1520 Persa
1322 1491 1584 1534 transegerant
1617 1486 1719 1523 eius-

1057 1554 1131 1594 que
1153 1548 1276 1591 partes
1293 1541 1464 1591 amplexi
1493 1548 1615 1578 erant.

1113 1595 1343 1649 ἰσχυροτέρη
1372 1612 1413 1636 τε
1437 1596 1503 1636 καὶ
1533 1593 1718 1650 ἄγνωμο-

1055 1653 1240 1705 νεστέρη,
1271 1652 1339 1692 καὶ
1362 1649 1551 1705 ου’δαμῶς
1584 1666 1718 1706 συγγι-

1055 1709 1306 1762 νωσκομένη]
1330 1708 1468 1763 γνώμη
1488 1709 1718 1763 ἰσχυροτέρη

1057 1767 1193 1805 dicitur
1223 1769 1341 1805 acrior
1378 1769 1586 1817 sententia,
1625 1780 1718 1817 gra—

1055 1827 1152 1873 vior,
1180 1831 1222 1861 ut
1242 1825 1331 1872 VII,
1356 1827 1435 1864 102
1466 1820 1625 1875 ἰσχυρὸς
1652 1819 1718 1864 νό-

1058 1897 1132 1933 μος
1152 1888 1189 1918 et
1208 1880 1280 1928 IV,
1317 1881 1397 1922 205
1424 1880 1581 1933 ἰσχυραὶ
1596 1895 1718 1932 τιμω·

1057 1939 1140 1991 ριάι
1160 1939 1247 1975 coll.
1267 1939 1305 1986 1,
1327 1936 1401 1983 743
1424 1933 1718 1990 ἀγνωμονεστέ-

1058 2011 1108 2047 ρη
1138 2003 1193 2033 est
1213 1996 1466 2043 arrogantior,
1489 1994 1654 2044 ferocior,
1676 2000 1718 2031 ut

1057 2050 1444 2102 Schweighaeuserus
1489 2052 1719 2102 interpreta-

1057 2116 1137 2157 tur3
1158 2116 1200 2146 tu
1222 2108 1323 2145 conf.
1346 2107 1393 2145 de
1413 2109 1570 2144 nomine
1592 2104 1717 2159 οἷγνω-

1058 2161 1236 2217 μοσύνης
1260 2171 1354 2201 nott.
1389 2164 1435 2200 ad
1455 2165 1535 2212 IX,
1565 2162 1603 2203 4.
1634 2164 1715 2211 VH,

1053 2225 1078 2263 9
1100 2224 1137 2268 ᾗ.
1159 2225 1198 2262 2.
1223 2217 1410 2271 ου’δαμῶς
1448 2232 1717 2272 συγγινωσκο-

1055 2277 1153 2331 μένη
1186 2278 1322 2315 dicitur
1356 2279 1542 2314 sententia
1580 2279 1718 2314 minime

1054 2337 1253 2373 conveniens
1272 2347 1348 2372 cum
1367 2334 1472 2381 aliis,
1501 2335 1641 2371 mz'nime
1660 2347 1715 2371 ce-

1054 2393 1162 2429 dens:
1201 2392 1248 2429 de
1277 2404 1353 2443 quo
1391 2391 1493 2429 conf.
1534 2397 1629 2428 nott.
1668 2389 1717 2427 ad

1053 2451 1147 2496 Vll,
1193 2451 1261 2494 123
1291 2449 1357 2485 etsi
1386 2446 1459 2485 hoc
1488 2446 1718 2498 displicuisse

1054 2506 1167 2544 video
1189 2506 1286 2542 Gail.
1316 2506 1389 2553 (Le
1408 2504 1541 2555 philol.
1570 2505 1604 2541 V
1627 2516 1716 2554 pag.

1056 2564 1181 2612 253),
1218 2563 1283 2613 qui
1311 2562 1457 2613 reliqua
1485 2562 1538 2598 sic
1574 2562 1716 2597 Gallice

1056 2618 1250 2657 reddenda
1298 2626 1428 2669 putat:
1479 2621 1558 2668 trop
1583 2617 1715 2668 ferme,

1054 2680 1131 2727 trop
1160 2678 1367 2726 energz'que,
1400 2679 1478 2726 trop
1515 2687 1584 2724 peu
1609 2674 1716 2724 re'fle‘-

1055 2734 1124 2772 chi.
1142 2754 1198 2761 —
1228 2735 1333 2779 Quae
1354 2731 1456 2782 apud
1476 2728 1715 2767 Herodotum

1054 2797 1266 2844 sequuntur
1303 2790 1443 2829 verba:
1481 2785 1634 2828 δοκέειν
1674 2800 1716 2826 τε
