1839 3292
539 205 994 243 CALLIOPE.

1052 209 1070 243 I
1081 209 1132 245 Χ.
1373 215 1454 254 325

212 315 355 355 Ταῦτα
397 311 476 365 μὲν
532 313 793 368 Παυσανίην
831 313 995 370 λέγεται
1038 316 1170 358 εἰπεῖν
1209 316 1317 370 πρὸς
1361 321 1462 371 τούς

74 371 140 417 83
203 378 470 432 στρατηγούς
502 383 590 421 τῶν
623 378 848 434 Ἑλλήνων.
916 381 1105 439 ’Τστέρῳ
1134 381 1279 439 μέντοι
1318 388 1460 444 χρόνῳ

202 444 306 499 μετὰ
335 449 469 488 ταῦτα
499 447 572 489 καὶ
600 450 685 489 τῶν
717 446 971 490 Πλαταιέων
991 444 1122 504 εὗρον
1145 452 1296 506 συχνοὶ
1315 452 1455 508 θήκας

200 516 365 567 χρυσοῦ
400 513 472 556 καὶ
501 512 701 568 ἀργύρου
729 514 803 557 καὶ
831 518 918 556 τῶν
939 513 1084 558 ἄλλων
1118 518 1362 573 χρημάτων.
1392 520 1451 562 Ἐ-
1464 529 1506 562 10

175 579 327 635 Ξφάνη
359 580 403 622 δὲ
432 581 504 623 καὶ
532 580 630 623 τόδε
658 579 843 634 ὕστερον
882 581 942 625 ἔτι
970 583 1148 635 τούτων,
1176 588 1265 628 τῶν
1293 592 1457 643 νεκρῶν
1514 593 1596 630 730

199 648 584 701 περιψιλωθέντων
619 646 696 698 τοίς
736 648 922 702 σάρκας·
973 649 1242 706 συνεφόρεον
1276 654 1358 709 γὰρ
1402 656 1453 698 τά

200 713 327 758 ὀστέα
367 716 410 758 οἱ
448 714 680 766 Πλαταιέες
715 714 759 767 ἐς
788 714 863 759 ἕνα
889 718 1060 772 χῶρον·
1099 715 1257 776 εὑρέθη
1287 721 1451 779 κεφαλὴ

142 924 293 964 quoque
306 953 309 957 ¹
321 917 358 947 et
384 911 568 962 reliquam
584 910 800 960 supellecti-

137 969 216 1004 lem
233 969 434 1018 pretiosam
455 973 559 1003 notat
579 965 797 1017 Schweigh.

137 1025 177 1060 in
214 1026 307 1065 Lex.
330 1022 471 1060 Herod.
509 1045 555 1050 —
615 1025 659 1059 In
689 1037 794 1076 seqq.

137 1080 365 1117 adiectivum
399 1076 552 1129 ὄϊζυρός
584 1078 793 1127 (aerumno-

137 1151 218 1185 sus,
248 1140 380 1183 miser)
432 1137 677 1171 Homericum
718 1143 790 1184 est3

136 1193 212 1231 vid.
228 1195 272 1230 ll.
293 1194 323 1240 I,
339 1192 433 1232 417.
445 1193 549 1238 XIII,
566 1191 789 1240 569.XV11,

135 1249 230 1290 446.
263 1248 393 1300 Odyss.
419 1250 486 1293 III,
509 1247 576 1288 95.
610 1249 673 1295 IV,
699 1250 789 1288 197.

134 1305 231 1346 325.
288 1308 344 1342 De
384 1311 608 1355 argumento
635 1305 708 1340 loci
738 1306 789 1341 sic

141 1362 432 1409 IVesseling.:
481 1359 695 1408 „Mardonii
719 1360 787 1396 de-

133 1419 236 1455 licias
259 1425 294 1455 et
316 1417 548 1468 superfluum
564 1416 787 1467 adparatum

132 1476 349 1521 Pausanias,
388 1487 466 1510 non
502 1474 662 1509 absentis
690 1475 786 1509 Per-

131 1545 260 1569 sarum
279 1531 395 1580 regis‚
426 1530 642 1580 perstringit
662 1536 699 1566 et
725 1536 785 1566 ta-

130 1595 209 1625 xat.
265 1586 452 1624 Additum
487 1582 590 1625 οὕτω
622 1582 784 1637 οἰζυρήν

130 1642 288 1695 ἔχοντας
316 1643 496 1690 δίαιταν,
525 1643 707 1689 irruenti,
741 1649 784 1680 ut

129 1700 342 1737 ferocientis
375 1701 561 1749 impetum
599 1699 782 1749 sisterent,

131 1758 264 1794 Carolo
276 1755 421 1792 Audaci
431 1756 552 1792 testati
562 1754 608 1791 de
618 1768 656 1791 se
672 1768 784 1792 suae-

130 1826 205 1864 que
245 1814 408 1863 regionis
446 1811 578 1848 habitu
621 1812 784 1848 Helvetii

127 1870 300 1913 fuerunt,
338 1868 474 1905 eodem
502 1869 684 1905 Comineo
718 1869 782 1905 lib.

128 1927 161 1963 V
189 1940 222 1963 c-
263 1928 299 1965 1.
334 1927 493 1961 Memor.
522 1923 783 1974 perhibente.“

296 1982 386 2032 Cap.
406 1982 625 2019 LXXXIII.

183 2034 336 2090 ὒστέρῳ
368 2036 501 2088 μέντοι
526 2034 656 2090 χρόνῳ
685 2033 779 2087 μετὰ

126 2094 262 2145 ταῦτα]
273 2097 357 2131 Duo
368 2101 561 2130 extremae
576 2106 685 2130 voces
694 2106 780 2128 ma·-

125 2153 162 2189 le
182 2152 228 2188 ab
247 2164 324 2188 uno
345 2150 426 2187 cod.
448 2151 593 2189 absunt.
639 2149 694 2187 Cf.
709 2150 779 2196 IX,

126 2206 192 2248 64.
216 2207 282 2247 85.
298 2209 341 2243 In
362 2220 466 2258 seqq.
480 2202 612 2257 θήκας
633 2207 778 2255 χρυσοῦ

128 2262 222 2300 dixit
241 2276 326 2301 vasa
342 2277 371 2302 s.
393 2277 496 2300 arcas
514 2276 600 2299 auro
617 2262 776 2312 repletas.

184 2317 312 2369 ἐφάνη
334 2317 375 2358 δὲ
407 2317 472 2358 καὶ
496 2315 587 2359 τόδε
611 2315 776 2370 ὕστερον

132 2372 206 2412 ἔτι
244 2374 393 2414 τούτων
426 2391 462 2414 κ.
494 2391 528 2414 τ.
564 2372 627 2426 L]
662 2373 716 2413 ἔτι
756 2388 777 2410 e

129 2429 372 2468 Valckenaer.
387 2433 599 2469 coniectura
612 2431 776 2481 positum

131 2499 198 2536 pro
206 2488 306 2536 vulg.
321 2487 396 2536 ἐπὶ,
409 2488 511 2539 quod
531 2501 620 2524 cum
632 2486 777 2524 Sohae-

129 2542 209 2578 fero
228 2549 352 2580 tuetur
368 2543 577 2592 Bekkerus,
599 2543 778 2596 quodque

129 2596 191 2634 hic
220 2605 315 2635 stare
343 2612 448 2649 posse
482 2613 593 2650 nego.
661 2602 778 2637 Recte

130 2655 633 2693 enimValclcenaerius:
657 2663 778 2705 υῒωη,

125 2714 247 2761 postea
282 2711 434 2759 demum,
482 2712 625 2750 nudatis
673 2725 781 2750 carne

127 2767 376 2816 cadaveribus,
426 2768 631 2818 adparuisse
678 2764 780 2818 τότε,

1516 387 1733 416 Posteriorihus

1511 429 1572 480 13¹3?
1577 423 1785 488 ‘'stffitttttffizff·

1513 487 1713 521 auri,argenti
1725 493 1782 516 etc.

1509 528 1526 545 a
1562 520 1784 548 Plataeensibus

1507 552 1615 580 ibidem
1624 558 1782 589 repertum.

1510 642 1718 670 Memorabilia
1733 644 1782 670 ob-

1510 675 1583 710 lata,
1616 684 1681 703 cum
1716 677 1782 703 Pla-

1509 711 1644 736 taeenses
1672 711 1781 736 occiso-

1508 750 1575 769 rum
1609 751 1677 770 ossa
1694 751 1782 770 unum

1508 775 1538 801 in
1556 776 1653 804 locum
1673 784 1779 811 conge>

1506 813 1618 837 retent.

854 923 994 962 nempe
1018 911 1070 960 id,
1105 911 1208 965 quod
1229 911 1277 950 de
1292 917 1412 953 cram'o
1433 918 1508 955 sine

852 971 977 1005 sutura
999 976 1035 1005 et
1065 969 1111 1005 de
1141 971 1291 1008 maxilla
1322 971 1504 1022 proditur,

852 1026 1036 1061 sententia
1052 1024 1268 1064 declararet.
1283 1028 1307 1047 “

907 1079 1086 1131 κεφαλήν
1109 1078 1182 1121 οὔκ
1204 1082 1346 1134 ἔχουσα
1366 1082 1503 1136 ῥαφὴν

850 1131 1066 1189 οὐδεμίαν]
1110 1139 1135 1175 i.
1157 1152 1190 1176 e.
1212 1144 1318 1189 caput
1340 1144 1501 1180 suturam

846 1192 974 1229 liabens
992 1194 1139 1242 nullam,
1168 1201 1209 1231 ut
1230 1196 1331 1246 apud
1350 1198 1500 1235 Aelian.

845 1249 891 1287 N.
922 1250 970 1288 A.
1001 1251 1063 1297 IV,
1096 1249 1161 1295 34,
1191 1252 1256 1288 ubi
1285 1252 1333 1289 cf.
1354 1254 1500 1294 Iacobs.

844 1304 945 1344 Add.
978 1307 1118 1342 Pollux
1151 1308 1198 1354 II,
1232 1310 1296 1348 37.
1328 1310 1407 1357 VH,
1431 1311 1498 1349 81.

843 1360 1088 1398 Valckenaer.
1130 1364 1310 1400 excitarat
1369 1367 1498 1403 locum

842 1416 1050 1468 Theophili
1084 1419 1378 1469 protospatharii
1420 1422 1497 1469 (De

840 1472 982 1510 fabrica
1013 1475 1125 1523 Corp.
1158 1477 1273 1512 Hum.
1300 1476 1366 1514 lib.
1388 1478 1449 1524 IV,
1471 1477 1498 1517 4

839 1529 880 1565 in
898 1531 1044 1568 Fabric.
1067 1531 1163 1569 Bibl.
1191 1532 1324 1569 Graec.
1349 1533 1399 1570 T.
1422 1534 1496 1569 XII

839 1599 877 1635 p.
917 1587 1025 1635 858)
1063 1586 1284 1624 affirmantis
1321 1586 1498 1638 κεφαλάς

840 1637 1049 1694 οἷρροἷφους
1069 1645 1142 1680 sine
1160 1644 1238 1681 ulla
1261 1647 1399 1693 sutura,
1434 1646 1497 1682 in-

838 1704 896 1735 ter
923 1712 1004 1735 ossa
1033 1700 1184 1750 proeliis
1205 1699 1439 1738 deiectorum
1460 1709 1498 1740 et

840 1757 1224 1806 computrescentium
1241 1757 1286 1793 ab
1302 1759 1497 1809 scriptori-

838 1811 908 1848 bus
952 1819 1099 1862 reperta
1127 1815 1342 1851 memorari.
1402 1815 1495 1859 Qui-

838 1868 908 1904 bus
929 1866 1093 1919 denique
1117 1868 1235 1917 addo,
1266 1869 1368 1920 quod
1394 1872 1495 1906 Har-

840 1922 945 1960 duin.
975 1923 1023 1960 ad
1052 1925 1151 1963 Plin.
1183 1927 1232 1964 H.
1264 1928 1312 1963 N.
1340 1927 1408 1973 XI,
1438 1929 1489 1966 37

838 1980 889 2016 T.
910 1981 927 2015 Ι
947 1994 984 2030 p.
1007 1980 1087 2021 615
1119 1980 1322 2028 adnotavit,
1355 1983 1495 2018 Alber-

836 2042 933 2084 tum,
962 2034 1222 2073 Marchionem
1246 2037 1491 2075 Brandebur—

835 2105 1004 2142 gensem,
1036 2106 1151 2144 quem
1180 2095 1405 2130 Germaniae
1432 2095 1489 2130 A-

835 2148 988 2185 chillem
1017 2150 1226 2198 vocitarint,
1249 2162 1348 2186 anno
1383 2147 1487 2190 1414

832 2219 871 2256 p.
893 2204 982 2244 Chr.
1006 2212 1152 2250 natum,
1173 2212 1286 2255 caput
1314 2204 1488 2242 habuisse

832 2263 968 2299 suturis
988 2274 1166 2300 vacuum.
1215 2263 1318 2298 Haec
1339 2261 1487 2298 dudum

834 2319 1151 2367 conscripseram,
1193 2331 1312 2370 quum
1352 2319 1490 2367 insigni

832 2373 1071 2411 humanitate
1091 2376 1195 2412 Ioan.
1220 2373 1388 2411 Schulzii
1410 2375 1490 2411 Viri

831 2432 1057 2467 Perillustris
1084 2437 1120 2468 et
1147 2432 1397 2467 Borussorum
1426 2443 1489 2466 re-

833 2489 888 2537 gis
905 2500 926 2523 a
939 2486 1099 2523 consiliis
1119 2487 1258 2523 intimis
1278 2485 1326 2523 ad
1346 2498 1407 2522 me
1420 2485 1489 2522 de-

833 2545 908 2580 lata
923 2550 1009 2580 sunt
1025 2541 1166 2579 Starkii
1195 2543 1377 2579 Analecta
1403 2555 1487 2578 me-

835 2598 919 2635 dica
946 2612 994 2635 ex
1021 2605 1112 2635 vett.
1141 2599 1281 2649 scriptt.
1305 2611 1384 2635 non
1402 2612 1488 2635 me-

835 2654 939 2701 dicis,
960 2655 1025 2691 ubi
1040 2653 1079 2691 h.
1095 2655 1120 2691 l.
1142 2655 1291 2692 uberius
1309 2661 1488 2692 tractatur

837 2709 967 2762 (lenae
986 2712 1104 2758 1828,
1124 2708 1178 2758 4.)
1209 2712 1250 2747 in
1278 2711 1487 2748 Continua-

835 2769 938 2805 tione
963 2773 1096 2819 quarta
1125 2767 1164 2813 ξ.
1188 2768 1237 2810 19
1257 2781 1335 2822 seq.
1376 2767 1484 2816 Quod
